3840 6098
96 278 156 355 ms'
462 276 1380 363 exnosrrromsrrsnnum.-rvsmsuanaou
1686 270 1740 357 lob

96 425 305 495 tranquillitate
314 426 508 497 iudicaslSap.
520 431 579 503 κιρ),
589 427 622 485 In
632 430 684 487 hoc
694 430 755 485 loco
766 431 1016 502 proponitAmodi
1032 451 1038 485 :
1055 434 1134 489 Sicut
1148 450 1199 504 per
1213 435 1303 488 Adam
1319 435 1464 505 peccatum
1478 437 1506 487 et
1521 446 1597 487 mors
1612 428 1739 495 intravit,

95 512 149 569 sibi
173 512 273 579 beatus
301 517 477 591 Augustinus
497 519 690 593 quaestionem,
713 519 809 575 dicens
833 521 896 591 :Si,
940 519 1201 593 itaperCluistum
1222 520 1501 593 justificatioctvita
1525 528 1632 575 aeterua
1652 518 1738 573 venit.

96 602 199 677 inquit,
216 603 246 660 in
260 604 397 678 sanguine
418 607 557 681 passionis
579 608 643 665 Filii
665 608 715 663 Dei
739 611 898 683 accepimus
939 607 1373 683 Propterea,inquitltpostolus,
1382 609 1554 675 reconciliati
1562 625 1660 669 sumus
1668 607 1738 681 Deo,

96 686 292 757 remissionem
303 701 491 767 peecatorum,
503 712 559 753 noa
578 713 690 753 necesse
700 702 744 753 est
757 704 789 755 ut
805 699 897 772 bapti.
939 698 1086 772 quiasicut
1097 716 1148 772 per
1161 716 1250 756 uuum
1264 701 1407 755 hominem
1421 700 1511 755 Adam
1526 699 1557 753 iu
1568 697 1644 756 hunc
1658 712 1740 769 muu-¹

97 776 501 857 remur:etsiinbaptismate
519 787 678 859 accepimus
689 788 895 859 remissionem,
937 785 1016 851 dura,
1026 788 1055 841 id
1064 789 1143 842 estin
1154 789 1366 845 universitatem
1377 789 1490 860 generis
1499 787 1617 857 humani
1627 790 1738 858 (pratas

98 866 620 941 etmundamurabo'mnihussordibus
630 876 897 949 vitiorumquidne·
938 874 1080 935 Christum
1092 876 1139 947 qui
1154 877 1189 931 de
1201 877 1330 948 supernis
1345 882 1397 945 est)
1413 881 1559 948 {saccatum
1574 875 1741 949 intravitet

99 948 235 1029 mssehdt
244 952 388 1023 Christum
398 960 476 1033 pati?
486 962 576 1027 Quam
588 965 771 1034 quaestionem
787 966 828 1021 ita
838 966 897 1023 dis·
937 981 987 1036 per
1001 969 1147 1035 peccatum
1162 981 1238 1020 mors
1256 966 1341 1033 venit,
1359 966 1399 1021 ita
1411 972 1441 1021 et
1454 965 1485 1036 in
1497 980 1595 1027 omues
1609 963 1740 1035 homines

98 1044 199 1102 silvii:
222 1047 281 1111 Ista
297 1048 362 1115 duo,
380 1050 473 1123 passio
497 1051 624 1106 videlicet
645 1052 750 1112 Christi
765 1059 793 1109 et
807 1055 897 1126 bapti·
938 1068 1014 1107 mors
1028 1051 1152 1124 corporis
1171 1060 1199 1109 et
1222 1053 1323 1109 animas
1345 1052 1515 1124 pertransiit,
1530 1051 1603 1113 sicut
1616 1050 1645 1107 in
1656 1050 1738 1122 illum

97 1152 184 1205 smus,
195 1134 239 1191 ita
247 1128 315 1193 sunt
328 1140 487 1210 conjuncta,
500 1146 532 1194 ut
540 1158 631 1213 neque
642 1141 799 1212 baptismus
810 1145 899 1221 possit
938 1141 1105 1212 primanus
1113 1157 1168 1215 quo
1179 1157 1277 1196 omnes
1286 1147 1470 1213 peccaverunt
1479 1126 1739 1216 itaperDominum'

96 1220 189 1279 lavare
205 1243 224 1280 a
236 1228 366 1297 peccatis,
391 1234 420 1282 et
442 1229 595 1300 perlectum
617 1230 760 1289 hominem
781 1233 898 1290 reddere
939 1235 1066 1284 nostrum
1078 1229 1172 1284 lesum
1180 1228 1323 1285 Christum
1334 1229 1502 1301 justificatio
1512 1229 1639 1295 intravit,
1647 1234 1676 1283 at
1686 1243 1739 1299 per

92 1311 153 1368 sine
172 1312 230 1369 side
243 1314 380 1387 passionis
390 1314 644 1391 Christi,quiasine
656 1320 711 1381 fide
726 1321 899 1393 impossibile
935 1318 1167 1389 justificationem
1183 1318 1238 1374 vita
1252 1318 1356 1374 sutura.
1374 1319 1479 1375 Sensus
1496 1316 1562 1372 talis
1577 1322 1641 1373 est:
1659 1317 1738 1391 Sicut

89 1406 133 1458 est
147 1403 266 1479 placere
276 1402 332 1459 Deo
344 1423 349 1458 :
360 1422 452 1477 neque
465 1407 534 1461 fides
543 1408 682 1480 passionis
693 1410 798 1466 Christi
809 1413 898 1483 possit
938 1423 989 1483 per
1001 1407 1091 1465 Adam
1105 1413 1250 1483 peccatum
1266 1407 1381 1462 intravit
1395 1407 1425 1460 in
1438 1422 1528 1478 genus
1543 1406 1699 1465 humanum
1709 1410 1740 1480 ai

84 1492 293 1548 remissionem
307 1500 483 1567 peccatorum
494 1496 561 1551 darc
572 1497 633 1551 sine
641 1499 736 1570 gratia
745 1498 898 1571 baptisma·
938 1512 1024 1559 mors,
1037 1502 1066 1551 et
1077 1513 1125 1567 per
1135 1512 1232 1552 omncs
1250 1495 1373 1561 transiit,
1384 1495 1424 1550 sic
1437 1512 1487 1573 per
1504 1494 1648 1553 Christum
1662 1493 1740 1563 venii

79 1581 134 1651 tis,
151 1580 216 1636 nisi
231 1581 261 1636 in
274 1583 410 1655 sanguine
425 1585 554 1657 martyrii
568 1586 612 1640 sui
624 1572 710 1643 suerit
728 1587 895 1664 baptizatus,
935 1585 1101 1656 justificatio
1117 1592 1145 1640 et
1159 1586 1225 1641 vita.
1241 1584 1273 1641 In
1294 1586 1354 1657 ipso
1369 1601 1479 1657 quoque
1494 1599 1592 1639 omnes
1605 1598 1741 1658 postrave-²

77 1669 159 1745 quia
166 1668 308 1726 Dominus
317 1670 387 1727 dixit
399 1691 405 1726 :
417 1674 481 1727 Nisi
488 1677 550 1743 qais
560 1680 674 1731 rcrtaias
684 1678 771 1743 faerit
781 1694 897 1747 eaaqaa
937 1679 1014 1740 runt,
1032 1674 1123 1745 quiin
1138 1674 1242 1747 lumbis
1257 1676 1319 1745 ejus
1334 1680 1425 1745 erant,
1441 1673 1515 1729 sicut
1526 1672 1592 1729 Levi
1601 1669 1741 1749 iulumbig

70 1752 104 1813 ct
115 1758 244 1832 Spiritu
256 1765 359 1826 saucio,
371 1777 428 1816 noa
436 1767 522 1832 potest
538 1766 656 1819 introire
672 1768 835 1835 turianum
850 1746 1113 1839 DsiBeratpatris,
1131 1764 1242 1834 quando
1266 1763 1422 1818 decimatus
1446 1767 1489 1818 est
1507 1762 1601 1830 (Hshr.
1622 1762 1681 1830 vn).
1701 1757 1741 1839 lit

67 1844 186 1917 (loon.
196 1850 254 1919 111).
264 1848 297 1905 Si
305 1852 458 1914 enimcum
469 1853 582 1907 inimici
589 1869 715 1922 essemus,
727 1859 900 1916 reconciliati
940 1866 1062 1922 congrue
1075 1851 1142 1905 dicit
1156 1851 1276 1922 primum
1292 1852 1413 1906 intrasse
1430 1855 1576 1926 peccatum
1591 1866 1622 1904 ac
1637 1848 1740 1921 deinde,

65 1934 257 2003 sumasDeo
264 1954 313 2008 per
323 1943 439 1995 mortam
455 1941 520 1995 Filii
531 1944 598 2011 rjus,
610 1945 697 1998 inulla
708 1948 797 2013 mapis
807 1961 899 2001 recon—
938 1956 991 2013 per
1003 1946 1150 2011 peccatum
1169 1939 1342 1995 subintrasse
1357 1945 1487 2004 mortem·
1510 1939 1577 2010 quia
1597 1937 1694 1995 Statim
1706 1942 1741 2013 ili

67 2027 190 2084 cs'liati
204 2028 280 2082 sabi
293 2029 443 2082 arimatia
459 2032 518 2084 uita
538 2033 636 2099 ipsias.
653 2031 692 2094 Si,
707 2032 809 2105 inquit,
835 2051 898 2091 eum
941 2029 1074 2100 peccavit,
1086 2029 1213 2085 mortalis
1225 2028 1314 2083 sactus
1325 2028 1575 2101 est,sicutaiDeus
1589 2033 1655 2101 anie
1666 2043 1740 2103 pras

61 2106 204 2179 inimici
219 2130 356 2176 memus.
373 2114 402 2170 id
421 2122 464 2172 est
478 2124 647 2189 peccatores,
664 2122 836 2178 reconciliati
851 2140 899 2179 sun
941 2104 1050 2173 dixerat
1065 2136 1070 2170 :
1087 2117 1120 2172 In
1131 2134 1297 2188 quacunque
1309 2117 1365 2183 die,
1381 2116 1522 2193 inquiens,
1538 2116 1694 2174 comederis
1707 2131 1741 2191 ορ

60 2192 150 2275 ¹imm
168 2202 237 2259 Deo
251 2202 328 2258 Patri
344 2222 394 2278 per
405 2211 525 2263 mortem
540 2207 603 2262 Filii
616 2210 687 2279 eJ'us,
705 2211 795 2266 multo
811 2212 900 2284 magia
941 2224 983 2273 co,
1000 2213 1091 2262 morte
1107 2207 1242 2261 morieris.
1266 2206 1394 2261 Peccavit
1415 2205 1637 2278 conscupiscendo
1656 2211 1742 2277 atqua

59 2309 180 2377 quam
194 2293 355 2350 meruimus
365 2295 537 2351 reconciliati
560 2302 590 2352 et
612 2298 642 2357 in
665 2298 818 2356 amicitiem
833 2318 901 2356 con·
941 2296 1122 2359 comedendo,
1139 2302 1167 2351 et
1181 2297 1308 2351 mortalis
1322 2295 1413 2351 iactus
1423 2300 1466 2350 est
1477 2295 1507 2349 in
1521 2293 1671 2367 peccando.

39 2383 176 2449 ’γενεὴ
199 2383 273 2438 salvi
295 2384 399 2439 erimus
420 2384 450 2439 in
472 2384 529 2439 vita
554 2384 651 2458 ipsius,
675 2388 703 2442 id
727 2394 770 2443 est
794 2389 900 2447 invita
979 2383 1742 2455 ueaocaaleoemenivapnccotamaroliaaanaouon

58 2466 183 2547 ipsius
199 2470 318 2536 Christi,
332 2474 380 2546 qui
392 2478 435 2529 est
445 2475 508 2540 vita,
522 2479 551 2529 et
564 2473 657 2547 inquo
668 2477 752 2532 vitam
765 2484 899 2536 aternam
941 2474 1009 2530 dicit
1020 2491 1109 2546 usque
1122 2475 1157 2529 ad
1168 2481 1289 2545 tempus,
1306 2491 1361 2546 quo
1373 2474 1439 2531 data
1453 2477 1497 2528 est
1510 2473 1563 2538 lex,
1584 2472 1632 2529 sed
1652 2487 1741 2546 usqua

58 2549 782 2636 habiturisumus.illirecoacilianturquiinimici
792 2568 900 2623 suntad
941 2563 975 2619 ad
992 2562 1422 2633 terminumfiniendaelegis-Sic
1437 2561 1513 2616 enim
1524 2561 1742 2627 sollicifiwlnui

58 2648 385 2718 invicem-Quomodo
403 2669 471 2724 ergo
493 2653 601 2708 exstitit
621 2653 702 2710 nobis
722 2657 900 2727 omnipotens
941 2640 1246 2724 dicereRegnaverunt
1256 2651 1330 2707 Huni
1341 2667 1429 2721 usque
1442 2650 1476 2705 ad
1486 2649 1610 2705 Attalem
1618 2649 1657 2721 [F.
1667 2648 1742 2709 Attis

60 2739 164 2813 Deus
183 2738 280 2799 iratus
296 2746 324 2796 ct
338 2740 479 2805 inimicus,
496 2759 559 2797 cum
572 2743 606 2798 de
621 2744 668 2803 illo
685 2745 806 2809 dicatur,
826 2746 901 2816 quod
941 2739 1011 2813 lam]
1022 2757 1126 2813 regem.
1137 2740 1217 2797 idest
1226 2739 1353 2811 usquead
1367 2738 1588 2801 moriemimi&
1599 2737 1683 2809 rigis·
1692 2736 1743 2817 ,th

59 2827 155 2885 nihil
171 2828 242 2882 odit
255 2845 353 2883 eorum
367 2847 428 2902 quae
442 2830 518 2891 iecit.
527 2832 676 2887 Sciendum
692 2834 766 2903 quod
780 2850 836 2889 non
848 2851 900 2892 na·
942 2845 996 2900 que
1006 2828 1041 2883 ad
1053 2835 1174 2900 tempus
1187 2829 1215 2884 id
1224 2828 1404 2898 estusquead
1415 2826 1500 2883 finem
1510 2825 1580 2899 legis
1590 2826 1742 2905 etiuitiup't

62 2924 186 2974 turam
203 2921 344 2982 nostram,
354 2908 438 2989 quam
453 2917 513 2990 ipse
527 2919 592 2973 fecit
606 2927 730 2975 sanctam
744 2927 773 2976 et
786 2922 898 2989 bonam,
940 2917 1049 2989 gratias.
1062 2923 1207 2989 peccatum
1218 2917 1354 2988 originale
1364 2921 1392 2971 et
1402 2916 1512 2995 actuale
1523 2915 1615 2973 suitiu
1626 2915 1741 2995 munda.

67 3004 150 3063 odio
167 3003 310 3071 hahebat,
330 3006 379 3059 sed
399 3006 465 3061 vitia
489 3012 518 3060 et
537 3014 652 3079 peccata
667 3025 728 3079 quae
748 3009 802 3081 ipsi
821 3010 901 3067 nohis
922 3004 1740 3088 ,PergratiamantemJesuChristinonsolumoriginalia,

70 3093 278 3153 attraximus.
291 3094 468 3168 Quapropter
482 3097 604 3167 quadam
612 3097 724 3167 justitia
738 3097 787 3152 Dei
802 3099 901 3154 traditi
911 3066 933 3130 ὓ
942 3095 990 3151 sed
1001 3095 1414 3151 etiamactualiadesertasunl.
1425 3097 1569 3151 Peccatum
1579 3099 1672 3151 autam
1685 3109 1742 3167 aaa

73 3176 196 3241 sumus
215 3182 340 3251 diabolo,
361 3183 486 3254 quandiu
500 3183 551 3240 sub
567 3192 680 3257 peccato
693 3186 808 3243 suimus.
823 3188 901 3244 Sicut
941 3186 1135 3253 inspiciebatur
1148 3201 1212 3239 cura
1228 3189 1270 3242 lea
1283 3200 1338 3239 aon
1353 3189 1427 3238 esset.
1437 3184 1496 3239 Hoc
1505 3181 1653 3252 tripliciter
1662 3182 1745 3261 imi

74 3262 212 3346 iegitur,
228 3277 379 3346 postquam
393 3272 498 3328 meruit
516 3274 601 3329 homo
624 3275 722 3329 audire
739 3294 744 3330 :
760 3276 897 3346 Termes,
940 3274 990 3345 ligi
1004 3280 1106 3347 potest.
1119 3273 1250 3339 Quandiu
1270 3272 1313 3329 lex
1324 3272 1461 3328 naturalis
1471 3271 1618 3328 nonastin
1628 3272 1742 3345 homine

76 3364 114 3437 ps
128 3360 162 3427 in
180 3364 294 3414 miram
306 3356 369 3429 ibis,
383 3359 435 3416 hoc
449 3367 492 3416 est
506 3367 583 3416 totus
596 3367 727 3418 terrenus
740 3365 855 3423 eftectus
870 3383 900 3425 es
942 3362 1015 3417 sicut
1024 3362 1052 3421 in
1062 3363 1195 3435 parvulis,
1210 3362 1347 3434 quidquid
1358 3367 1424 3434 agat
1431 3348 1575 3443 parvulus,
1586 3375 1643 3415 non
1652 3360 1743 3441 impu·

78 3444 246 3506 etidcirco
265 3444 403 3505 morieris.
420 3448 532 3504 Dictum
553 3454 597 3505 est
614 3457 643 3505 et
660 3450 771 3506 diabolo
792 3452 900 3511 inser·
941 3457 1019 3507 tatur
1034 3469 1095 3507 esse
1109 3451 1342 3524 peccatum,quia
1352 3449 1442 3506 nescit
1455 3450 1522 3523 quid
1532 3449 1569 3504 sit
1577 3448 1681 3504 bouum
1692 3451 1743 3513 aut

78 3543 179 3611 pente
194 3532 333 3591 :Terram
347 3537 485 3601 comedes,
506 3536 534 3592 id
554 3544 597 3592 est
611 3546 771 3610 peccatores
783 3540 899 3597 devora·
941 3540 1176 3597 malumhliter:
1191 3546 1348 3611 antequam
1357 3538 1403 3596 lex
1413 3539 1743 3617 daretu1·,nonagnosc95

79 3616 145 3697 bis.
161 3623 276 3681 nolam
288 3629 383 3680 aulem
396 3625 471 3681 vitiis
485 3632 513 3681 ct
528 3626 660 3698 peccatis,
676 3630 899 3700 perpessionem
940 3628 1024 3684 batur
1045 3636 1189 3703 peceatum
1210 3636 1270 3685 tam
1293 3644 1378 3698 grave
1397 3628 1502 3683 malum
1517 3643 1588 3692 esse,
1604 3626 1676 3684 sicut
1690 3641 1743 3703 per

79 3706 158 3769 Filii
172 3711 239 3787 ejus
254 3712 426 3769 reconciliati
440 3732 538 3771 sumus
545 3716 574 3770 in
583 3716 611 3771 id
622 3716 696 3788 quod
707 3723 774 3772 ante
783 3718 897 3775 suimus.
941 3716 1031 3788 legem
1051 3724 1195 3774 ostensum
1215 3726 1267 3775 est.
1284 3718 1336 3773 Vel
1354 3716 1459 3773 aliter:
1474 3716 1544 3771 Cum
1560 3716 1604 3771 lex
1618 3715 1740 3793 deesset,

79 3792 176 3861 Unde
185 3790 258 3860 dicit
266 3803 435 3877 Apostolus:
454 3801 493 3867 si,
509 3803 648 3876 inquiens,
658 3822 721 3860 rum
731 3809 843 3861 inimici
851 3809 900 3863 Dei
940 3823 997 3865 noa
1012 3806 1215 3879 imputabatur,
1234 3807 1262 3860 id
1276 3811 1321 3861 est
1336 3804 1520 3876 ignorabatur
1529 3821 1585 3878 qua
1599 3820 1682 3876 poena
1695 3803 1740 3879 diff

82 3905 215 3959 macinas
230 3888 349 3957 actibus,
366 3908 423 3946 aon
447 3897 559 3960 natura,
583 3910 634 3964 per
658 3900 777 3951 mortem
794 3896 899 3957 Christi
939 3886 1027 3968 gnum
1042 3901 1117 3951 esset
1128 3900 1283 3971 paccatum,
1296 3910 1442 3965 quousque
1455 3893 1517 3966 ipsa
1528 3894 1573 3956 lex
1584 3892 1741 3967 dixitzliui

83 3968 197 4045 mirati
211 3995 320 4047 sumus,
336 3986 441 4052 quanto
456 3981 545 4052 magis
561 3981 589 4034 in
604 3983 664 4053 eius
676 3982 900 4054 glorificabimur
939 3984 993 4045 hoc
1012 3983 1055 4038 vel
1070 3982 1139 4037 illud
1153 3981 1259 4045 fecerit,
1277 3989 1368 4036 morte
1382 3981 1530 4039 moriatur.
1546 3981 1598 4043 Sed
1612 3982 1741 4059 regnauit

83 4062 165 4133 sita,
176 4066 202 4122 si
216 4060 281 4137 eam
295 4064 400 4124 imitati
415 4066 562 4124 fuerimus.
939 4088 1013 4127 mors
1033 4074 1067 4126 ab
1088 4073 1176 4126 Atiam
1201 4087 1286 4141 usqae
1300 4071 1337 4124 ad
1351 4071 1472 4138 tirason,
1487 4071 1571 4129 stiam
1586 4071 1618 4125 ia
1631 4085 1674 4145 cos
1689 4070 1740 4149 gai

126 4156 195 4211 Non
208 4160 299 4211 solam
322 4162 427 4228 calcar,
445 4161 491 4213 sed
513 4164 537 4212 et
551 4158 712 4228 alom'amar
734 4163 765 4215 in
784 4162 836 4216 Bao
847 4176 899 4231 per
939 4177 995 4216 non
1015 4164 1196 4230 peccaverant
1212 4162 1244 4214 in
1258 4160 1476 4214 similitudinem
1497 4159 1738 4237 prevaricationis

80 4236 249 4299 Dominum
264 4248 651 4314 anstramlesamdlrristanr,
665 4264 716 4316 per
727 4265 806 4321 qaam
822 4265 898 4306 nanc
937 4251 1010 4311 ida.
1019 4249 1051 4305 Id
1062 4255 1105 4304 est
1114 4265 1190 4305 mors
1199 4247 1273 4303 idem
1285 4254 1328 4303 est
1339 4246 1414 4320 quod
1424 4252 1580 4320 peccatum,
1593 4245 1656 4309 ideo
1671 4243 1740 4325 dicit
1765 4262 1773 4279 ‘

87 4335 251 4407 winus
262 4336 528 4390 reconciliationem.
541 4336 711 4405 Nonsolum,
721 4336 822 4410 inquit,
832 4334 927 4394 salvii]
937 4332 1069 4412 regnasse
1084 4344 1214 4402 mortem,
1224 4338 1457 4410 quisuniversum
1472 4335 1565 4391 tenuit
1573 4335 1670 4393 orbem
1679 4338 1740 4413 ¹trini

89 4417 453 4488 erimus,etdabiturnobis
465 4425 521 4479 vita
531 4426 895 4499 aetema,sedetgloriamur
940 4445 1017 4489 mors
1031 4426 1147 4500 peccati,
1158 4444 1242 4500 quam
1254 4444 1329 4483 mors
1339 4426 1474 4498 corporis.
1484 4425 1564 4490 Quod
1574 4423 1641 4489 dicit
1649 4440 1740 4506 usqua

90 4499 121 4555 in
133 4507 195 4565 Deo
206 4512 291 4568 Patre
300 4512 359 4567 sive
378 4513 406 4566 in
426 4512 583 4585 cognitione
593 4515 654 4582 Dei,
665 4533 751 4586 quam
763 4517 898 4572 habemus
940 4518 975 4572 ad
990 4518 1104 4591 Moysen
1115 4517 1155 4572 ita
1169 4523 1211 4575 est
1225 4515 1440 4587 intelligendum
1452 4521 1484 4570 ut
1494 4516 1555 4587 jam
1567 4514 1700 4580 diximus,
1708 4513 1738 4575 id

93 4592 315 4686 [ifriiominum
330 4606 459 4657 nostrum
472 4603 569 4657 lesum
580 4602 898 4678 Christumcujuspas-
940 4611 983 4658 cst
996 4622 1085 4676 usque
1107 4606 1143 4660 ad
1167 4607 1253 4661 linem
1276 4605 1347 4676 legis
1370 4611 1399 4658 et
1426 4603 1537 4683 initium
1558 4602 1666 4683 gratia.
1684 4602 1739 4679 Par

94 4692 255 4747 noncnunc
263 4689 522 4746 reconciliationem
531 4693 728 4764 accepimus.N
730 4693 896 4766 unc,iuquit,
938 4693 1055 4766 Moysen
1069 4696 1144 4751 enim
1158 4695 1325 4765 intelligitur
1337 4693 1391 4758 lex,
1407 4691 1479 4747 sicut
1492 4690 1597 4745 dicitur
1610 4689 1640 4744 in
1650 4689 1739 4745 Even-

95 4776 268 4834 recvsnciiiuti
290 4795 389 4834 sumus
411 4780 469 4835 Deo
493 4781 581 4850 Patri,
605 4782 634 4835 id
654 4791 697 4838 est
718 4782 748 4837 in
772 4791 898 4856 tempore
938 4778 1012 4853 gelio
1026 4784 1062 4837 ad
1074 4783 1206 4838 divitem:
1218 4782 1331 4839 Habent
1347 4783 1472 4852 Moysen,
1484 4779 1514 4834 id
1529 4783 1573 4833 est
1590 4778 1691 4851 legera.
1703 4777 1747 4861 Et

97 4854 232 4923 aihanins
255 4862 372 4933 Christi,
396 4867 470 4922 sicut
493 4866 568 4922 enim
591 4868 677 4923 verbo
699 4870 777 4925 Patri
800 4888 898 4927 sumus
939 4869 1035 4927 alibi:
1061 4872 1199 4940 Incipiens
1222 4887 1240 4925 a
1262 4870 1351 4939 Moyse
1374 4869 1451 4938 (Lac,
1471 4866 1639 4934 xxv11)‚hoc
1662 4870 1741 4929 esta

99 4948 196 5037 “euti
206 4954 288 5031 juxta
300 4955 374 5033 quod
388 4954 511 5011 loannes
525 4954 609 5011 dicit:
622 4959 723 5013 Omnia
739 4975 788 5027 per
804 4963 898 5028 ipsam
939 4954 1010 5029 lege.
1027 4958 1174 5031 Regnavit,
1186 4956 1288 5031 inquit,
1304 4973 1380 5010 mors
1394 4954 1495 5015 anima
1503 4954 1533 5015 in
1547 4960 1607 5016 toto
1621 4938 1738 5053 munda,

103 5024 175 5127 [acm
186 5048 260 5109 sunl,
276 5049 301 5099 ai
315 5046 375 5098 sine
394 5047 456 5114 ipso
479 5046 645 5115 factumest
669 5047 742 5101 nibil
761 5049 849 5117 (ioan.
866 5050 898 5118 ι),
940 5037 973 5122 ex
988 5064 1043 5118 quo
1058 5040 1165 5119 primus
1180 5063 1236 5103 non
1255 5045 1380 5118 peccavit
1393 5061 1483 5116 usque
1506 5044 1541 5107 ad
1567 5045 1652 5100 finem
1671 5043 1742 5129 legis

105 5114 142 5175 ¹¹³
154 5145 262 5205 quoque
277 5137 306 5188 et
320 5131 355 5187 ab
371 5133 420 5187 illo
436 5149 534 5191 sumus
547 5133 686 5205 redempti
701 5141 728 5189 et
748 5136 806 5191 Deo
821 5127 899 5197 Patri
940 5132 1030 5207 Moysi
1046 5141 1074 5190 et
1088 5136 1232 5191 exordium
1257 5132 1411 5205 Evangelii,
1429 5149 1485 5217 non
1507 5133 1599 5190 solum
1615 5133 1646 5191 iu
1660 5133 1742 5218 alios,

109 5218 282 5276 ieconciliati.
941 5222 1088 5279 sedetiam
1104 5225 1133 5280 in
1149 5224 1211 5278 illos
1236 5223 1284 5295 qui
1308 5239 1363 5277 non
1388 5228 1487 5295 sponte
1511 5238 1604 5294 neque
1623 5223 1745 5295 scienter

144 5300 278 5377 Proaurca
289 5312 360 5387 sicui
368 5326 420 5381 ριν
433 5312 671 5366 unambomiaem
686 5315 718 5367 in
731 5313 807 5368 burra
821 5326 907 5370 mua·
944 5319 1139 5385 peccaverunt,
1162 5312 1234 5367 sicut
1256 5311 1365 5387 parvuli
1387 5317 1477 5376 crant,
1493 5311 1542 5383 qui
1560 5296 1745 5391 originalibui

117 5378 173 5482 ihm
180 5403 319 5465 premium
329 5400 458 5465 intrauit,
474 5405 500 5453 et
513 5416 562 5470 per
574 5414 718 5470 peccatum
730 5408 845 5469 aiaraci
859 5407 899 5458 iia
943 5402 1064 5472 peccatis
1077 5400 1246 5457 tenebantur
1266 5400 1387 5455 obnoxii.
1411 5397 1454 5453 Illi
1476 5399 1504 5454 in
1527 5382 1742 5463 similitudinem

121 5486 233 5561 inpransi
241 5488 365 5542 immines
376 5503 450 5553 mars
456 5490 669 5558 permutantia
677 5506 730 5559 quo
740 5507 832 5546 orrrnes
840 5508 900 5561 pao
942 5491 1178 5564 praevaricationis
1186 5490 1253 5545 Adae
1265 5497 1390 5562 peccaut,
1402 5488 1450 5559 qui
1461 5485 1583 5543 scienter
1598 5493 1626 5542 et
1640 5486 1740 5565 voluu-¹

129 5567 247 5629 literani.
262 5568 537 5633 Deiectusdiationis
557 5573 612 5632 is'to
625 5576 728 5634 iuloco
742 5585 785 5634 est
799 5579 899 5650 hujus·
941 5580 1013 5635 taric
1023 5572 1151 5652 peccaut,
1161 5579 1235 5636 sicut
1245 5579 1292 5634 ille
1302 5576 1423 5634 cuidixit
1431 5574 1658 5633 Dcuszssxomni
1667 5568 1743 5643 lignd
1807 5626 1815 5639 ,
