3818 6104
62 310 113 370 tae
348 351 350 360 .
528 310 737 368 euxeexrro
757 311 796 368 m
815 311 984 370 exercre
1003 279 1233 370 recreeris.
1349 281 1352 285 ’
1648 298 1699 364 tar

57 434 226 495 bominis.id
242 439 286 489 est
294 434 312 489 J
315 435 384 499 udae,
399 442 427 489 et
441 436 617 507 iniquitatem
633 436 980 500 terrae,subaudisAterra
993 440 1084 509 gloria
1095 437 1206 493 Domini
1222 435 1384 507 replebitur.
1399 435 1432 489 ln
1447 432 1615 504 quibusdam
1627 428 1702 486 codi-

58 524 312 581 lsraelcivitatis.id
325 531 366 578 est
378 524 595 578 illerusalem.et
603 525 863 579 onrneslmbitnntes
904 527 981 581 ribus
993 529 1095 598 legitur
1105 527 1241 598 regatila,
1251 526 1312 578 Non
1323 530 1388 577 sunt
1398 524 1456 577 hare
1466 541 1482 577 a
1494 522 1614 576 Dorrrino
1625 537 1701 574 exer·

57 613 143 673 inea,
158 628 273 667 omnem
283 613 417 683 populum
429 613 588 683 designans.
602 612 674 667 Illud
686 619 779 667 autem
789 612 863 684 quod
904 617 1025 679 cituum;
1042 626 1070 670 et
1085 624 1127 671 est
1138 632 1236 670 sensus
1251 632 1256 666 :
1279 613 1355 668 Talis
1376 612 1533 670 aedificatio,
1550 626 1612 682 quae
1627 610 1659 663 tit
1672 608 1701 665 in

57 718 145 772 supra
160 701 284 772 positum
298 710 349 762 est,
366 720 377 752 a
391 706 546 773 usquequo,
560 701 623 755 orel
637 700 808 772 increpantis
821 706 865 754 est
904 703 1088 774 sanguinibus
1102 709 1131 757 et
1142 701 1300 773 iniquitate,
1315 717 1371 754 non
1390 706 1460 754 esta
1476 699 1605 754 Domino.

56 807 119 851 rex,
136 790 179 844 rel
195 790 231 844 ad
240 791 381 861 prophetae
390 790 520 844 allectum
536 789 658 861 respicit,
677 787 862 843 desiderantia
941 810 954 844 a
968 793 1014 846 Va
1021 793 1067 863 qui
1079 798 1175 863 potum
1188 790 1335 844 datamico
1343 806 1404 854 suo,
1413 788 1569 842 mittenslel
1581 804 1662 842 suurn
1674 791 1705 842 et

58 879 172 934 ruinam
190 878 305 933 malitiae
321 886 350 933 et
364 878 501 949 superbiae
515 877 672 933 interitum.
903 880 1056 945 inebrians,
1081 889 1113 935 ut
1136 878 1252 952 aspiciat
1276 879 1432 933 nuditatem
1456 879 1528 949 ejus,
1548 876 1702 932 »Tradunt

96 969 168 1023 «Vre
184 969 231 1040 qui
243 974 395 1039 congregat
408 967 556 1021 avaritiam
568 968 671 1022 malam
687 966 783 1022 domui
793 983 860 1031 sure,
904 970 1013 1025 Hebraei
1022 971 1074 1023 hoc
1085 970 1144 1023 loco
1153 986 1211 1023 rem
1223 968 1376 1023 fabulosam
1388 967 1477 1037 magis
1488 984 1571 1038 quarn
1582 983 1676 1021 verare
1693 985 1699 1021 :

56 1070 91 1116 ut
111 1061 150 1115 sit
165 1060 194 1113 in
207 1059 315 1112 excelso
331 1057 414 1111 nidus
429 1059 500 1128 ejus,
516 1064 545 1113 et
559 1059 672 1114 liberari
688 1079 717 1115 se
732 1069 814 1133 putat
827 1063 862 1117 de
902 1057 1200 1129 Sedeciastinquiunt}
1227 1074 1274 1111 rex
1301 1065 1399 1127 captus
1422 1056 1701 1110 estaNabucbodo·
1732 1040 1739 1055 ’

59 1165 148 1205 manu
159 1146 860 1222 mali.»adhuccontraimpiumregemloquitur‚
903 1167 987 1203 namn·
1012 1152 1038 1202 in
1069 1149 1215 1208 lleblatha.
1237 1165 1297 1220 quae
1324 1153 1366 1202 est
1391 1148 1549 1210 Antiochia,
1571 1147 1702 1202 eterutis

60 1240 109 1310 qui
125 1236 437 1307 congregatararitiam
454 1237 557 1290 malam
572 1238 667 1293 domui
678 1257 745 1301 sure,
762 1257 813 1294 nec
824 1241 864 1295 in·
903 1240 991 1292 oculis
1006 1240 1107 1295 ductus
1122 1239 1207 1292 estin
1224 1237 1393 1308 babylonem
1415 1255 1422 1291 :
1440 1236 1486 1290 ubi
1502 1254 1564 1290 cum
1579 1237 1700 1307 quadam

58 1327 164 1398 telligit
180 1325 292 1379 divitias
304 1342 335 1378 ex
351 1325 424 1378 melo
439 1329 580 1396 quaesitas,
597 1344 710 1381 causam
733 1328 786 1382 sibi
802 1346 862 1382 esse
903 1327 948 1382 die
963 1329 1118 1382 convivium
1130 1328 1242 1396 registro
1257 1327 1322 1379 luxu
1334 1325 1498 1380 celebraret.
1512 1325 1644 1393 J'ussitibi
1655 1326 1701 1379 Se·

58 1416 166 1482 ruinae3
182 1414 322 1484 simulque
337 1414 466 1483 arguitur
480 1415 626 1486 superbiae.
637 1416 709 1488 quod
724 1416 757 1470 ad
769 1417 862 1472 arium
904 1417 988 1471 deciae
1004 1416 1064 1471 dari
1079 1418 1220 1488 poculum,
1233 1432 1288 1486 quo
1303 1420 1400 1468 venter
1410 1413 1533 1484 potantis
1548 1415 1703 1468 solveretur

59 1504 278 1560 similitudinem
293 1503 321 1556 in
337 1503 444 1557 excelso
459 1504 586 1575 posuerit
600 1505 696 1562 nidum
711 1523 804 1572 suum,
820 1523 863 1559 ar·
904 1507 933 1560 in
947 1508 1062 1571 fluxum,
1078 1507 1173 1576 sicque
1188 1505 1390 1569 introductum,
1401 1509 1467 1557 ante
1480 1520 1529 1557 ora
1543 1503 1702 1574 potantium

57 1594 170 1650 bitraus
185 1610 266 1665 posse
279 1609 309 1646 se
322 1591 436 1652 liberari
451 1594 486 1647 de
503 1611 588 1647 manu
605 1596 682 1659 mali,
699 1595 726 1649 id
737 1602 779 1649 est
790 1612 862 1650 nun·
904 1597 1090 1668 compulsum,
1101 1596 1128 1649 in
1145 1595 1249 1649 reatris
1264 1600 1387 1648 stercore
1403 1593 1488 1647 tuisse
1501 1592 1638 1662 pollutum
1652 1611 1658 1657 ;
1675 1597 1704 1646 et

48 1683 146 1756 'quam
159 1699 190 1737 se
205 1689 354 1737 venturum
375 1681 403 1735 in
416 1682 538 1736 hostium
558 1689 735 1755 potestatem.
758 1686 861 1739 Malam
906 1686 957 1739 hoc
979 1691 1021 1738 est
1045 1686 1118 1756 quod
1141 1684 1267 1737 dicitur:
1294 1683 1370 1736 «l'ae
1394 1682 1441 1752 qui
1460 1687 1556 1752 potum
1572 1681 1621 1734 dat
1632 1679 1701 1734 ami·

57 1781 156 1828 autem
171 1770 241 1825 dicit
259 1770 405 1824 avaritiam
423 1772 546 1842 pecuniae
564 1779 592 1826 et
606 1773 779 1831 divitiarum.
796 1775 893 1845 quial}
903 1791 963 1840 eo,r
977 1780 1029 1827 ete.
1044 1773 1119 1843 quod
1129 1773 1255 1825 videlicet
1264 1789 1310 1825 rex
1323 1769 1534 1842 potentissimus
1546 1769 1698 1839 quondam,

58 1869 104 1916 est
117 1868 147 1914 et
160 1859 236 1915 bona
249 1861 377 1923 avaritia,
394 1860 420 1913 id
445 1867 488 1914 est
511 1862 649 1932 cupiditas
672 1863 861 1934 spiritualium
902 1864 1062 1917 adtentum
1078 1862 1199 1915 dedecus
1222 1861 1259 1914 sit
1281 1860 1428 1915 adductus.
1445 1857 1524 1912 Unde
1540 1858 1664 1912 minatur
1675 1857 1701 1911 ei

48 1945 223 2003 ⁴diuitiarum
241 1949 385 2019 sapientia
396 1955 423 2002 et
436 1949 560 2004 scientiae
571 1951 631 2012 Dei,
644 1951 710 2004 licet
724 1957 774 2005 aut
786 1968 859 2018 raro,
903 1953 987 2017 Deus,
1004 1952 1076 2022 quod
1103 1952 1162 2021 ipse
1181 1966 1292 2020 quoque
1307 1948 1446 2003 bibiturus
1461 1947 1497 2000 sit
1509 1946 1702 2017 hujuscemodi

57 2041 110 2092 aut
126 2054 272 2108 nunquam
292 2054 395 2092 nomen
409 2038 533 2092 avaritiae
547 2038 576 2092 in
592 2039 664 2094 bone
688 2041 809 2111 positum
825 2041 862 2094 le·
902 2042 1053 2113 potionem.
1069 2040 1122 2094 Sed
1132 2041 1231 2093 melius
1242 2039 1354 2092 hocnon
1365 2037 1400 2090 dr
1408 2036 1561 2090 cathartica
1577 2034 1698 2105 potione,

55 2137 152 2199 gatar.
904 2146 998 2183 verum
1009 2129 1043 2183 de
1054 2129 1134 2183 malis
1143 2146 1204 2199 quae
1216 2142 1350 2198 passurus
1360 2131 1420 2180 erat
1434 2123 1700 2189 Nabuchodonosor,

97 2216 459 2288 «Cogitasticont'usionem
469 2217 564 2271 domui
575 2221 640 2272 tua.
653 2218 740 2272 »Dum
750 2218 861 2288 linquit)
903 2219 1096 2290 intelligimus.
1114 2217 1191 2272 Calix
1206 2216 1280 2270 enim
1297 2215 1338 2269 rel
1351 2214 1426 2286 potio
1439 2213 1468 2266 in
1483 2212 1633 2284 Scripturis
1641 2227 1704 2282 pas·

56 2306 144 2378 ponis
157 2307 186 2361 in
197 2305 305 2359 excelso
321 2305 417 2359 nidum
434 2313 525 2370 tuum,
539 2307 608 2360 nihil
621 2307 697 2360 aliud
714 2307 863 2377 egistinisi
904 2308 1012 2383 sionem
1028 2308 1070 2361 rel
1092 2306 1272 2361 affiictionem
1294 2305 1366 2357 solet
1385 2302 1542 2372 designare.
1559 2301 1704 2356 Invehitur

57 2395 192 2466 cogitasti
201 2394 394 2448 contusionem
406 2395 458 2449 tibi
468 2401 496 2448 et
511 2396 631 2467 posteris
644 2397 710 2456 tuis,
725 2398 790 2467 quia
805 2397 864 2452 haec
905 2413 971 2467 ergo
985 2397 1122 2468 propheta
1137 2401 1235 2449 contra
1250 2410 1343 2462 regem
1364 2391 1493 2462 impium,
1510 2389 1582 2461 quod
1599 2387 1703 2443 oblitus

60 2480 222 2538 sollicitudo
236 2485 320 2537 finem
336 2482 452 2536 habebit
472 2484 666 2553 ignominiam.
686 2485 863 2542 «theotmari
904 2504 961 2541 suae
977 2486 1154 2544 conditionis,
1171 2491 1199 2538 et
1215 2482 1293 2554 quasi
1310 2483 1369 2553 ipse
1389 2497 1442 2534 non
1458 2487 1532 2534 esset
1543 2479 1636 2543 bomo,
1651 2495 1704 2533 nee

58 2573 180 2644 populos
196 2573 308 2632 multos,
324 2578 353 2625 et
366 2571 498 2642 peccarit,
510 2572 605 2625 anima
619 2579 679 2626 tua.
701 2574 773 2637 Quia
792 2575 863 2646 lapis
903 2582 998 2646 posset
1014 2575 1070 2645 pati
1081 2591 1142 2644 quae
1153 2571 1370 2632 aliisinferebat,
1386 2568 1538 2622 inebriaret
1547 2585 1645 2621 omnes
1655 2568 1703 2621 ho·

58 2656 95 2715 d'e
109 2661 218 2732 pariete
231 2660 371 2722 clamarit,
385 2665 413 2714 et
424 2661 531 2731 lignum
544 2662 617 2731 quod
631 2661 706 2715 inter
717 2663 863 2732 juncturas
904 2665 995 2717 ruinas
1009 2664 1109 2717 telleet
1120 2660 1501 2721 amaritudinemalorum,ut
1516 2674 1612 2710 eorum
1622 2656 1703 2710 nudi·

60 2751 243 2805 edificiorum
258 2758 310 2809 est,
321 2749 510 2820 respondebit.
529 2772 538 2796 n
558 2751 587 2803 ln
603 2750 655 2807 hoc
669 2751 779 2821 linquit)
789 2752 863 2819 quod
904 2758 992 2807 tatem
1010 2753 1070 2809 thoe
1084 2750 1331 2821 est,ignominiam)
1343 2747 1488 2818 aspiceret,
1501 2752 1533 2799 ut
1547 2763 1579 2800 ex
1589 2746 1701 2800 illorum

59 2839 860 2911 plurimosoccidisti,intuamipsiusanimamdesreristi,
903 2842 1018 2896 miseria
1046 2857 1125 2894 suam
1157 2843 1339 2909 exaggeraret
1359 2835 1523 2907 potentiam.
1544 2834 1592 2888 Est
1606 2840 1702 2888 autem

62 2929 136 2983 etin
149 2935 255 2982 tantam
271 2928 467 2982 crudelitatem
483 2929 621 2992 exarsisti,
639 2935 670 2982 ut
688 2929 795 3000 lapides
809 2930 861 2984 de·
904 2931 1070 3001 metaphora
1092 2927 1159 2982 ebrii
1175 2927 1305 2989 hominis,
1325 2925 1397 2996 quod
1418 2924 1491 2977 sicut
1504 2923 1552 2977 illc
1566 2924 1700 2989 nudatur,

64 3022 231 3072 structarum
241 3017 386 3071 civitatum
402 3023 430 3070 et
445 3017 520 3086 ligna
531 3033 691 3072 eversorum
707 3034 739 3071 ae
751 3018 863 3073 combu·
905 3021 1022 3090 ejusque
1037 3017 1190 3087 ignominia
1199 3015 1378 3087 conspicitur,
1392 3014 1432 3067 ita
1445 3012 1703 3067 Nabuchodonosor

67 3094 170 3161 storum
186 3107 443 3178 parietum,eoutra
459 3113 536 3159 tuam
551 3107 746 3161 crudelitatem
757 3108 863 3164 clama·
905 3106 1085 3160 inebriaverit
1099 3123 1196 3159 omnes
1215 3104 1300 3157 calice.
1323 3101 1435 3166 suroris,
1456 3107 1627 3172 cunctosque
1642 3117 1704 3172 spo·

69 3202 138 3251 rent.
154 3196 272 3267 Lignum
288 3202 384 3249 autem
400 3194 473 3266 quod
489 3194 563 3247 inter
573 3196 722 3265 juncturas
734 3196 863 3254 estillud
905 3198 988 3250 liatos
1003 3195 1149 3257 dimiserit,
1165 3200 1193 3247 et
1208 3193 1348 3264 quondam
1367 3191 1504 3262 gloriosos
1522 3190 1557 3243 ad
1572 3190 1701 3244 ultimam

70 3280 245 3337 historialiter
253 3283 383 3352 designat
395 3282 513 3351 lignum,
531 3282 605 3353 qued
628 3283 662 3335 ad
679 3283 864 3337 continendos
904 3283 1045 3354 redegerit
1060 3284 1232 3337 servitutem.
1243 3283 1301 3337 ilec
1316 3289 1359 3336 est
1371 3281 1445 3335 euim
1461 3281 1610 3351 «repletus
1623 3285 1700 3348 est,›

75 3371 195 3440 parietes,
210 3372 240 3425 in
255 3366 349 3425 medio
363 3367 512 3425 structurae
525 3371 589 3441 poni
604 3372 684 3424 solet.
701 3372 863 3426 Notandum
904 3372 1038 3427 subaudis
1052 3372 1168 3426 amicus.

81 3458 182 3527 quodie
197 3460 268 3514 Lxx
281 3458 486 3530 Interpretibus
510 3460 638 3518 habetur,
653 3460 815 3515 Scarabaeus
829 3461 864 3516 de
942 3481 954 3512 (ι
972 3462 1188 3532 lgnonriniapro
1198 3460 1297 3531 gloria.
1311 3459 1380 3513 Bibe
1393 3464 1423 3513 tu
1436 3475 1547 3530 quoque
1562 3463 1591 3512 et
1604 3474 1704 3511 conso·
1779 3477 1784 3495 =

80 3545 863 3619 ligneolamabit,muscamjuxtalitteramdesignansquae
903 3552 973 3622 pire,
991 3550 1210 3604 circumdabitte
1226 3550 1295 3603 calix
1306 3549 1426 3602 dextere
1441 3548 1562 3609 Domini,
1575 3551 1603 3600 et
1615 3546 1702 3599 romi-

84 3635 140 3688 solet
153 3637 180 3690 in
191 3637 334 3708 juncturis
349 3637 488 3708 parietum
504 3637 532 3689 in
548 3636 694 3691 hiemaret
709 3637 738 3691 in
753 3644 861 3709 tempe·
902 3648 949 3694 tus
968 3641 1128 3710 ignominiae
1141 3656 1226 3709 super
1239 3638 1357 3708 gloriam
1370 3645 1447 3691 tuam
1477 3656 1489 3688 u
1507 3636 1578 3702 Quia
1591 3634 1703 3706 linquit)

85 3728 141 3778 state
153 3727 254 3792 latere:
271 3732 303 3779 ut
313 3725 350 3778 sit
360 3742 472 3779 sensus:
489 3725 579 3779 Etiam
591 3742 692 3780 muscae
704 3727 731 3780 in
746 3726 863 3781 forami-
904 3730 1040 3799 plurimos
1059 3727 1214 3794 inebriasti,
1234 3726 1297 3780 bibe
1312 3733 1343 3780 tu
1360 3743 1470 3797 quoque
1489 3726 1524 3779 de
1542 3723 1627 3779 calice
1646 3724 1702 3777 Do·

85 3810 150 3888 'uibus
163 3815 300 3885 lignorum
311 3814 491 3879 absconditae,
499 3822 597 3869 contra
607 3822 684 3870 tuam
701 3816 862 3886 superbiam
904 3819 981 3873 mini.
1002 3817 1189 3872 Inebriaberis
1205 3817 1301 3879 culice,
1319 3816 1347 3869 id
1367 3823 1409 3868 est
1425 3814 1569 3886 suppliciis
1582 3813 1703 3867 dexterae

90 3904 109 3952 et
119 3904 249 3958 arentiam
263 3897 434 3958 clamabunt.
904 3907 1024 3968 Domini,
1043 3914 1072 3959 et
1085 3905 1178 3958 omnia
1206 3921 1267 3973 quae
1281 3901 1468 3957 absorbueras
1495 3918 1601 3972 egercS,
1626 3907 1654 3954 et
1668 3900 1702 3954 de

119 3991 180 4046 «ve
203 3996 249 4064 qui
273 3993 393 4047 aediticat
410 3993 550 4046 civitatem
574 3993 601 4046 in
624 3992 818 4063 sanguinibus,
835 3999 864 4047 et
903 3994 1017 4049 sublimi
1032 3993 1123 4064 gloria
1138 3993 1172 4045 ad
1189 3991 1511 4046 extremareniesmula.

92 4078 202 4148 preparat
215 4082 316 4136 urbem
327 4082 356 4135 in
366 4082 543 4153 iniquitate.»
554 4080 653 4136 Adhuc
663 4081 863 4136 contraNabu-
941 4102 953 4133 a
971 4081 1043 4146 Quia
1058 4081 1191 4152 iniquitas
1206 4080 1304 4134 Libani
1315 4080 1423 4149 operiet
1434 4085 1471 4132 te.
1489 4099 1500 4128 r
1517 4076 1640 4131 Libanus
1651 4091 1701 4146 pre

93 4164 237 4225 thedonesor
251 4188 346 4225 sermo
370 4171 537 4234 contexitur,
558 4171 639 4242 eique
663 4171 788 4225 dicitur:
814 4171 861 4224 Vre
902 4172 1008 4243 templo
1028 4171 1151 4241 ponitur,
1169 4170 1241 4241 quod
1258 4170 1291 4223 de
1316 4169 1399 4239 liguis
1421 4167 1518 4223 Libani
1533 4166 1701 4222 aedificatum

94 4256 145 4322 quod
155 4260 309 4314 edicaverit
326 4259 494 4330 llabylonem
506 4260 535 4312 in
549 4259 735 4330 sanguinibus
745 4268 774 4313 et
786 4276 862 4313 mor·
904 4254 1032 4315 est'.llinc
1042 4258 1113 4313 alius
1130 4264 1266 4331 propheta
1281 4258 1347 4312 dicit
1364 4276 1386 4310 z«
1400 4257 1493 4329 hperi,
1509 4255 1623 4319 Libane,
1636 4246 1702 4325 po'r·

94 4341 154 4411 tibus,
168 4356 193 4403 et
204 4346 308 4403 maenia
323 4348 399 4403 illius
410 4349 438 4403 in
453 4349 601 4419 iniquitate
616 4349 813 4403 construxerit.
846 4348 864 4397 ’.
904 4356 948 4404 tas
962 4355 1035 4404 tuas.
1055 4373 1066 4397 u
1085 4349 1159 4402 Dicit
1174 4366 1240 4418 ergo
1255 4348 1329 4419 qued
1345 4347 1479 4418 iniquitas
1493 4344 1601 4409 Libani,
1619 4343 1703 4398 idest

118 4435 258 4510 ‹Nunquid
269 4455 324 4492 non
338 4434 404 4500 hec,
423 4438 580 4493 »subaudis
590 4455 651 4508 quae
661 4438 802 4504 dicuntur,
816 4457 828 4489 o
844 4398 1010 4494 allevante
1024 4439 1121 4508 templi
1135 4443 1162 4492 et
1174 4438 1292 4491 vastatio
1301 4436 1463 4499 sanctuarii,
1475 4452 1538 4489 eum
1552 4433 1705 4504 depopula-

93 4515 250 4583 llominosunt
260 4527 457 4582 exercituum?
472 4548 483 4579 o
501 4528 564 4582 Non
576 4527 685 4598 (inquitt
698 4528 862 4581 attendatur
903 4528 979 4584 bitur
994 4534 1021 4582 et
1037 4527 1165 4581 vastabit.
1191 4528 1289 4582 Servat
1303 4534 1397 4581 autem
1414 4525 1619 4595 metaphoram,
1636 4521 1703 4591 quia

93 4614 389 4687 nnonatoqumtis,ne
402 4633 435 4670 cx
450 4616 572 4671 utilitate
587 4633 713 4688 personae
728 4623 863 4686 putentur
903 4618 1040 4673 Libanum
1063 4633 1113 4688 pro
1135 4617 1240 4686 templo
1262 4616 1379 4678 dixerat,
1402 4614 1482 4685 ponit
1505 4611 1640 4666 animalia
1650 4626 1701 4681 pro

94 4702 268 4759 auennen'da
282 4722 343 4759 esse
354 4721 416 4776 quae
430 4705 571 4760 dicuntur.
586 4705 697 4760 Domini
709 4706 783 4759 enim
794 4710 861 4759 sunt
902 4706 1047 4760 sacrificiis
1063 4712 1092 4759 et
1105 4705 1215 4768 hostiis,
1231 4704 1325 4758 dicens
1342 4722 1348 4755 :
1369 4725 1378 4752 ι
1400 4702 1436 4756 Et
1460 4701 1575 4753 vastitas
1589 4699 1699 4751 anihra-

12 4854 14 4859 Ι
94 4788 152 4845 ttrba
163 4812 220 4865 quae
233 4812 251 4848 a
264 4794 408 4866 prophetis
418 4793 559 4848 dicuntur.
572 4815 582 4845 r
597 4792 860 4848 Laborabuntenim
902 4796 982 4857 lium,
1000 4815 1012 4845 o
1025 4795 1103 4847 idest
1114 4793 1268 4847 devastatio
1278 4790 1478 4845 sacrificiorum
1488 4806 1549 4860 quae
1559 4787 1701 4857 intemplo

12 4866 14 4879 Ι
94 4880 162 4946 repul
175 4882 203 4937 in
219 4881 309 4937 multo
322 4882 391 4953 igni,
408 4890 547 4953 algentes
561 4883 590 4936 in
604 4899 732 4948 vacuum,
749 4889 777 4935 et
791 4884 860 4936 desi-
902 4882 1100 4946 offerebantur,
1119 4903 1129 4933 r
1149 4879 1301 4934 deterrebit
1318 4896 1375 4941 eos,
1392 4899 1406 4933 r>
1421 4878 1449 4932 id
1465 4885 1507 4932 est
1520 4876 1701 4948 Babylonios,

12 4960 14 4975 '
93 4961 150 5021 dent
173 4975 322 5026 »incensa
348 4970 500 5043 Babylone,
520 4971 625 5026 frustra
648 4970 817 5025 laborabunt
831 4976 862 5025 ut
903 4970 1188 5044 quiainjuriatempli
1203 4968 1452 5030 etsacrilrciorum,
1467 4956 1600 5037 quaejam
1613 4981 1704 5019 cessa·

93 5053 242 5126 eaongoant
256 5058 361 5128 ignem.
375 5058 578 5111 etniteuturin
589 5056 862 5111 nihilumDesreient
903 5067 1001 5115 rorant
1016 5060 1119 5124 ollerri,
1137 5057 1276 5112 deterruit
1296 5073 1343 5110 eos
1358 5063 1386 5110 et
1404 5056 1534 5127 perdidit.
1553 5074 1565 5107 a
1581 5056 1622 5109 De
1636 5071 1702 5108 san-

92 5139 144 5196 eim
156 5147 246 5216 populi
261 5142 415 5211 Chaldaici,
425 5152 454 5200 et
468 5146 657 5208 lassabuntur,
667 5162 718 5199 nec
727 5152 861 5217 poterunt
901 5150 1036 5220 guinihus
1052 5148 1206 5206 leontinum,
1225 5165 1237 5198 r
1256 5144 1282 5199 id
1299 5151 1341 5199 est
1354 5153 1468 5217 propter
1478 5144 1701 5198 intersectionem

90 5232 152 5286 emet
165 5252 312 5290 accensum
326 5236 420 5304 ignem
437 5235 623 5303 exstinguere.
901 5239 1067 5292 hominum«
1084 5243 1111 5290 et
1121 5257 1133 5287 x
1149 5242 1281 5306 propter«
1295 5234 1473 5305 iniquitatem
1486 5240 1569 5288 terrae
1584 5252 1596 5285 r
1609 5250 1704 5305 repro·

113 5320 172 5384 Quia
189 5323 345 5395 replebitur
356 5329 432 5378 terra
448 5334 480 5378 ut
499 5331 648 5393 cognoscat
669 5324 789 5393 gloriam
804 5325 859 5378 Do·
901 5327 1044 5380 missionis
1060 5347 1070 5376 r
1088 5332 1117 5380 et
1127 5324 1249 5378 civitatis
1265 5344 1277 5375 r
1292 5324 1477 5377 Hierusalem.
1495 5344 1506 5374 r
1525 5325 1559 5377 Et
1574 5322 1699 5376 omnium

12 5466 14 5471 .
87 5407 146 5472 uini,
160 5414 238 5485 quasi
253 5430 333 5483 aquae
346 5412 505 5484 operientes
520 5430 606 5468 mare.
626 5432 636 5464 r
654 5412 724 5467 Cum
736 5413 859 5485 Babylon
901 5415 1121 5471 habitantiumin
1132 5414 1277 5468 eastum
1288 5413 1472 5484 tropologiam
1484 5411 1721 5482 increpabantur
1767 5441 1773 5450 ·

86 5493 152 5571 luerit
163 5518 267 5567 eversa,
285 5499 430 5556 rii‘ani't'esta
445 5504 493 5556 liet
507 5502 637 5556 omnibus
658 5503 784 5573 potentia
799 5505 858 5569 Dei,
898 5494 1033 5560 'haeretici
1051 5504 1125 5574 quod
1138 5520 1235 5557 omnes
1250 5502 1384 5557 inebrient
1402 5501 1505 5554 amaris
1523 5508 1551 5554 et
1565 5496 1701 5570 perversis

83 5589 103 5638 tl
113 5587 178 5648 aaut
187 5608 268 5664 aquae
283 5583 401 5646 tundam
407 5584 495 5647 meris
508 5585 714 5663 couteguutaic
728 5577 860 5648 uuiversa
899 5590 1089 5663 dogmatibus,
1108 5591 1208 5646 dantes
1222 5588 1324 5656 amico,
1340 5589 1369 5643 id
1384 5595 1427 5643 est
1437 5588 1513 5642 socie
1526 5586 1555 5638 in
1564 5586 1630 5648 tine,
1646 5597 1698 5651 po·
