3818 6104
313 248 505 307 mosmo
520 251 560 308 IN
575 250 654 310 ΕΡΡ.
672 257 701 312 S.
718 254 836 310 PAULI.
854 282 888 296 -
902 254 943 308 IN
958 252 1068 308 EPIST.
1084 254 1133 309 AD
1148 251 1297 308 Plllhh'bl,
1567 242 1622 306 818

103 372 148 427 sed
159 372 226 444 quia
242 373 396 429 maximnm
410 375 576 433 charitatem
591 380 817 450 habebatergaA
827 377 946 442 minum,
962 382 995 432 ut
1009 382 1103 448 posset
1111 377 1224 432 domino
1239 392 1290 431 suo
1305 372 1446 448 prodesse,
1457 373 1525 428 dum
1535 371 1571 427 ab
1587 388 1621 426 eo

103 466 218 530 sanctos,
235 463 335 518 maluit
351 463 497 520 obsecrare
518 484 603 538 quam
627 469 779 541 imperare,
823 464 909 519 tuerit
918 465 1066 521 remissus:
1080 464 1127 537 qui
1143 464 1275 536 prodesse
1284 480 1342 519 non
1352 467 1463 534 poterat
1476 461 1501 515 si
1512 467 1622 515 tenere·

103 565 129 605 m
144 555 206 606 erat
216 567 328 607 necesse
346 560 378 607 ut
393 570 425 607 ex
449 557 616 611 auctoritate
630 558 784 628 apostolica
823 552 1380 623 tur,domiuoignorantenequevolente.
1400 549 1531 614 Quoloco
1543 564 1620 620 qun·

103 642 182 693 rarat.
194 640 228 694 ln
238 639 290 693 hoc
303 645 398 695 autem
410 641 484 713 quod
493 642 570 709 dicit,
583 660 647 698 cum
661 645 782 710 sistalis,
823 648 892 695 runt
899 641 1035 703 nonnulli,
1044 641 1316 712 quareomnipotens
1324 641 1399 695 Deus
1413 656 1470 694 non
1486 636 1623 693 creaverit

103 739 232 790 asseuex,
240 728 362 783 ostendit
371 730 451 784 illum
462 748 585 786 coaevum
605 733 669 799 sibi,
686 750 719 788 ac
733 750 783 805 per
823 730 963 784 adamita
975 735 1072 784 utnon
1083 735 1177 802 posset
1194 745 1320 802 peccare.
1332 727 1439 793 Quibus
1448 725 1621 799 responden-

103 815 134 871 rsi
147 815 342 873 honorabilius
364 818 517 890 alloquitur
544 821 635 888 illum,
656 838 740 892 qnam
758 823 783 876 si
825 817 892 872 dum
906 822 959 882 est,
971 819 1038 890 quia
1051 818 1074 873 si
1093 820 1178 874 talem
1192 819 1304 874 lecisset
1321 834 1396 882 eum,
1410 821 1442 872 ut
1460 817 1623 886 nonposaet

103 905 166 962 nior
179 910 272 961 etate.
825 924 948 979 peccare,
964 907 1070 963 bonum
1091 908 1168 963 illius
1190 924 1246 962 non
1261 893 1335 962 esset
1360 905 1525 978 perlectum,
1545 901 1622 974 quod

103 1008 133 1050 ro
146 999 170 1049 le
183 1010 236 1064 pro
250 1010 309 1049 meo
322 997 390 1062 fillo,
408 1012 488 1065 quem
502 1002 588 1065 penui
601 1002 633 1053 in
652 1003 781 1064 vinculis,
825 997 974 1068 praemium
986 1003 1154 1063 mereretur,
1161 996 1210 1051 sed
1218 994 1416 1059 necessarium,
1427 1008 1519 1064 neque
1534 991 1621 1045 etiarn

103 1080 228 1137 avolans
236 1082 467 1155 impetrarequod
477 1085 646 1156 postulabat,
656 1089 784 1158 jamnon
824 1084 944 1140 liberum
956 1085 1105 1141 arbitrium
1116 1085 1241 1140 haberet.
1258 1083 1369 1139 creavit
1391 1082 1467 1138 enim
1477 1079 1621 1136 hominem

103 1186 127 1226 ro
140 1170 323 1233 Philemonis,
333 1172 382 1226 sed
397 1189 448 1240 pro
462 1191 513 1228 suo
528 1174 585 1229 illio
595 1184 735 1247 precatur,
751 1183 784 1232 ut
824 1176 859 1229 ad
874 1174 1028 1245 imaginem
1043 1181 1071 1228 et
1081 1174 1292 1229 similitudinem
1316 1188 1406 1238 auam,
1419 1176 1451 1226 ut
1473 1168 1620 1240 sicutipse

104 1258 147 1314 dit
158 1258 239 1314 illum
253 1259 288 1314 ab
301 1261 435 1332 Apostolo
456 1263 546 1316 lilium
572 1264 674 1329 vocari,
694 1265 784 1335 tnagis
824 1265 970 1318 voluntate
982 1268 1026 1318 est
1038 1263 1138 1329 bonus
1159 1278 1215 1317 non
1237 1260 1519 1333 accessissemus
1535 1258 1620 1313 homo

103 1348 345 1414 llumutsratrem,
359 1366 444 1420 qnam
458 1353 716 1408 tormentlsaliiciat
730 1371 780 1426 pro
822 1353 964 1407 voluntate
979 1360 1053 1408 esset
1066 1352 1165 1418 bonus,
1178 1368 1234 1406 non
1247 1350 1424 1405 necessitate.

105 1437 181 1492 lucto
196 1443 229 1491 ut
242 1454 363 1492 servum.
378 1439 521 1495 Genuerat
534 1448 629 1496 autem
652 1442 732 1497 illum
751 1443 780 1497 in
857 1442 986 1495 Forsitan
995 1443 1055 1495 ideo
1062 1442 1227 1495 discessitcd
1237 1441 1334 1494 liorem
1356 1454 1374 1492 α
1390 1444 1423 1506 te,
1440 1441 1621 1492 claternam

114 1527 231 1599 positus,
241 1543 297 1581 non
311 1544 405 1593 carne,
425 1529 473 1583 sed
487 1531 693 1601 predicatione,
709 1532 782 1587 sicut
823 1533 906 1584 illem
914 1532 1055 1598 reciperes,
1061 1533 1124 1598 jam
1136 1545 1192 1584 non
1200 1532 1271 1583 sicut
1280 1544 1402 1592 smum,
1415 1528 1460 1582 scd
1480 1541 1533 1596 pro
1545 1541 1621 1581 seruo

103 1615 191 1680 rthios,
213 1615 315 1687 quihus
329 1616 454 1671 dicebat:
472 1619 523 1672 Per
541 1620 722 1689 Evenpelium
735 1638 780 1690 epo
823 1619 1020 1673 charissimum
1030 1619 1159 1686 fratrem.
1175 1618 1295 1672 Pulchre
1309 1615 1471 1671 adverbium
1485 1613 1622 1671 dubitati·

103 1707 128 1760 ιι·
140 1706 167 1775 (l
177 1705 237 1760 Cor.
263 1707 309 1772 lv).
332 1706 364 1759 ln
385 1707 501 1761 vinculis
523 1708 596 1762 enim
623 1709 780 1775 tenebatur,
824 1704 1624 1777 vumaddenslorsitan,sententiamtemperavit;occultn

105 1793 228 1848 edilium
236 1794 313 1848 venit
323 1794 483 1861 Onesimus,
495 1799 562 1864 prtia
576 1799 784 1865 libiclr'qaondo
826 1793 984 1865 quippeDei
996 1794 1101 1864 iudicia
1111 1799 1186 1856 sunt,
1203 1799 1232 1849 et
1245 1793 1429 1848 temerarium
1438 1797 1482 1847 ast
1493 1792 1573 1864 quasi
1587 1792 1623 1847 de

106 1881 259 1949 [situnne
267 1889 391 1937 oratornet
401 1885 503 1937 initiet
512 1886 564 1937 lr'ln'
573 1885 784 1939 nlz'lis:inutilis
826 1889 901 1937 certo
917 1883 1101 1953 pronuntiare
1116 1881 1190 1953 quod
1205 1881 1321 1936 dubium
1336 1886 1388 1935 est.
1401 1878 1490 1936 Caute
1507 1896 1574 1950 ergo
1593 1884 1623 1934 et

103 1969 207 2025 sxstitit
226 1971 373 2026 Onesimus
398 1972 513 2027 domino
538 1989 589 2026 suo
616 1973 782 2041 Philemoni,
827 1971 1116 2042 timide‚etnons1xo
1130 1971 1221 2042 gradu
1235 1970 1345 2026 locutus
1357 1975 1410 2036 est,
1421 1986 1457 2024 ne
1479 1968 1622 2023 videretur

103 2074 159 2114 non
168 2060 259 2113 solum
270 2060 304 2114 de
329 2060 441 2113 servitio
462 2060 539 2114 illius
553 2061 620 2131 iuga
631 2078 660 2115 se
673 2061 782 2116 subtra·
824 2061 954 2116 omnibus
968 2061 1056 2116 servis
1071 2061 1244 2115 occasionem
1259 2059 1384 2130 fugiendi
1395 2059 1514 2123 darent
1523 2057 1623 2129 praedi·

111 2142 228 2215 insuper
244 2144 319 2199 illius
332 2144 406 2199 bona
416 2145 585 2199 furatusest.
600 2144 780 2217 Tibi,inquit‚
823 2154 952 2204 catorum
966 2149 1095 2221 discipuli
1106 2150 1216 2207 fierent.
1232 2147 1313 2213 Quod
1327 2153 1422 2203 autem
1437 2146 1516 2212 dixit,
1529 2148 1566 2202 cd
1576 2147 1619 2202 bc

103 2231 169 2299 iilis,
186 2249 242 2286 non
257 2233 463 2297 celerianum
478 2234 636 2288 econtrario
652 2235 783 2290 utilitatis
824 2254 956 2309 roric,pro
968 2243 1096 2310 tempore
1107 2239 1210 2309 posuit.
1228 2238 1317 2292 Omne
1330 2236 1406 2291 enim
1420 2240 1533 2308 tempus
1549 2252 1622 2308 prae·

103 2321 211 2377 satione
222 2339 277 2393 qua
290 2329 317 2376 et
330 2323 383 2394 ipsi
397 2324 511 2378 domino
519 2329 548 2377 et
557 2324 645 2378 Paulo
655 2325 784 2379 utilisest
825 2328 912 2381 sentis
927 2328 990 2383 vitae
1000 2328 1035 2381 ad
1049 2328 1288 2399 comparationem
1296 2325 1472 2390 aeternitatis,
1483 2330 1533 2381 aut
1551 2323 1623 2380 nihil

103 2426 155 2483 pue,
180 2429 231 2483 per
259 2412 378 2466 Paulum
407 2415 469 2485 plus
498 2413 644 2467 charitatis
658 2420 784 2470 meretur
825 2420 877 2480 est,
888 2422 939 2470 aut
950 2416 1116 2470 brevissima
1124 2416 1203 2471 horn.
1221 2417 1253 2472 Ul
1267 2423 1413 2482 aternum,
1424 2413 1528 2486 inquit,
1537 2416 1622 2469 illum

103 2500 141 2557 dii
154 2508 219 2556 ante
233 2508 385 2557 meruerat.
403 2502 521 2556 Domino
535 2519 586 2556 suo
600 2502 629 2557 in
651 2504 704 2557 hoc
722 2509 785 2558 erat
825 2507 964 2571 reciperes.
978 2505 1079 2558 Nullus
1095 2504 1227 2559 dominus
1245 2509 1382 2558 aeternum
1403 2520 1515 2559 servum
1529 2508 1623 2574 potest

103 2590 140 2658 is,
149 2592 215 2661 quia
225 2591 363 2646 serviebat
372 2592 506 2662 Apostolo
530 2608 581 2664 pro
596 2591 709 2646 domino
720 2609 781 2659 suo,
824 2591 937 2655 habere,
950 2593 1082 2662 quoniam
1093 2598 1213 2663 uterque
1224 2592 1337 2647 illomm
1349 2598 1378 2647 et
1387 2592 1510 2648 conditio
1517 2593 1622 2648 utrius·

103 2680 299 2750 {quedominus
308 2679 511 2751 ejusdcbuernt
525 2696 619 2751 agere,
631 2681 782 2751 sipraesens
823 2697 877 2750 que
888 2682 1243 2736 montellnitur.Oneaimus
1251 2680 1621 2752 veroquiperfldemOhristi

103 2768 207 2839 postolo
221 2769 312 2823 inhoc
327 2773 388 2823 erat
406 2769 523 2835 inutilis,
534 2770 600 2840 quia
614 2769 662 2823 illo
677 2770 706 2824 in
719 2787 782 2824 car·
823 2769 1090 2824 lactuscstoeternus
1105 2769 1385 2839 aeternoPhilemoni,
1396 2769 1462 2840 quia
1476 2774 1506 2825 et
1515 2770 1576 2841 ipse
1589 2770 1621 2826 in

103 2856 156 2911 aito
174 2897 181 2923 ,
201 2857 375 2929 vinculisque
395 2858 527 2921 detento,
549 2857 729 2912 ministrabat
744 2859 779 2925 ei,
824 2857 967 2912 Christum
977 2859 1142 2923 crediderat,
1155 2858 1257 2930 spiritu
1270 2856 1409 2913 libertatis
1418 2863 1543 2929 accepto,
1557 2859 1620 2929 jam

109 2946 321 3018 temporalibus,
331 2951 360 3001 et
368 2947 485 3017 insuper
493 2947 521 2999 in
530 2946 783 3018 spiritualibus,de·
822 2962 879 3000 non
894 2962 999 3010 servus,
1011 2948 1061 3002 sed
1076 2947 1165 3002 irater
1178 2947 1207 3001 in
1234 2946 1291 3001 lide
1304 2945 1389 3017 coepit
1401 2962 1471 3012 esse,
1492 2945 1528 3001 de
1538 2961 1620 3001 servo

103 3032 197 3087 itteras
212 3034 339 3106 Apostoli
352 3035 408 3089 huc
420 3034 555 3106 illucque.
821 3035 908 3089 trater
914 3035 1096 3090 charissimus
1106 3041 1135 3090 et
1142 3035 1230 3090 trater
1236 3041 1368 3103 eternum
1377 3034 1452 3090 unde
1460 3039 1490 3089 et
1501 3035 1620 3107 Aposto-

103 3126 162 3176 :tem
175 3125 257 3176 illum
270 3129 302 3177 nl
327 3127 431 3178 viscera
445 3140 505 3177 rnen
528 3126 640 3192 suscipe.
655 3123 778 3189 Viscera,
790 3091 944 3178 Glusdicit
956 3143 962 3178 :
973 3130 1148 3179 claternam
1159 3124 1621 3193 illumrecipereshocestaetoma·

103 3224 125 3264 n
137 3208 267 3276 diximus,
283 3212 442 3282 significant
453 3212 595 3266 internum
611 3213 703 3267 cordis
716 3213 781 3267 uile-
822 3213 887 3267 liter
899 3229 962 3268 cum
973 3214 1083 3269 Christo
1093 3221 1277 3284 regnaturum
1290 3232 1296 3266 z
1309 3219 1338 3268 et
1347 3229 1404 3269 non
1413 3213 1488 3270 sicut
1496 3229 1618 3283 seruum,

103 3298 235 3370 tplenam
247 3301 385 3355 exanimo
399 3301 571 3355 voluntatem
586 3322 592 3355 ε
610 3317 674 3354 cum
688 3306 780 3356 toturn
821 3301 869 3355 sed
877 3302 940 3373 plus
950 3319 1040 3368 servo,
1056 3303 1084 3357 id
1096 3308 1140 3359 est
1150 3303 1241 3373 anagn
1251 3318 1336 3373 quam
1350 3319 1472 3368 servum,
1486 3303 1619 3360 charissi-

103 3386 155 3442 lin
161 3388 241 3442 nobis
251 3395 294 3443 cst
300 3390 450 3459 suscipitur
464 3390 780 3460 erogantemliquando
821 3407 899 3444 mum
910 3390 1149 3446 scilicetsratrem.
1161 3391 1229 3447 Plus
1238 3391 1314 3447 enim
1323 3391 1359 3446 ad
1373 3408 1425 3447 nos
1434 3393 1558 3464 pertinet
1565 3395 1621 3451 sra-

103 3476 281 3547 stelliguntur
291 3483 320 3531 et
326 3478 386 3532 lilii.
400 3479 520 3547 Staescipe,
533 3479 634 3549 inquit,
650 3482 735 3534 illurn
748 3486 779 3534 nt
821 3483 866 3534 ter
875 3480 903 3533 in
912 3480 1012 3535 ellectu
1023 3480 1168 3536 charitatis
1178 3497 1375 3551 quamserrns.
1387 3480 1499 3537 Habent
1512 3488 1541 3537 et
1554 3484 1620 3554 qui·

103 3580 167 3632 nro,
182 3566 235 3619 hoc
245 3570 289 3620 est
301 3572 334 3620 ut
357 3566 445 3621 filium
460 3583 554 3620 meum
561 3568 777 3632 charissimum,
821 3568 886 3623 darn
896 3569 1004 3624 codices
1017 3575 1049 3624 ut
1058 3586 1109 3640 pro
1116 3586 1195 3624 servo
1203 3569 1401 3625 charissimum
1414 3568 1530 3625 tratrem
1545 3572 1618 3627 reci-

103 3653 140 3708 llo
159 3654 268 3726 suscipe
300 3655 442 3710 internum
462 3657 593 3710 allectum
623 3656 780 3712 dilectionis
820 3674 910 3728 peres.
936 3657 1016 3721 Quod
1048 3663 1202 3728 utrumque
1228 3658 1315 3728 accipi
1343 3662 1463 3729 potest:
1484 3660 1618 3730 quoniam

820 3747 932 3818 quaudo
946 3746 1028 3817 fugit,
1043 3763 1140 3800 servus
1155 3745 1324 3810 erst,adhuc
1341 3744 1462 3801 infidelis
1471 3747 1593 3803 existens
1608 3768 1616 3818 ;

113 3835 311 3900 convalueram
327 3850 433 3888 meeum
448 3837 577 3901 rolr'ncre,
591 3840 622 3887 ul
636 3850 686 3903 pro
696 3838 779 3888 lerni-
820 3836 1007 3907 quandovero
1019 3851 1147 3889 reversus
1158 3839 1209 3901 est,
1226 3835 1285 3905 jam
1301 3838 1389 3888 irater
1401 3840 1463 3890 erat
1476 3835 1506 3891 in
1520 3836 1617 3892 fideii-

103 3927 199 3977 rtroret
211 3928 242 3978 in
256 3928 374 3978 vinculis
398 3927 551 3994 Ecanpelii.
566 3925 673 3981 Idcirco
687 3927 777 3980 lilium
818 3923 888 3979 delis
900 3925 1025 3980 effectus,
1041 3925 1076 3978 Et
1095 3928 1126 3977 ut
1144 3922 1290 3977 Philemon
1304 3939 1361 3977 non
1371 3922 1573 3994 dedignaretur
1585 3925 1617 3980 il·

107 4010 198 4066 fllium
208 4013 381 4067 vinculorum
393 4020 421 4068 et
427 4015 585 4069 ministrum
598 4014 777 4085 Evangeliiin
818 4014 876 4068 lum
886 4014 944 4068 vice
951 4013 1047 4067 fratris
1056 4018 1163 4075 tenere,
1170 4011 1279 4065 addidit
1291 4016 1315 4065 el
1327 4014 1448 4065 monimo
1458 4013 1538 4076 milri,
1551 4014 1616 4068 sub-

103 4101 244 4156 constituti
258 4102 341 4156 toties
352 4104 478 4174 replicat,
503 4109 535 4158 ut
547 4103 695 4158 Philemon
710 4121 777 4174 pru·
818 4102 899 4157 audis
908 4101 1088 4156 charissimus
1098 4102 1185 4154 irater
1195 4100 1361 4167 est,quondc
1375 4102 1466 4168 monis
1481 4101 1531 4153 libi
1544 4107 1569 4155 el
1583 4105 1615 4157 in

103 4194 238 4262 pensator
247 4196 357 4245 tantum
373 4191 571 4262 inpraelatione
580 4191 711 4246 laudatus
720 4165 901 4246 nochcrnc
909 4197 938 4245 et
947 4191 1099 4262 inspiritu;
1110 4197 1139 4243 et
1146 4196 1189 4244 est
1197 4205 1309 4244 sensus:
1319 4188 1348 4243 Si
1356 4187 1426 4243 mihi
1433 4188 1615 4246 charissimus

109 4294 225 4349 negare,
235 4279 773 4351 nesuislaudibusvidereturindignus.
817 4285 869 4344 est,
884 4286 989 4350 quanto
999 4279 1089 4349 magis
1099 4278 1149 4333 tihi
1160 4284 1187 4333 et
1202 4278 1325 4333 incarne
1336 4276 1404 4332 etin
1417 4277 1518 4349 spiritu
1532 4278 1616 4337 debet

103 4383 129 4433 e,
155 4368 257 4439 inquit,
283 4368 351 4422 mihi
376 4369 558 4433 ministraret,
588 4368 652 4440 quin
672 4369 695 4422 si
715 4369 775 4423 fieri
817 4367 1081 4424 esseeharus?hlihi
1091 4367 1203 4438 quidem
1212 4367 1314 4439 spiritu
1325 4372 1368 4422 est
1378 4367 1616 4442 conjunctuspro·

103 4461 128 4513 ln
141 4455 280 4512 debueras
298 4458 367 4511 mihi
382 4459 412 4513 in
439 4457 556 4512 vinculis
580 4459 671 4529 posito
690 4457 774 4511 mini·
815 4462 878 4527 pter
886 4455 1025 4510 unitatem
1040 4454 1119 4522 ndei,
1136 4454 1189 4509 tibi
1202 4465 1297 4510 autem
1312 4460 1341 4510 et
1353 4455 1458 4522 infide,
1474 4462 1503 4512 et
1513 4457 1544 4512 in
1557 4458 1617 4530 spi-

815 4547 882 4610 ritu,
899 4548 928 4598 et
942 4543 971 4598 in
985 4559 1069 4599 carne
1079 4543 1162 4599 debet
1172 4561 1233 4599 esso
1242 4545 1353 4612 charus,
1368 4546 1435 4616 quia
1448 4546 1485 4600 ad
1494 4547 1617 4618 teperti·

103 4637 302 4689 candicantem
313 4640 359 4689 tuo
370 4637 445 4689 nibil
454 4639 531 4690 colit-i
546 4639 645 4705 faeere,
658 4637 711 4692 hoc
721 4641 773 4703 est,
816 4640 872 4689 net.
886 4633 952 4688 Fide
962 4632 1089 4688 enimest
1102 4633 1188 4688 frater
1206 4639 1281 4697 tuus,
1297 4649 1381 4688 carne
1399 4639 1533 4688 autemst
1551 4651 1616 4690 con·

103 4738 129 4778 m
138 4723 200 4778 sine
210 4728 259 4778 tuo
269 4740 405 4778 consensu
413 4723 543 4791 retinere,
562 4729 606 4779 uti
616 4742 649 4780 ne
659 4730 731 4781 celet
743 4742 776 4779 cc
816 4724 922 4778 ditione
932 4738 1029 4777 servus
1035 4727 1112 4777 tuus:
1124 4720 1417 4794 quaproptermagiaa
1433 4726 1462 4775 te
1472 4720 1551 4791 diligi
1563 4722 1614 4776 de·

103 4818 130 4868 te
141 4815 243 4868 bonum
260 4819 340 4868 turam
354 4820 427 4880 esset,
440 4815 485 4867 sed
499 4818 702 4870 voluntarium.
716 4816 776 4870 Po·
816 4812 874 4866 bet.
886 4810 1031 4882 Siquidem
1039 4812 1152 4883 quando
1159 4814 1220 4864 erat
1229 4809 1254 4863 ei
1262 4807 1404 4879 subjectus
1413 4809 1443 4863 in
1451 4825 1545 4876 carne,
1556 4825 1614 4865 non

103 4900 172 4958 idem
186 4903 340 4973 Apostolus
363 4903 423 4956 sine
439 4904 581 4958 voluntate
602 4904 775 4960 Philemonis
817 4906 878 4956 erat
893 4901 919 4955 ei
930 4902 1046 4971 junctus
1059 4899 1088 4953 in
1101 4899 1229 4959 Domino,
1242 4913 1317 4951 nunc
1331 4901 1425 4951 autem
1440 4901 1469 4952 et
1487 4897 1518 4952 in
1528 4913 1614 4955 carne

103 5007 142 5046 un
152 4990 207 5046 sibi
215 4991 245 5045 in
256 4992 446 5046 ministerium
461 4994 584 5047 retinere
601 5014 607 5048 ε
622 4995 671 5048 sed
686 4995 709 5048 si
724 4995 777 5049 hoe
817 4997 846 5044 et
855 4991 884 5044 in
896 4989 1022 5047 Domino.
1031 4990 1070 5043 Ex
1081 5004 1136 5059 quo
1149 4985 1291 5057 colligitur
1301 5001 1412 5040 servum
1428 4986 1476 5058 qui
1487 4986 1616 5044 credide·

103 5084 205 5136 ‚nutate
228 5081 290 5151 ejus
308 5081 428 5146 lecisset,
450 5080 553 5136 bonum
583 5083 696 5153 quidem
716 5089 777 5137 erat
817 5079 895 5134 ritin
906 5079 1051 5134 Christum
1066 5075 1171 5149 duplici
1184 5073 1355 5129 dominosuo
1371 5075 1434 5146 lege
1447 5076 1613 5149 constringi,

103 5168 176 5224 lnon
186 5170 394 5223 voluntarium:
414 5170 489 5239 quod
504 5175 598 5225 autem
624 5188 680 5225 non
701 5175 777 5226 esset
816 5174 850 5223 ut
863 5169 888 5223 ei
904 5175 933 5223 et
947 5169 977 5224 in
991 5167 1084 5222 carnis
1102 5163 1268 5218 necessitate
1279 5164 1418 5235 jungatur
1432 5165 1468 5219 ad
1490 5171 1613 5239 tempus,

103 5257 180 5313 inm:
191 5259 451 5314 ostendereturnon
462 5275 523 5314 esse
533 5277 566 5313 ex
586 5265 643 5314 toto
658 5259 773 5314 bonurn.
817 5258 884 5313 etin
896 5263 1032 5312 ueternum
1051 5253 1152 5326 spiritu
1171 5253 1330 5324 copuletur.

103 5346 172 5419 ‚ippe
182 5347 335 5419 perlectum
349 5346 453 5401 bonum
474 5354 516 5401 est
530 5348 584 5402 nisi
600 5349 674 5419 quod
685 5349 775 5402 ultro·
851 5346 883 5401 Si
896 5362 958 5414 erpo
984 5344 1062 5397 habes
1090 5359 1132 5396 me
1146 5344 1261 5408 semaam,
1285 5342 1385 5398 iulide
1412 5347 1517 5415 suscipe
1531 5348 1615 5401 illum

103 5440 134 5490 st.
158 5435 199 5490 Ex
212 5452 266 5507 quo
292 5435 419 5506 Apostoli
433 5437 637 5492 consideranda
648 5442 691 5491 est
710 5453 776 5507 pru·
815 5440 886 5491 sicut
900 5451 953 5498 mc,
970 5432 1049 5504 quasi
1062 5432 1186 5487 diceret:
1203 5431 1233 5485 Si
1259 5432 1359 5486 mavis
1376 5431 1480 5489 hebere
1494 5431 1611 5500 socium,

103 5523 139 5596 [ni
146 5523 249 5580 idcirco
259 5525 411 5597 fugitivum
426 5541 537 5580 servum
551 5526 672 5581 remittit
681 5526 716 5580 ad
727 5526 774 5580 do·
814 5524 917 5581 habeto
936 5527 965 5577 et
983 5520 1158 5588 Onesimum,
1180 5536 1264 5592 quern
1283 5536 1335 5591 ego
1363 5527 1392 5576 et
1412 5528 1569 5580 consortem
1586 5524 1615 5586 et
