<?xml version="1.0" encoding="UTF-8"?>
<!DOCTYPE html PUBLIC "-//W3C//DTD XHTML 1.0 Transitional//EN"
    "http://www.w3.org/TR/xhtml1/DTD/xhtml1-transitional.dtd">
<html xmlns="http://www.w3.org/1999/xhtml" xml:lang="en" lang="en">
 <head>
  <title>
</title>
<meta http-equiv="Content-Type" content="text/html;charset=utf-8" />
  <meta name='ocr-system' content='tesseract 3.04.00' />
  <meta name='ocr-capabilities' content='ocr_page ocr_carea ocr_par ocr_line ocrx_word'/>
</head>
<body>
  <div class='ocr_page' id='page_1' title='image "./patrologiaecurs31unkngoog_0372.png"; bbox 0 0 3818 6104; ppageno 0'>
   <div class='ocr_carea' id='block_1_1' title="bbox 323 266 1640 381">
    <p class='ocr_par' dir='ltr' id='par_1_1' title="bbox 323 266 1640 381">
     <span class='ocr_line' id='line_1_1' title="bbox 323 266 1640 381; baseline 0.002 -18"><span class='ocrx_word' id='word_1_1' title='bbox 323 266 1317 381; x_wconf 71' lang='lat' dir='ltr'>mosmomsnr.seiont-inssisnipppmmp.</span> <span class='ocrx_word' id='word_1_2' title='bbox 1587 284 1640 365; x_wconf 78' lang='lat' dir='ltr'>ret</span> 
     </span>
    </p>
   </div>
   <div class='ocr_carea' id='block_1_2' title="bbox 109 431 1645 863">
    <p class='ocr_par' dir='ltr' id='par_1_2' title="bbox 109 431 1641 594">
     <span class='ocr_line' id='line_1_2' title="bbox 116 431 1641 511; baseline -0.002 -13"><span class='ocrx_word' id='word_1_3' title='bbox 116 432 271 511; x_wconf 65' lang='lat' dir='ltr'>liminum</span> <span class='ocrx_word' id='word_1_4' title='bbox 289 432 386 497; x_wconf 73' lang='lat' dir='ltr'>imum</span> <span class='ocrx_word' id='word_1_5' title='bbox 406 437 435 487; x_wconf 84' lang='lat' dir='ltr'>et</span> <span class='ocrx_word' id='word_1_6' title='bbox 453 431 598 505; x_wconf 85' lang='lat' dir='ltr'>principes</span> <span class='ocrx_word' id='word_1_7' title='bbox 622 434 671 506; x_wconf 82' lang='lat' dir='ltr'>qni</span> <span class='ocrx_word' id='word_1_8' title='bbox 690 439 759 491; x_wconf 80' lang='lat' dir='ltr'>cunt</span> <span class='ocrx_word' id='word_1_9' title='bbox 772 433 914 495; x_wconf 82' lang='lat' dir='ltr'>inAlibus</span> <span class='ocrx_word' id='word_1_10' title='bbox 928 456 935 492; x_wconf 75' lang='grc' dir='ltr'>ι</span> <span class='ocrx_word' id='word_1_11' title='bbox 951 435 995 492; x_wconf 85' lang='lat' dir='ltr'>rel</span> <span class='ocrx_word' id='word_1_12' title='bbox 1008 433 1094 491; x_wconf 79' lang='lat' dir='ltr'>etium</span> <span class='ocrx_word' id='word_1_13' title='bbox 1108 434 1306 507; x_wconf 73' lang='lat' dir='ltr'>quiapropter</span> <span class='ocrx_word' id='word_1_14' title='bbox 1326 433 1534 495; x_wconf 72' lang='lat' dir='ltr'>emmenum</span> <span class='ocrx_word' id='word_1_15' title='bbox 1550 434 1641 503; x_wconf 66' lang='lat' dir='ltr'>Euers-</span> 
     </span>
     <span class='ocr_line' id='line_1_3' title="bbox 109 520 1337 594; baseline 0.001 -17"><span class='ocrx_word' id='word_1_16' title='bbox 109 537 130 589; x_wconf 82' lang='lat' dir='ltr'>t,</span> <span class='ocrx_word' id='word_1_17' title='bbox 140 521 216 577; x_wconf 84' lang='lat' dir='ltr'>serbi</span> <span class='ocrx_word' id='word_1_18' title='bbox 225 521 327 592; x_wconf 77' lang='lat' dir='ltr'>grstia,</span> <span class='ocrx_word' id='word_1_19' title='bbox 338 520 430 592; x_wconf 77' lang='lat' dir='ltr'>qualis</span> <span class='ocrx_word' id='word_1_20' title='bbox 438 521 493 583; x_wconf 81' lang='lat' dir='ltr'>init</span> <span class='ocrx_word' id='word_1_21' title='bbox 503 522 591 578; x_wconf 77' lang='lat' dir='ltr'>David</span> <span class='ocrx_word' id='word_1_22' title='bbox 604 523 654 594; x_wconf 88' lang='lat' dir='ltr'>qui</span> <span class='ocrx_word' id='word_1_23' title='bbox 666 522 803 594; x_wconf 81' lang='lat' dir='ltr'>interpre·</span> <span class='ocrx_word' id='word_1_24' title='bbox 840 523 909 594; x_wconf 73' lang='lat' dir='ltr'>gelli</span> <span class='ocrx_word' id='word_1_25' title='bbox 922 540 1065 581; x_wconf 82' lang='lat' dir='ltr'>meremur</span> <span class='ocrx_word' id='word_1_26' title='bbox 1077 523 1254 581; x_wconf 72' lang='lat' dir='ltr'>reconciliari</span> <span class='ocrx_word' id='word_1_27' title='bbox 1267 524 1337 581; x_wconf 88' lang='lat' dir='ltr'>Deo.</span> 
     </span>
    </p>

    <p class='ocr_par' dir='ltr' id='par_1_3' title="bbox 109 600 1645 863">
     <span class='ocr_line' id='line_1_4' title="bbox 109 600 1642 685; baseline 0 -18"><span class='ocrx_word' id='word_1_28' title='bbox 109 626 173 667; x_wconf 80' lang='lat' dir='ltr'>tuno</span> <span class='ocrx_word' id='word_1_29' title='bbox 192 610 273 667; x_wconf 87' lang='lat' dir='ltr'>lortis</span> <span class='ocrx_word' id='word_1_30' title='bbox 286 609 345 667; x_wconf 83' lang='lat' dir='ltr'>siro</span> <span class='ocrx_word' id='word_1_31' title='bbox 359 609 564 673; x_wconf 79' lang='lat' dir='ltr'>desiderabilis,</span> <span class='ocrx_word' id='word_1_32' title='bbox 580 612 687 682; x_wconf 86' lang='lat' dir='ltr'>eliique</span> <span class='ocrx_word' id='word_1_33' title='bbox 701 626 801 683; x_wconf 81' lang='lat' dir='ltr'>quam·</span> <span class='ocrx_word' id='word_1_34' title='bbox 876 613 1063 680; x_wconf 75' lang='lat' dir='ltr'>leotsnidus,</span> <span class='ocrx_word' id='word_1_35' title='bbox 1079 612 1215 669; x_wconf 72' lang='lat' dir='ltr'>subaudis</span> <span class='ocrx_word' id='word_1_36' title='bbox 1227 612 1374 685; x_wconf 68' lang='lat' dir='ltr'>discipulis</span> <span class='ocrx_word' id='word_1_37' title='bbox 1386 619 1417 669; x_wconf 86' lang='lat' dir='ltr'>et</span> <span class='ocrx_word' id='word_1_38' title='bbox 1430 600 1642 677; x_wconf 71' lang='lat' dir='ltr'>commistim,</span> 
     </span>
     <span class='ocr_line' id='line_1_5' title="bbox 109 688 1645 772; baseline 0.003 -17"><span class='ocrx_word' id='word_1_39' title='bbox 109 700 182 755; x_wconf 73' lang='lat' dir='ltr'>iret</span> <span class='ocrx_word' id='word_1_40' title='bbox 196 697 269 759; x_wconf 89' lang='lat' dir='ltr'>sicut</span> <span class='ocrx_word' id='word_1_41' title='bbox 283 698 403 771; x_wconf 86' lang='lat' dir='ltr'>populus</span> <span class='ocrx_word' id='word_1_42' title='bbox 422 699 509 755; x_wconf 79' lang='lat' dir='ltr'>lsrael</span> <span class='ocrx_word' id='word_1_43' title='bbox 523 699 702 770; x_wconf 73' lang='lat' dir='ltr'>significabit</span> <span class='ocrx_word' id='word_1_44' title='bbox 713 716 801 772; x_wconf 92' lang='lat' dir='ltr'>popu·</span> <span class='ocrx_word' id='word_1_45' title='bbox 840 688 1181 770; x_wconf 64' lang='lat' dir='ltr'>rumentc&#39;sscutumptdsi,</span> <span class='ocrx_word' id='word_1_46' title='bbox 1194 704 1227 758; x_wconf 82' lang='lat' dir='ltr'>in</span> <span class='ocrx_word' id='word_1_47' title='bbox 1238 705 1413 771; x_wconf 72' lang='lat' dir='ltr'>puoporritt&#39;s</span> <span class='ocrx_word' id='word_1_48' title='bbox 1426 703 1586 767; x_wconf 72' lang='lat' dir='ltr'>omnibuis</span> <span class='ocrx_word' id='word_1_49' title='bbox 1598 717 1645 759; x_wconf 84' lang='lat' dir='ltr'>ne·</span> 
     </span>
     <span class='ocr_line' id='line_1_6' title="bbox 109 776 1644 863; baseline -0.003 -14"><span class='ocrx_word' id='word_1_50' title='bbox 109 786 244 849; x_wconf 72' lang='lat' dir='ltr'>donnum</span> <span class='ocrx_word' id='word_1_51' title='bbox 254 787 302 860; x_wconf 87' lang='lat' dir='ltr'>qui</span> <span class='ocrx_word' id='word_1_52' title='bbox 315 792 382 845; x_wconf 86' lang='lat' dir='ltr'>sunt</span> <span class='ocrx_word' id='word_1_53' title='bbox 394 788 452 843; x_wconf 83' lang='lat' dir='ltr'>veri</span> <span class='ocrx_word' id='word_1_54' title='bbox 467 785 615 856; x_wconf 70' lang='lat' dir='ltr'>Israelitis,</span> <span class='ocrx_word' id='word_1_55' title='bbox 627 790 670 844; x_wconf 84' lang='lat' dir='ltr'>ite</span> <span class='ocrx_word' id='word_1_56' title='bbox 679 789 746 845; x_wconf 84' lang='lat' dir='ltr'>meli</span> <span class='ocrx_word' id='word_1_57' title='bbox 757 804 800 845; x_wconf 85' lang='lat' dir='ltr'>re·</span> <span class='ocrx_word' id='word_1_58' title='bbox 840 792 973 859; x_wconf 72' lang='lat' dir='ltr'>quintinus·</span> <span class='ocrx_word' id='word_1_59' title='bbox 984 776 1068 859; x_wconf 69' lang='lat' dir='ltr'>(poco</span> <span class='ocrx_word' id='word_1_60' title='bbox 1076 793 1257 858; x_wconf 79' lang='lat' dir='ltr'>crstinpuerc.</span> <span class='ocrx_word' id='word_1_61' title='bbox 1265 789 1408 863; x_wconf 73' lang='lat' dir='ltr'>Quidquid</span> <span class='ocrx_word' id='word_1_62' title='bbox 1423 790 1530 847; x_wconf 81' lang='lat' dir='ltr'>rmssile</span> <span class='ocrx_word' id='word_1_63' title='bbox 1539 795 1585 849; x_wconf 85' lang='lat' dir='ltr'>est</span> <span class='ocrx_word' id='word_1_64' title='bbox 1599 790 1644 846; x_wconf 84' lang='lat' dir='ltr'>uel</span> 
     </span>
    </p>
   </div>
   <div class='ocr_carea' id='block_1_3' title="bbox 109 870 1766 950">
    <p class='ocr_par' dir='ltr' id='par_1_4' title="bbox 109 870 1766 950">
     <span class='ocr_line' id='line_1_7' title="bbox 109 870 1766 950; baseline 0 -17"><span class='ocrx_word' id='word_1_65' title='bbox 109 870 704 949; x_wconf 73' lang='lat' dir='ltr'>irincipescumsuisgentibus,quicontre</span> <span class='ocrx_word' id='word_1_66' title='bbox 714 893 801 949; x_wconf 90' lang='lat' dir='ltr'>popu·</span> <span class='ocrx_word' id='word_1_67' title='bbox 836 878 952 949; x_wconf 74' lang='lat' dir='ltr'>iacitur,</span> <span class='ocrx_word' id='word_1_68' title='bbox 962 878 1050 945; x_wconf 75' lang='lat' dir='ltr'>telum</span> <span class='ocrx_word' id='word_1_69' title='bbox 1064 884 1157 949; x_wconf 83' lang='lat' dir='ltr'>potest</span> <span class='ocrx_word' id='word_1_70' title='bbox 1169 878 1452 950; x_wconf 76' lang='lat' dir='ltr'>appotnri:propric</span> <span class='ocrx_word' id='word_1_71' title='bbox 1462 884 1559 937; x_wconf 61' lang='lat' dir='ltr'>umen</span> <span class='ocrx_word' id='word_1_72' title='bbox 1570 878 1644 941; x_wconf 86' lang='lat' dir='ltr'>illud</span> <span class='ocrx_word' id='word_1_73' title='bbox 1761 876 1766 882; x_wconf 85' lang='lat'>&#39;</span> 
     </span>
    </p>
   </div>
   <div class='ocr_carea' id='block_1_4' title="bbox 109 963 1645 3433">
    <p class='ocr_par' dir='ltr' id='par_1_5' title="bbox 109 963 1645 3433">
     <span class='ocr_line' id='line_1_8' title="bbox 109 963 1643 1047; baseline 0.002 -28"><span class='ocrx_word' id='word_1_74' title='bbox 109 963 302 1041; x_wconf 77' lang='lat' dir='ltr'>ipugnubnnt,</span> <span class='ocrx_word' id='word_1_75' title='bbox 312 969 345 1021; x_wconf 90' lang='lat' dir='ltr'>ut</span> <span class='ocrx_word' id='word_1_76' title='bbox 359 965 476 1021; x_wconf 86' lang='lat' dir='ltr'>luerunt</span> <span class='ocrx_word' id='word_1_77' title='bbox 486 981 568 1035; x_wconf 71' lang='lat' dir='ltr'>repes</span> <span class='ocrx_word' id='word_1_78' title='bbox 579 966 798 1039; x_wconf 80' lang='lat' dir='ltr'>lsmeelitsrum.</span> <span class='ocrx_word' id='word_1_79' title='bbox 842 966 916 1039; x_wconf 88' lang='lat' dir='ltr'>quod</span> <span class='ocrx_word' id='word_1_80' title='bbox 930 967 961 1023; x_wconf 93' lang='lat' dir='ltr'>iu</span> <span class='ocrx_word' id='word_1_81' title='bbox 982 966 1098 1047; x_wconf 72' lang='lat' dir='ltr'>letigum</span> <span class='ocrx_word' id='word_1_82' title='bbox 1113 967 1299 1038; x_wconf 66' lang='lat' dir='ltr'>protenditur,</span> <span class='ocrx_word' id='word_1_83' title='bbox 1316 974 1350 1023; x_wconf 85' lang='lat' dir='ltr'>ul</span> <span class='ocrx_word' id='word_1_84' title='bbox 1362 968 1469 1027; x_wconf 71' lang='lat' dir='ltr'>lenm.</span> <span class='ocrx_word' id='word_1_85' title='bbox 1483 968 1555 1025; x_wconf 82' lang='lat' dir='ltr'>Nem</span> <span class='ocrx_word' id='word_1_86' title='bbox 1570 969 1643 1023; x_wconf 84' lang='lat' dir='ltr'>telon</span> 
     </span>
     <span class='ocr_line' id='line_1_9' title="bbox 109 1053 1643 1126; baseline 0 -15"><span class='ocrx_word' id='word_1_87' title='bbox 109 1070 187 1111; x_wconf 82' lang='lat' dir='ltr'>uum</span> <span class='ocrx_word' id='word_1_88' title='bbox 203 1059 234 1108; x_wconf 88' lang='lat' dir='ltr'>ct</span> <span class='ocrx_word' id='word_1_89' title='bbox 246 1053 447 1124; x_wconf 72' lang='lat' dir='ltr'>lrlumeorum,</span> <span class='ocrx_word' id='word_1_90' title='bbox 463 1059 492 1110; x_wconf 82' lang='lat' dir='ltr'>et</span> <span class='ocrx_word' id='word_1_91' title='bbox 505 1053 749 1119; x_wconf 84' lang='lat' dir='ltr'>Philistbinorum,</span> <span class='ocrx_word' id='word_1_92' title='bbox 766 1055 800 1109; x_wconf 85' lang='lat' dir='ltr'>si·</span> <span class='ocrx_word' id='word_1_93' title='bbox 841 1055 939 1111; x_wconf 87' lang='lat' dir='ltr'>dicunt</span> <span class='ocrx_word' id='word_1_94' title='bbox 962 1054 1053 1113; x_wconf 71' lang='lat' dir='ltr'>Greci</span> <span class='ocrx_word' id='word_1_95' title='bbox 1077 1055 1204 1126; x_wconf 72' lang='lat' dir='ltr'>leogium,</span> <span class='ocrx_word' id='word_1_96' title='bbox 1220 1056 1295 1112; x_wconf 83' lang='lat' dir='ltr'>unde</span> <span class='ocrx_word' id='word_1_97' title='bbox 1318 1056 1438 1119; x_wconf 82' lang='lat' dir='ltr'>musteis</span> <span class='ocrx_word' id='word_1_98' title='bbox 1460 1056 1565 1113; x_wconf 88' lang='lat' dir='ltr'>dicitur</span> <span class='ocrx_word' id='word_1_99' title='bbox 1578 1072 1643 1113; x_wconf 85' lang='lat' dir='ltr'>mus</span> 
     </span>
     <span class='ocr_line' id='line_1_10' title="bbox 109 1142 1644 1221; baseline 0 -22"><span class='ocrx_word' id='word_1_100' title='bbox 109 1142 335 1205; x_wconf 73' lang='lat' dir='ltr'>mntdnmones,</span> <span class='ocrx_word' id='word_1_101' title='bbox 353 1143 400 1214; x_wconf 87' lang='lat' dir='ltr'>qui</span> <span class='ocrx_word' id='word_1_102' title='bbox 424 1143 620 1215; x_wconf 78' lang='lat' dir='ltr'>principantur</span> <span class='ocrx_word' id='word_1_103' title='bbox 642 1143 759 1215; x_wconf 79' lang='lat' dir='ltr'>pegenis</span> <span class='ocrx_word' id='word_1_104' title='bbox 773 1156 802 1198; x_wconf 88' lang='lat' dir='ltr'>et</span> <span class='ocrx_word' id='word_1_105' title='bbox 843 1146 952 1215; x_wconf 77' lang='lat' dir='ltr'>longus.</span> <span class='ocrx_word' id='word_1_106' title='bbox 969 1143 1048 1201; x_wconf 85' lang='lat' dir='ltr'>Sicut</span> <span class='ocrx_word' id='word_1_107' title='bbox 1064 1159 1131 1213; x_wconf 74' lang='lat' dir='ltr'>ergo</span> <span class='ocrx_word' id='word_1_108' title='bbox 1144 1150 1255 1221; x_wconf 89' lang='lat' dir='ltr'>scutum</span> <span class='ocrx_word' id='word_1_109' title='bbox 1275 1161 1306 1199; x_wconf 87' lang='lat' dir='ltr'>se</span> <span class='ocrx_word' id='word_1_110' title='bbox 1320 1150 1462 1201; x_wconf 88' lang='lat' dir='ltr'>tenentem</span> <span class='ocrx_word' id='word_1_111' title='bbox 1477 1145 1601 1216; x_wconf 75' lang='lat' dir='ltr'>protegit</span> <span class='ocrx_word' id='word_1_112' title='bbox 1613 1150 1644 1201; x_wconf 88' lang='lat' dir='ltr'>et</span> 
     </span>
     <span class='ocr_line' id='line_1_11' title="bbox 109 1230 1643 1303; baseline 0.001 -16"><span class='ocrx_word' id='word_1_113' title='bbox 109 1230 373 1303; x_wconf 63' lang='lat' dir='ltr'>inquissimam</span> <span class='ocrx_word' id='word_1_114' title='bbox 389 1230 439 1288; x_wconf 87' lang='lat' dir='ltr'>Dei</span> <span class='ocrx_word' id='word_1_115' title='bbox 453 1247 565 1303; x_wconf 87' lang='lat' dir='ltr'>semper</span> <span class='ocrx_word' id='word_1_116' title='bbox 577 1231 759 1303; x_wconf 81' lang='lat' dir='ltr'>impugnent.</span> <span class='ocrx_word' id='word_1_117' title='bbox 841 1233 899 1287; x_wconf 84' lang='lat' dir='ltr'>teln</span> <span class='ocrx_word' id='word_1_118' title='bbox 910 1231 1031 1303; x_wconf 87' lang='lat' dir='ltr'>repellit,</span> <span class='ocrx_word' id='word_1_119' title='bbox 1044 1231 1084 1287; x_wconf 84' lang='lat' dir='ltr'>itu</span> <span class='ocrx_word' id='word_1_120' title='bbox 1096 1231 1167 1287; x_wconf 83' lang='lat' dir='ltr'>fldes</span> <span class='ocrx_word' id='word_1_121' title='bbox 1179 1231 1322 1291; x_wconf 84' lang='lat' dir='ltr'>hominem</span> <span class='ocrx_word' id='word_1_122' title='bbox 1333 1234 1436 1295; x_wconf 88' lang='lat' dir='ltr'>munit.</span> <span class='ocrx_word' id='word_1_123' title='bbox 1447 1233 1523 1289; x_wconf 84' lang='lat' dir='ltr'>eleb</span> <span class='ocrx_word' id='word_1_124' title='bbox 1537 1250 1571 1289; x_wconf 87' lang='lat' dir='ltr'>eo</span> <span class='ocrx_word' id='word_1_125' title='bbox 1584 1232 1643 1291; x_wconf 85' lang='lat' dir='ltr'>die·</span> 
     </span>
     <span class='ocr_line' id='line_1_12' title="bbox 109 1317 1643 1391; baseline 0.001 -16"><span class='ocrx_word' id='word_1_126' title='bbox 109 1324 190 1383; x_wconf 78' lang='lat' dir='ltr'>urea,</span> <span class='ocrx_word' id='word_1_127' title='bbox 202 1318 337 1373; x_wconf 72' lang='lat' dir='ltr'>subaudis</span> <span class='ocrx_word' id='word_1_128' title='bbox 349 1317 416 1389; x_wconf 81' lang='lat' dir='ltr'>quie</span> <span class='ocrx_word' id='word_1_129' title='bbox 430 1334 486 1374; x_wconf 84' lang='lat' dir='ltr'>non</span> <span class='ocrx_word' id='word_1_130' title='bbox 500 1324 538 1375; x_wconf 83' lang='lat' dir='ltr'>e-st</span> <span class='ocrx_word' id='word_1_131' title='bbox 553 1320 630 1373; x_wconf 79' lang='lat' dir='ltr'>nobis</span> <span class='ocrx_word' id='word_1_132' title='bbox 644 1318 801 1375; x_wconf 77' lang='lat' dir='ltr'>colluctatio</span> <span class='ocrx_word' id='word_1_133' title='bbox 841 1320 899 1376; x_wconf 90' lang='lat' dir='ltr'>boli</span> <span class='ocrx_word' id='word_1_134' title='bbox 904 1321 1000 1391; x_wconf 80' lang='lat' dir='ltr'>jeculs</span> <span class='ocrx_word' id='word_1_135' title='bbox 1007 1319 1239 1387; x_wconf 80' lang='lat' dir='ltr'>stinlestnlioncs</span> <span class='ocrx_word' id='word_1_136' title='bbox 1249 1321 1368 1391; x_wconf 89' lang='lat' dir='ltr'>repellit,</span> <span class='ocrx_word' id='word_1_137' title='bbox 1375 1320 1643 1379; x_wconf 82' lang='lat' dir='ltr'>itetnmensilltcrit</span> 
     </span>
     <span class='ocr_line' id='line_1_13' title="bbox 109 1407 1643 1482; baseline 0.001 -19"><span class='ocrx_word' id='word_1_138' title='bbox 109 1409 641 1475; x_wconf 77' lang='lat' dir='ltr'>uuurncmclrunpuincm,tcdoduersus</span> <span class='ocrx_word' id='word_1_139' title='bbox 649 1410 800 1476; x_wconf 59' lang='lat' dir='ltr'>prescipto</span> <span class='ocrx_word' id='word_1_140' title='bbox 841 1407 923 1468; x_wconf 82' lang='lat' dir='ltr'>bonis</span> <span class='ocrx_word' id='word_1_141' title='bbox 937 1407 1068 1482; x_wconf 87' lang='lat' dir='ltr'>operibus</span> <span class='ocrx_word' id='word_1_142' title='bbox 1079 1409 1227 1465; x_wconf 80' lang='lat' dir='ltr'>adornate.</span> <span class='ocrx_word' id='word_1_143' title='bbox 1237 1408 1432 1481; x_wconf 83' lang='lat' dir='ltr'>Teledeniqne</span> <span class='ocrx_word' id='word_1_144' title='bbox 1445 1409 1549 1466; x_wconf 82' lang='lat' dir='ltr'>dioboli</span> <span class='ocrx_word' id='word_1_145' title='bbox 1558 1409 1643 1480; x_wconf 75' lang='lat' dir='ltr'>ignee</span> 
     </span>
     <span class='ocr_line' id='line_1_14' title="bbox 109 1494 1642 1570; baseline 0.001 -19"><span class='ocrx_word' id='word_1_146' title='bbox 109 1501 303 1551; x_wconf 71' lang='lat' dir='ltr'>ecrmcturam</span> <span class='ocrx_word' id='word_1_147' title='bbox 313 1496 369 1559; x_wconf 79' lang='lat' dir='ltr'>Det,</span> <span class='ocrx_word' id='word_1_148' title='bbox 383 1494 461 1550; x_wconf 86' lang='lat' dir='ltr'>illem</span> <span class='ocrx_word' id='word_1_149' title='bbox 473 1511 557 1566; x_wconf 83' lang='lat' dir='ltr'>quem</span> <span class='ocrx_word' id='word_1_150' title='bbox 568 1512 654 1567; x_wconf 85' lang='lat' dir='ltr'>supre</span> <span class='ocrx_word' id='word_1_151' title='bbox 667 1495 799 1560; x_wconf 82' lang='lat' dir='ltr'>diximus,</span> <span class='ocrx_word' id='word_1_152' title='bbox 841 1499 967 1570; x_wconf 77' lang='lat' dir='ltr'>appellnt</span> <span class='ocrx_word' id='word_1_153' title='bbox 978 1498 1188 1569; x_wconf 78' lang='lat' dir='ltr'>suggestionem</span> <span class='ocrx_word' id='word_1_154' title='bbox 1199 1513 1325 1569; x_wconf 76' lang='lat' dir='ltr'>pravum,</span> <span class='ocrx_word' id='word_1_155' title='bbox 1337 1514 1399 1569; x_wconf 77' lang='lat' dir='ltr'>qne</span> <span class='ocrx_word' id='word_1_156' title='bbox 1408 1514 1460 1555; x_wconf 91' lang='lat' dir='ltr'>nos</span> <span class='ocrx_word' id='word_1_157' title='bbox 1472 1498 1598 1555; x_wconf 84' lang='lat' dir='ltr'>incendit</span> <span class='ocrx_word' id='word_1_158' title='bbox 1605 1497 1642 1553; x_wconf 85' lang='lat' dir='ltr'>sd</span> 
     </span>
     <span class='ocr_line' id='line_1_15' title="bbox 109 1583 1642 1657; baseline 0.007 -24"><span class='ocrx_word' id='word_1_159' title='bbox 109 1583 799 1653; x_wconf 66' lang='lat' dir='ltr'>tmnesuirtutes,utposrt&#39;lisresistcreindismato,</span> <span class='ocrx_word' id='word_1_160' title='bbox 842 1585 1642 1657; x_wconf 77' lang='lat' dir='ltr'>melsopereegendo,etqueerrtinguiturpsrrirtutsm</span> 
     </span>
     <span class='ocr_line' id='line_1_16' title="bbox 109 1671 1642 1761; baseline -0.001 -30"><span class='ocrx_word' id='word_1_161' title='bbox 109 1672 203 1731; x_wconf 72' lang='lat' dir='ltr'>totns</span> <span class='ocrx_word' id='word_1_162' title='bbox 215 1673 330 1741; x_wconf 70' lang='lat' dir='ltr'>perfecti</span> <span class='ocrx_word' id='word_1_163' title='bbox 338 1678 420 1741; x_wconf 80' lang='lat' dir='ltr'>sture,</span> <span class='ocrx_word' id='word_1_164' title='bbox 432 1671 461 1727; x_wconf 91' lang='lat' dir='ltr'>id</span> <span class='ocrx_word' id='word_1_165' title='bbox 471 1679 534 1727; x_wconf 87' lang='lat' dir='ltr'>est:</span> <span class='ocrx_word' id='word_1_166' title='bbox 549 1672 578 1729; x_wconf 91' lang='lat' dir='ltr'>in</span> <span class='ocrx_word' id='word_1_167' title='bbox 593 1671 725 1747; x_wconf 79' lang='lat' dir='ltr'>omnibus</span> <span class='ocrx_word' id='word_1_168' title='bbox 735 1689 801 1744; x_wconf 91' lang='lat' dir='ltr'>pro-</span> <span class='ocrx_word' id='word_1_169' title='bbox 813 1673 960 1761; x_wconf 62' lang='lat' dir='ltr'>nfideis&#39;ssl</span> <span class='ocrx_word' id='word_1_170' title='bbox 969 1677 1077 1745; x_wconf 66' lang='lat' dir='ltr'>pubem</span> <span class='ocrx_word' id='word_1_171' title='bbox 1090 1676 1191 1729; x_wconf 77' lang='lat' dir='ltr'>relictis</span> <span class='ocrx_word' id='word_1_172' title='bbox 1200 1676 1342 1729; x_wconf 81' lang='lat' dir='ltr'>assumile.</span> <span class='ocrx_word' id='word_1_173' title='bbox 1351 1674 1440 1733; x_wconf 79' lang='lat' dir='ltr'>Gales</span> <span class='ocrx_word' id='word_1_174' title='bbox 1450 1674 1480 1731; x_wconf 88' lang='lat' dir='ltr'>in</span> <span class='ocrx_word' id='word_1_175' title='bbox 1494 1673 1642 1749; x_wconf 78' lang='lat' dir='ltr'>copitepo·</span> 
     </span>
     <span class='ocr_line' id='line_1_17' title="bbox 109 1759 1639 1844; baseline 0.001 -27"><span class='ocrx_word' id='word_1_176' title='bbox 109 1760 268 1825; x_wconf 81' lang='lat' dir='ltr'>studuersis</span> <span class='ocrx_word' id='word_1_177' title='bbox 279 1766 456 1831; x_wconf 78' lang='lat' dir='ltr'>perseverate</span> <span class='ocrx_word' id='word_1_178' title='bbox 466 1762 541 1817; x_wconf 82' lang='lat' dir='ltr'>lirrni</span> <span class='ocrx_word' id='word_1_179' title='bbox 552 1761 583 1818; x_wconf 90' lang='lat' dir='ltr'>in</span> <span class='ocrx_word' id='word_1_180' title='bbox 597 1761 652 1816; x_wconf 87' lang='lat' dir='ltr'>lide</span> <span class='ocrx_word' id='word_1_181' title='bbox 664 1759 801 1833; x_wconf 75' lang='lat' dir='ltr'>bonisque</span> <span class='ocrx_word' id='word_1_182' title='bbox 841 1762 929 1827; x_wconf 87' lang='lat' dir='ltr'>nitur,</span> <span class='ocrx_word' id='word_1_183' title='bbox 941 1778 1095 1834; x_wconf 85' lang='lat' dir='ltr'>omnesque</span> <span class='ocrx_word' id='word_1_184' title='bbox 1110 1762 1236 1833; x_wconf 90' lang='lat' dir='ltr'>corporis</span> <span class='ocrx_word' id='word_1_185' title='bbox 1248 1778 1348 1819; x_wconf 84' lang='lat' dir='ltr'>sensus</span> <span class='ocrx_word' id='word_1_186' title='bbox 1361 1762 1455 1821; x_wconf 83' lang='lat' dir='ltr'>munit</span> <span class='ocrx_word' id='word_1_187' title='bbox 1465 1767 1495 1818; x_wconf 82' lang='lat' dir='ltr'>et</span> <span class='ocrx_word' id='word_1_188' title='bbox 1507 1761 1639 1844; x_wconf 53' lang='lat' dir='ltr'>protsffit,</span> 
     </span>
     <span class='ocr_line' id='line_1_18' title="bbox 109 1848 1641 1922; baseline 0 -18"><span class='ocrx_word' id='word_1_189' title='bbox 109 1864 139 1904; x_wconf 82' lang='lat' dir='ltr'>ts.</span> <span class='ocrx_word' id='word_1_190' title='bbox 147 1848 228 1904; x_wconf 87' lang='lat' dir='ltr'>Diem</span> <span class='ocrx_word' id='word_1_191' title='bbox 236 1849 342 1905; x_wconf 84' lang='lat' dir='ltr'>melum</span> <span class='ocrx_word' id='word_1_192' title='bbox 352 1850 475 1920; x_wconf 77' lang='lat' dir='ltr'>appellet</span> <span class='ocrx_word' id='word_1_193' title='bbox 483 1855 735 1921; x_wconf 79' lang='lat' dir='ltr'>prnscnstempus,</span> <span class='ocrx_word' id='word_1_194' title='bbox 744 1866 801 1905; x_wconf 89' lang='lat' dir='ltr'>non</span> <span class='ocrx_word' id='word_1_195' title='bbox 843 1850 1641 1922; x_wconf 69' lang='lat' dir='ltr'>risumvidelicetinoculie;eudituminnuribusgustum</span> 
     </span>
     <span class='ocr_line' id='line_1_19' title="bbox 109 1936 1639 2010; baseline 0.005 -19"><span class='ocrx_word' id='word_1_196' title='bbox 109 1952 185 1991; x_wconf 88' lang='lat' dir='ltr'>erse</span> <span class='ocrx_word' id='word_1_197' title='bbox 202 1936 240 1991; x_wconf 90' lang='lat' dir='ltr'>sit</span> <span class='ocrx_word' id='word_1_198' title='bbox 253 1937 370 2002; x_wconf 77' lang='lat' dir='ltr'>inuium,</span> <span class='ocrx_word' id='word_1_199' title='bbox 385 1937 434 1993; x_wconf 81' lang='lat' dir='ltr'>sed</span> <span class='ocrx_word' id='word_1_200' title='bbox 449 1938 516 2009; x_wconf 84' lang='lat' dir='ltr'>quie</span> <span class='ocrx_word' id='word_1_201' title='bbox 530 1938 621 2001; x_wconf 80' lang='lat' dir='ltr'>multe</span> <span class='ocrx_word' id='word_1_202' title='bbox 636 1938 711 1993; x_wconf 86' lang='lat' dir='ltr'>mele</span> <span class='ocrx_word' id='word_1_203' title='bbox 724 1937 755 1993; x_wconf 93' lang='lat' dir='ltr'>in</span> <span class='ocrx_word' id='word_1_204' title='bbox 767 1953 802 2007; x_wconf 73' lang='lat' dir='ltr'>eo</span> <span class='ocrx_word' id='word_1_205' title='bbox 842 1939 871 2001; x_wconf 89' lang='lat' dir='ltr'>in</span> <span class='ocrx_word' id='word_1_206' title='bbox 886 1955 945 2007; x_wconf 90' lang='lat' dir='ltr'>ore,</span> <span class='ocrx_word' id='word_1_207' title='bbox 961 1939 1095 1994; x_wconf 76' lang='lat' dir='ltr'>olfactum</span> <span class='ocrx_word' id='word_1_208' title='bbox 1106 1939 1134 1996; x_wconf 91' lang='lat' dir='ltr'>in</span> <span class='ocrx_word' id='word_1_209' title='bbox 1146 1938 1275 2005; x_wconf 80' lang='lat' dir='ltr'>neribus,¹</span> <span class='ocrx_word' id='word_1_210' title='bbox 1285 1944 1393 2002; x_wconf 69' lang='lat' dir='ltr'>lectrum</span> <span class='ocrx_word' id='word_1_211' title='bbox 1405 1939 1435 2001; x_wconf 88' lang='lat' dir='ltr'>in</span> <span class='ocrx_word' id='word_1_212' title='bbox 1444 1944 1504 1995; x_wconf 89' lang='lat' dir='ltr'>tolo</span> <span class='ocrx_word' id='word_1_213' title='bbox 1513 1954 1639 2010; x_wconf 80' lang='lat' dir='ltr'>corpote.</span> 
     </span>
     <span class='ocr_line' id='line_1_20' title="bbox 109 2024 1643 2099; baseline -0.001 -16"><span class='ocrx_word' id='word_1_214' title='bbox 109 2024 142 2083; x_wconf 75' lang='lat' dir='ltr'>&#39;el</span> <span class='ocrx_word' id='word_1_215' title='bbox 154 2026 239 2081; x_wconf 84' lang='lat' dir='ltr'>etism</span> <span class='ocrx_word' id='word_1_216' title='bbox 255 2025 331 2081; x_wconf 85' lang='lat' dir='ltr'>diem</span> <span class='ocrx_word' id='word_1_217' title='bbox 346 2026 451 2081; x_wconf 84' lang='lat' dir='ltr'>melum</span> <span class='ocrx_word' id='word_1_218' title='bbox 465 2026 545 2095; x_wconf 85' lang='lat' dir='ltr'>dicit,</span> <span class='ocrx_word' id='word_1_219' title='bbox 559 2027 633 2083; x_wconf 86' lang='lat' dir='ltr'>diem</span> <span class='ocrx_word' id='word_1_220' title='bbox 646 2027 757 2099; x_wconf 79' lang='lat' dir='ltr'>judicii,</span> <span class='ocrx_word' id='word_1_221' title='bbox 772 2027 802 2082; x_wconf 88' lang='lat' dir='ltr'>in</span> <span class='ocrx_word' id='word_1_222' title='bbox 842 2026 918 2097; x_wconf 72' lang='lat' dir='ltr'>Quid</span> <span class='ocrx_word' id='word_1_223' title='bbox 931 2026 1065 2091; x_wconf 61' lang='lat' dir='ltr'>dommus</span> <span class='ocrx_word' id='word_1_224' title='bbox 1078 2043 1146 2099; x_wconf 74' lang='lat' dir='ltr'>erpo</span> <span class='ocrx_word' id='word_1_225' title='bbox 1158 2027 1315 2098; x_wconf 78' lang='lat' dir='ltr'>intelligere</span> <span class='ocrx_word' id='word_1_226' title='bbox 1330 2044 1380 2099; x_wconf 83' lang='lat' dir='ltr'>per</span> <span class='ocrx_word' id='word_1_227' title='bbox 1391 2029 1513 2099; x_wconf 77' lang='lat' dir='ltr'>guinem,</span> <span class='ocrx_word' id='word_1_228' title='bbox 1524 2044 1597 2099; x_wconf 77' lang='lat' dir='ltr'>qun,</span> <span class='ocrx_word' id='word_1_229' title='bbox 1609 2032 1643 2085; x_wconf 88' lang='lat' dir='ltr'>ut</span> 
     </span>
     <span class='ocr_line' id='line_1_21' title="bbox 109 2102 1642 2191; baseline 0.001 -22"><span class='ocrx_word' id='word_1_230' title='bbox 109 2130 168 2170; x_wconf 83' lang='lat' dir='ltr'>tues</span> <span class='ocrx_word' id='word_1_231' title='bbox 180 2115 248 2170; x_wconf 87' lang='lat' dir='ltr'>rneli</span> <span class='ocrx_word' id='word_1_232' title='bbox 258 2114 478 2172; x_wconf 75' lang='lat' dir='ltr'>damnabuntur.</span> <span class='ocrx_word' id='word_1_233' title='bbox 841 2102 974 2181; x_wconf 81' lang='lat' dir='ltr'>diximus,</span> <span class='ocrx_word' id='word_1_234' title='bbox 985 2132 1084 2191; x_wconf 85' lang='lat' dir='ltr'>omnes</span> <span class='ocrx_word' id='word_1_235' title='bbox 1094 2132 1193 2187; x_wconf 79' lang='lat' dir='ltr'>sentin</span> <span class='ocrx_word' id='word_1_236' title='bbox 1202 2117 1326 2187; x_wconf 88' lang='lat' dir='ltr'>corporis</span> <span class='ocrx_word' id='word_1_237' title='bbox 1335 2116 1476 2187; x_wconf 75' lang='lat' dir='ltr'>protegit?</span> <span class='ocrx_word' id='word_1_238' title='bbox 1490 2115 1642 2191; x_wconf 79' lang='lat' dir='ltr'>Dominum</span> 
     </span>
     <span class='ocr_line' id='line_1_22' title="bbox 109 2194 1644 2285; baseline 0.001 -27"><span class='ocrx_word' id='word_1_239' title='bbox 109 2218 187 2275; x_wconf 63' lang='lat' dir='ltr'>:erpo</span> <span class='ocrx_word' id='word_1_240' title='bbox 205 2206 338 2259; x_wconf 74' lang='lat' dir='ltr'>mccinmi</span> <span class='ocrx_word' id='word_1_241' title='bbox 361 2205 468 2259; x_wconf 85' lang='lat' dir='ltr'>lumbos</span> <span class='ocrx_word' id='word_1_242' title='bbox 481 2209 582 2261; x_wconf 72' lang='lat' dir='ltr'>nntius</span> <span class='ocrx_word' id='word_1_243' title='bbox 599 2206 631 2259; x_wconf 79' lang='lat' dir='ltr'>in</span> <span class='ocrx_word' id='word_1_244' title='bbox 645 2205 799 2259; x_wconf 60' lang='lat' dir='ltr'>centrum.</span> <span class='ocrx_word' id='word_1_245' title='bbox 841 2205 938 2261; x_wconf 79' lang='lat' dir='ltr'>lesum</span> <span class='ocrx_word' id='word_1_246' title='bbox 954 2203 1098 2261; x_wconf 77' lang='lat' dir='ltr'>christum</span> <span class='ocrx_word' id='word_1_247' title='bbox 1113 2210 1143 2261; x_wconf 84' lang='lat' dir='ltr'>et</span> <span class='ocrx_word' id='word_1_248' title='bbox 1156 2205 1358 2276; x_wconf 82' lang='lat' dir='ltr'>protectionem</span> <span class='ocrx_word' id='word_1_249' title='bbox 1375 2204 1471 2272; x_wconf 78' lang='lat' dir='ltr'>illius3</span> <span class='ocrx_word' id='word_1_250' title='bbox 1495 2194 1545 2275; x_wconf 77' lang='lat' dir='ltr'>per</span> <span class='ocrx_word' id='word_1_251' title='bbox 1558 2209 1644 2285; x_wconf 75' lang='lat' dir='ltr'>ceput</span> 
     </span>
     <span class='ocr_line' id='line_1_23' title="bbox 109 2290 1643 2365; baseline 0 -16"><span class='ocrx_word' id='word_1_252' title='bbox 109 2307 124 2349; x_wconf 82' lang='grc' dir='ltr'>ι</span> <span class='ocrx_word' id='word_1_253' title='bbox 145 2291 343 2363; x_wconf 73' lang='lat' dir='ltr'>sucdngimus,</span> <span class='ocrx_word' id='word_1_254' title='bbox 369 2308 434 2349; x_wconf 90' lang='lat' dir='ltr'>cum</span> <span class='ocrx_word' id='word_1_255' title='bbox 459 2292 598 2349; x_wconf 79' lang='lat' dir='ltr'>luxuriem</span> <span class='ocrx_word' id='word_1_256' title='bbox 612 2290 799 2365; x_wconf 73' lang='lat' dir='ltr'>refrenemus.</span> <span class='ocrx_word' id='word_1_257' title='bbox 843 2308 909 2347; x_wconf 81' lang='lat' dir='ltr'>rem</span> <span class='ocrx_word' id='word_1_258' title='bbox 924 2298 1061 2365; x_wconf 76' lang='lat' dir='ltr'>mentem,</span> <span class='ocrx_word' id='word_1_259' title='bbox 1077 2292 1145 2364; x_wconf 83' lang='lat' dir='ltr'>quie</span> <span class='ocrx_word' id='word_1_260' title='bbox 1158 2292 1230 2361; x_wconf 79' lang='lat' dir='ltr'>sicut</span> <span class='ocrx_word' id='word_1_261' title='bbox 1247 2293 1339 2365; x_wconf 80' lang='lat' dir='ltr'>cupite</span> <span class='ocrx_word' id='word_1_262' title='bbox 1354 2298 1492 2364; x_wconf 76' lang='lat' dir='ltr'>reguntur</span> <span class='ocrx_word' id='word_1_263' title='bbox 1504 2291 1643 2357; x_wconf 84' lang='lat' dir='ltr'>membro,</span> 
     </span>
     <span class='ocr_line' id='line_1_24' title="bbox 110 2379 1644 2455; baseline -0.004 -16"><span class='ocrx_word' id='word_1_264' title='bbox 110 2380 212 2455; x_wconf 77' lang='lat' dir='ltr'>inquit.</span> <span class='ocrx_word' id='word_1_265' title='bbox 233 2381 262 2435; x_wconf 91' lang='lat' dir='ltr'>in</span> <span class='ocrx_word' id='word_1_266' title='bbox 277 2380 341 2444; x_wconf 86' lang='lat' dir='ltr'>lide,</span> <span class='ocrx_word' id='word_1_267' title='bbox 358 2381 386 2436; x_wconf 91' lang='lat' dir='ltr'>in</span> <span class='ocrx_word' id='word_1_268' title='bbox 401 2380 474 2437; x_wconf 92' lang='lat' dir='ltr'>bono</span> <span class='ocrx_word' id='word_1_269' title='bbox 488 2397 582 2452; x_wconf 86' lang='lat' dir='ltr'>opere,</span> <span class='ocrx_word' id='word_1_270' title='bbox 599 2387 628 2437; x_wconf 86' lang='lat' dir='ltr'>et</span> <span class='ocrx_word' id='word_1_271' title='bbox 640 2379 802 2453; x_wconf 77' lang='lat' dir='ltr'>restringite</span> <span class='ocrx_word' id='word_1_272' title='bbox 842 2379 884 2437; x_wconf 85' lang='lat' dir='ltr'>ite</span> <span class='ocrx_word' id='word_1_273' title='bbox 895 2379 1080 2453; x_wconf 67' lang='lat' dir='ltr'>com&#39;tutiones</span> <span class='ocrx_word' id='word_1_274' title='bbox 1091 2386 1185 2435; x_wconf 85' lang='lat' dir='ltr'>mente</span> <span class='ocrx_word' id='word_1_275' title='bbox 1196 2379 1393 2451; x_wconf 85' lang='lat' dir='ltr'>disponuntur.</span> <span class='ocrx_word' id='word_1_276' title='bbox 1403 2380 1546 2437; x_wconf 84' lang='lat' dir='ltr'>Ponsmus</span> <span class='ocrx_word' id='word_1_277' title='bbox 1557 2379 1644 2450; x_wconf 81' lang='lat' dir='ltr'>igitur</span> 
     </span>
     <span class='ocr_line' id='line_1_25' title="bbox 109 2467 1644 2543; baseline 0.003 -20"><span class='ocrx_word' id='word_1_278' title='bbox 109 2484 145 2543; x_wconf 66' lang='lat' dir='ltr'>tp</span> <span class='ocrx_word' id='word_1_279' title='bbox 157 2468 277 2533; x_wconf 82' lang='lat' dir='ltr'>luxurie,</span> <span class='ocrx_word' id='word_1_280' title='bbox 291 2469 340 2525; x_wconf 89' lang='lat' dir='ltr'>nbi</span> <span class='ocrx_word' id='word_1_281' title='bbox 354 2469 475 2527; x_wconf 81' lang='lat' dir='ltr'>maxime</span> <span class='ocrx_word' id='word_1_282' title='bbox 485 2469 561 2541; x_wconf 78' lang='lat' dir='ltr'>riget</span> <span class='ocrx_word' id='word_1_283' title='bbox 576 2475 605 2524; x_wconf 87' lang='lat' dir='ltr'>et</span> <span class='ocrx_word' id='word_1_284' title='bbox 618 2469 670 2523; x_wconf 90' lang='lat' dir='ltr'>boc</span> <span class='ocrx_word' id='word_1_285' title='bbox 684 2468 714 2525; x_wconf 93' lang='lat' dir='ltr'>in</span> <span class='ocrx_word' id='word_1_286' title='bbox 728 2467 802 2526; x_wconf 82' lang='lat' dir='ltr'>ueri·</span> <span class='ocrx_word' id='word_1_287' title='bbox 841 2469 953 2541; x_wconf 78' lang='lat' dir='ltr'>gelenm</span> <span class='ocrx_word' id='word_1_288' title='bbox 967 2468 996 2525; x_wconf 88' lang='lat' dir='ltr'>in</span> <span class='ocrx_word' id='word_1_289' title='bbox 1008 2469 1110 2540; x_wconf 81' lang='lat' dir='ltr'>cupite,</span> <span class='ocrx_word' id='word_1_290' title='bbox 1122 2468 1150 2526; x_wconf 95' lang='lat' dir='ltr'>id</span> <span class='ocrx_word' id='word_1_291' title='bbox 1162 2474 1206 2525; x_wconf 84' lang='lat' dir='ltr'>est</span> <span class='ocrx_word' id='word_1_292' title='bbox 1218 2469 1421 2539; x_wconf 84' lang='lat' dir='ltr'>protectionem</span> <span class='ocrx_word' id='word_1_293' title='bbox 1431 2469 1536 2527; x_wconf 75' lang='lat' dir='ltr'>Christi</span> <span class='ocrx_word' id='word_1_294' title='bbox 1547 2484 1644 2537; x_wconf 66' lang='lat' dir='ltr'>mon·</span> 
     </span>
     <span class='ocr_line' id='line_1_26' title="bbox 109 2542 1642 2631; baseline -0.001 -20"><span class='ocrx_word' id='word_1_295' title='bbox 109 2554 165 2623; x_wconf 73' lang='lat' dir='ltr'>sits,</span> <span class='ocrx_word' id='word_1_296' title='bbox 176 2572 232 2612; x_wconf 91' lang='lat' dir='ltr'>non</span> <span class='ocrx_word' id='word_1_297' title='bbox 245 2558 274 2612; x_wconf 89' lang='lat' dir='ltr'>in</span> <span class='ocrx_word' id='word_1_298' title='bbox 287 2542 443 2623; x_wconf 78' lang='lat' dir='ltr'>mendacio,</span> <span class='ocrx_word' id='word_1_299' title='bbox 456 2574 546 2630; x_wconf 89' lang='lat' dir='ltr'>neque</span> <span class='ocrx_word' id='word_1_300' title='bbox 558 2573 607 2629; x_wconf 89' lang='lat' dir='ltr'>per</span> <span class='ocrx_word' id='word_1_301' title='bbox 619 2557 800 2631; x_wconf 79' lang='lat' dir='ltr'>hypocrisim,</span> <span class='ocrx_word' id='word_1_302' title='bbox 843 2557 944 2615; x_wconf 78' lang='lat' dir='ltr'>doinus</span> <span class='ocrx_word' id='word_1_303' title='bbox 966 2557 997 2619; x_wconf 80' lang='lat' dir='ltr'>ip</span> <span class='ocrx_word' id='word_1_304' title='bbox 1017 2563 1125 2612; x_wconf 88' lang='lat' dir='ltr'>secreto</span> <span class='ocrx_word' id='word_1_305' title='bbox 1139 2557 1242 2611; x_wconf 89' lang='lat' dir='ltr'>mentis</span> <span class='ocrx_word' id='word_1_306' title='bbox 1263 2562 1377 2623; x_wconf 74' lang='lat' dir='ltr'>nostres,</span> <span class='ocrx_word' id='word_1_307' title='bbox 1391 2556 1528 2613; x_wconf 74' lang='lat' dir='ltr'>hebentes</span> <span class='ocrx_word' id='word_1_308' title='bbox 1544 2556 1575 2611; x_wconf 90' lang='lat' dir='ltr'>in</span> <span class='ocrx_word' id='word_1_309' title='bbox 1593 2556 1642 2621; x_wconf 84' lang='lat' dir='ltr'>illo</span> 
     </span>
     <span class='ocr_line' id='line_1_27' title="bbox 109 2643 1644 2719; baseline -0.002 -18"><span class='ocrx_word' id='word_1_310' title='bbox 109 2650 140 2701; x_wconf 84' lang='lat' dir='ltr'>ut</span> <span class='ocrx_word' id='word_1_311' title='bbox 150 2645 262 2703; x_wconf 82' lang='lat' dir='ltr'>leudem</span> <span class='ocrx_word' id='word_1_312' title='bbox 277 2646 423 2701; x_wconf 88' lang='lat' dir='ltr'>hominnm</span> <span class='ocrx_word' id='word_1_313' title='bbox 435 2645 553 2719; x_wconf 85' lang='lat' dir='ltr'>cepistis</span> <span class='ocrx_word' id='word_1_314' title='bbox 563 2664 572 2713; x_wconf 81' lang='lat'>;</span> <span class='ocrx_word' id='word_1_315' title='bbox 583 2646 626 2701; x_wconf 81' lang='lat' dir='ltr'>rel</span> <span class='ocrx_word' id='word_1_316' title='bbox 640 2646 670 2703; x_wconf 91' lang='lat' dir='ltr'>in</span> <span class='ocrx_word' id='word_1_317' title='bbox 685 2646 803 2703; x_wconf 81' lang='lat' dir='ltr'>veritate</span> <span class='ocrx_word' id='word_1_318' title='bbox 845 2645 987 2711; x_wconf 86' lang='lat' dir='ltr'>tiduciem,</span> <span class='ocrx_word' id='word_1_319' title='bbox 1009 2661 1067 2701; x_wconf 91' lang='lat' dir='ltr'>non</span> <span class='ocrx_word' id='word_1_320' title='bbox 1090 2645 1120 2701; x_wconf 92' lang='lat' dir='ltr'>in</span> <span class='ocrx_word' id='word_1_321' title='bbox 1146 2643 1366 2717; x_wconf 80' lang='lat' dir='ltr'>nobismetipsis,</span> <span class='ocrx_word' id='word_1_322' title='bbox 1385 2651 1415 2715; x_wconf 77' lang='lat' dir='ltr'>et</span> <span class='ocrx_word' id='word_1_323' title='bbox 1434 2646 1495 2717; x_wconf 82' lang='lat' dir='ltr'>ipss</span> <span class='ocrx_word' id='word_1_324' title='bbox 1517 2644 1644 2703; x_wconf 78' lang='lat' dir='ltr'>tuebitur</span> 
     </span>
     <span class='ocr_line' id='line_1_28' title="bbox 109 2732 1643 2809; baseline -0.001 -20"><span class='ocrx_word' id='word_1_325' title='bbox 109 2733 171 2809; x_wconf 75' lang='lat' dir='ltr'>ussi</span> <span class='ocrx_word' id='word_1_326' title='bbox 181 2750 232 2806; x_wconf 91' lang='lat' dir='ltr'>pro</span> <span class='ocrx_word' id='word_1_327' title='bbox 244 2751 341 2791; x_wconf 81' lang='lat' dir='ltr'>umore</span> <span class='ocrx_word' id='word_1_328' title='bbox 355 2734 478 2794; x_wconf 87' lang='lat' dir='ltr'>nominis</span> <span class='ocrx_word' id='word_1_329' title='bbox 488 2733 601 2809; x_wconf 77' lang='lat' dir='ltr'>Christi,</span> <span class='ocrx_word' id='word_1_330' title='bbox 615 2733 664 2807; x_wconf 85' lang='lat' dir='ltr'>qul</span> <span class='ocrx_word' id='word_1_331' title='bbox 674 2741 717 2789; x_wconf 86' lang='lat' dir='ltr'>est</span> <span class='ocrx_word' id='word_1_332' title='bbox 730 2733 803 2793; x_wconf 84' lang='lat' dir='ltr'>reri·</span> <span class='ocrx_word' id='word_1_333' title='bbox 844 2750 943 2789; x_wconf 86' lang='lat' dir='ltr'>omnes</span> <span class='ocrx_word' id='word_1_334' title='bbox 956 2748 1056 2789; x_wconf 87' lang='lat' dir='ltr'>sensus</span> <span class='ocrx_word' id='word_1_335' title='bbox 1076 2740 1197 2800; x_wconf 80' lang='lat' dir='ltr'>nostros,</span> <span class='ocrx_word' id='word_1_336' title='bbox 1214 2750 1250 2788; x_wconf 88' lang='lat' dir='ltr'>ne</span> <span class='ocrx_word' id='word_1_337' title='bbox 1269 2750 1284 2786; x_wconf 85' lang='lat' dir='ltr'>a</span> <span class='ocrx_word' id='word_1_338' title='bbox 1306 2732 1417 2791; x_wconf 86' lang='lat' dir='ltr'>diabolo</span> <span class='ocrx_word' id='word_1_339' title='bbox 1430 2734 1512 2793; x_wconf 79' lang='lat' dir='ltr'>hoste</span> <span class='ocrx_word' id='word_1_340' title='bbox 1526 2732 1643 2809; x_wconf 76' lang='lat' dir='ltr'>antiquo</span> 
     </span>
     <span class='ocr_line' id='line_1_29' title="bbox 109 2812 1643 2899; baseline -0.002 -23"><span class='ocrx_word' id='word_1_341' title='bbox 109 2822 169 2899; x_wconf 75' lang='lat' dir='ltr'>dull</span> <span class='ocrx_word' id='word_1_342' title='bbox 191 2824 308 2878; x_wconf 84' lang='lat' dir='ltr'>loricam</span> <span class='ocrx_word' id='word_1_343' title='bbox 326 2825 455 2891; x_wconf 75' lang='lat' dir='ltr'>justitie.</span> <span class='ocrx_word' id='word_1_344' title='bbox 480 2822 565 2889; x_wconf 79' lang='lat' dir='ltr'>Recte</span> <span class='ocrx_word' id='word_1_345' title='bbox 581 2821 691 2894; x_wconf 79' lang='lat' dir='ltr'>justitie</span> <span class='ocrx_word' id='word_1_346' title='bbox 710 2822 804 2879; x_wconf 79' lang='lat' dir='ltr'>loricae</span> <span class='ocrx_word' id='word_1_347' title='bbox 844 2820 953 2897; x_wconf 79' lang='lat' dir='ltr'>possint</span> <span class='ocrx_word' id='word_1_348' title='bbox 967 2820 1125 2887; x_wconf 79' lang='lat' dir='ltr'>vulnereri;</span> <span class='ocrx_word' id='word_1_349' title='bbox 1140 2826 1165 2874; x_wconf 81' lang='lat' dir='ltr'>ct</span> <span class='ocrx_word' id='word_1_350' title='bbox 1178 2821 1306 2893; x_wconf 75' lang='lat' dir='ltr'>pledt&#39;um</span> <span class='ocrx_word' id='word_1_351' title='bbox 1319 2821 1528 2891; x_wconf 70' lang='lat' dir='ltr'>spiritur,un</span> <span class='ocrx_word' id='word_1_352' title='bbox 1536 2812 1643 2888; x_wconf 78' lang='lat' dir='ltr'>soluer-</span> 
     </span>
     <span class='ocr_line' id='line_1_30' title="bbox 109 2906 1642 2988; baseline -0.002 -23"><span class='ocrx_word' id='word_1_353' title='bbox 109 2914 193 2987; x_wconf 67' lang='lat' dir='ltr'>rqtur,</span> <span class='ocrx_word' id='word_1_354' title='bbox 214 2912 282 2987; x_wconf 83' lang='lat' dir='ltr'>quie</span> <span class='ocrx_word' id='word_1_355' title='bbox 301 2912 375 2969; x_wconf 85' lang='lat' dir='ltr'>sicut</span> <span class='ocrx_word' id='word_1_356' title='bbox 388 2912 475 2967; x_wconf 88' lang='lat' dir='ltr'>lorice</span> <span class='ocrx_word' id='word_1_357' title='bbox 496 2912 594 2967; x_wconf 89' lang='lat' dir='ltr'>multis</span> <span class='ocrx_word' id='word_1_358' title='bbox 607 2912 721 2987; x_wconf 83' lang='lat' dir='ltr'>circulis</span> <span class='ocrx_word' id='word_1_359' title='bbox 736 2926 803 2988; x_wconf 78' lang='lat' dir='ltr'>otn-</span> <span class='ocrx_word' id='word_1_360' title='bbox 845 2910 910 2983; x_wconf 74' lang='lat' dir='ltr'>dum</span> <span class='ocrx_word' id='word_1_361' title='bbox 921 2911 978 2972; x_wconf 82' lang='lat' dir='ltr'>ilci,</span> <span class='ocrx_word' id='word_1_362' title='bbox 992 2907 1127 2983; x_wconf 79' lang='lat' dir='ltr'>subaudis</span> <span class='ocrx_word' id='word_1_363' title='bbox 1136 2911 1277 2965; x_wconf 73' lang='lat' dir='ltr'>mrutnitc.</span> <span class='ocrx_word' id='word_1_364' title='bbox 1289 2908 1407 2965; x_wconf 73' lang='lat' dir='ltr'>Gladius</span> <span class='ocrx_word' id='word_1_365' title='bbox 1420 2908 1543 2979; x_wconf 77' lang='lat' dir='ltr'>Spiritus</span> <span class='ocrx_word' id='word_1_366' title='bbox 1552 2906 1642 2977; x_wconf 81' lang='lat' dir='ltr'>suncti</span> 
     </span>
     <span class='ocr_line' id='line_1_31' title="bbox 109 2995 1644 3074; baseline -0.003 -19"><span class='ocrx_word' id='word_1_367' title='bbox 109 2998 284 3071; x_wconf 63' lang='lat' dir='ltr'>,iniustitia</span> <span class='ocrx_word' id='word_1_368' title='bbox 295 3000 391 3056; x_wconf 89' lang='lat' dir='ltr'>multis</span> <span class='ocrx_word' id='word_1_369' title='bbox 401 2998 551 3057; x_wconf 83' lang='lat' dir='ltr'>uirtutibus</span> <span class='ocrx_word' id='word_1_370' title='bbox 564 3006 682 3074; x_wconf 82' lang='lat' dir='ltr'>constet.</span> <span class='ocrx_word' id='word_1_371' title='bbox 695 3000 802 3056; x_wconf 82' lang='lat' dir='ltr'>Aliter:</span> <span class='ocrx_word' id='word_1_372' title='bbox 844 2997 1014 3073; x_wconf 71' lang='lat' dir='ltr'>intelligitur</span> <span class='ocrx_word' id='word_1_373' title='bbox 1036 2996 1151 3053; x_wconf 85' lang='lat' dir='ltr'>uerbum</span> <span class='ocrx_word' id='word_1_374' title='bbox 1174 2997 1235 3073; x_wconf 79' lang='lat' dir='ltr'>Dei,</span> <span class='ocrx_word' id='word_1_375' title='bbox 1261 3003 1295 3055; x_wconf 86' lang='lat' dir='ltr'>ut</span> <span class='ocrx_word' id='word_1_376' title='bbox 1314 2997 1465 3069; x_wconf 81' lang='lat' dir='ltr'>Apostolus</span> <span class='ocrx_word' id='word_1_377' title='bbox 1482 2996 1533 3067; x_wconf 81' lang='lat' dir='ltr'>eit,</span> <span class='ocrx_word' id='word_1_378' title='bbox 1552 2995 1581 3061; x_wconf 82' lang='lat' dir='ltr'>id</span> <span class='ocrx_word' id='word_1_379' title='bbox 1599 3001 1644 3065; x_wconf 73' lang='lat' dir='ltr'>est</span> 
     </span>
     <span class='ocr_line' id='line_1_32' title="bbox 109 3076 1644 3165; baseline -0.004 -19"><span class='ocrx_word' id='word_1_380' title='bbox 109 3088 227 3165; x_wconf 60' lang='lat' dir='ltr'>etenim</span> <span class='ocrx_word' id='word_1_381' title='bbox 247 3088 340 3147; x_wconf 85' lang='lat' dir='ltr'>loricsc</span> <span class='ocrx_word' id='word_1_382' title='bbox 353 3094 445 3160; x_wconf 90' lang='lat' dir='ltr'>potest</span> <span class='ocrx_word' id='word_1_383' title='bbox 463 3088 632 3161; x_wconf 80' lang='lat' dir='ltr'>comparari,</span> <span class='ocrx_word' id='word_1_384' title='bbox 648 3089 716 3163; x_wconf 85' lang='lat' dir='ltr'>quie</span> <span class='ocrx_word' id='word_1_385' title='bbox 730 3085 973 3147; x_wconf 80' lang='lat' dir='ltr'>sicuthoctrine</span> <span class='ocrx_word' id='word_1_386' title='bbox 994 3091 1025 3141; x_wconf 86' lang='lat' dir='ltr'>et</span> <span class='ocrx_word' id='word_1_387' title='bbox 1040 3086 1157 3159; x_wconf 82' lang='lat' dir='ltr'>scientie</span> <span class='ocrx_word' id='word_1_388' title='bbox 1170 3082 1328 3142; x_wconf 81' lang='lat' dir='ltr'>divinorum</span> <span class='ocrx_word' id='word_1_389' title='bbox 1345 3076 1564 3156; x_wconf 80' lang='lat' dir='ltr'>scripturarum,</span> <span class='ocrx_word' id='word_1_390' title='bbox 1581 3100 1644 3156; x_wconf 82' lang='lat' dir='ltr'>qum</span> 
     </span>
     <span class='ocr_line' id='line_1_33' title="bbox 109 3172 1643 3253; baseline -0.002 -22"><span class='ocrx_word' id='word_1_391' title='bbox 109 3180 193 3253; x_wconf 63' lang='lat' dir='ltr'>pctus</span> <span class='ocrx_word' id='word_1_392' title='bbox 204 3175 306 3239; x_wconf 88' lang='lat' dir='ltr'>munit,</span> <span class='ocrx_word' id='word_1_393' title='bbox 317 3182 443 3233; x_wconf 82' lang='lat' dir='ltr'>uentrem</span> <span class='ocrx_word' id='word_1_394' title='bbox 453 3177 577 3248; x_wconf 83' lang='lat' dir='ltr'>stringit.</span> <span class='ocrx_word' id='word_1_395' title='bbox 588 3177 696 3232; x_wconf 81' lang='lat' dir='ltr'>temore</span> <span class='ocrx_word' id='word_1_396' title='bbox 710 3181 803 3247; x_wconf 87' lang='lat' dir='ltr'>prote·</span> <span class='ocrx_word' id='word_1_397' title='bbox 843 3190 894 3248; x_wconf 91' lang='lat' dir='ltr'>per</span> <span class='ocrx_word' id='word_1_398' title='bbox 901 3174 1037 3249; x_wconf 88' lang='lat' dir='ltr'>Spiritum</span> <span class='ocrx_word' id='word_1_399' title='bbox 1047 3181 1176 3231; x_wconf 79' lang='lat' dir='ltr'>sunctum</span> <span class='ocrx_word' id='word_1_400' title='bbox 1185 3174 1267 3231; x_wconf 87' lang='lat' dir='ltr'>nobis</span> <span class='ocrx_word' id='word_1_401' title='bbox 1276 3174 1420 3247; x_wconf 82' lang='lat' dir='ltr'>tribuitur.</span> <span class='ocrx_word' id='word_1_402' title='bbox 1432 3172 1538 3243; x_wconf 83' lang='lat' dir='ltr'>ldcirco</span> <span class='ocrx_word' id='word_1_403' title='bbox 1547 3179 1643 3239; x_wconf 82' lang='lat' dir='ltr'>eutem</span> 
     </span>
     <span class='ocr_line' id='line_1_34' title="bbox 109 3261 1643 3345; baseline -0.002 -26"><span class='ocrx_word' id='word_1_404' title='bbox 109 3263 218 3345; x_wconf 71' lang='lat' dir='ltr'>ipstitie</span> <span class='ocrx_word' id='word_1_405' title='bbox 226 3264 644 3339; x_wconf 78' lang='lat' dir='ltr'>superlluesrogitetionesquoe</span> <span class='ocrx_word' id='word_1_406' title='bbox 652 3264 682 3319; x_wconf 89' lang='lat' dir='ltr'>in</span> <span class='ocrx_word' id='word_1_407' title='bbox 690 3270 802 3341; x_wconf 82' lang='lat' dir='ltr'>pectore</span> <span class='ocrx_word' id='word_1_408' title='bbox 842 3261 1643 3341; x_wconf 76' lang='lat' dir='ltr'>gladiuseppelletur,quiesicutiglediolugnntprbcstes,</span> 
     </span>
     <span class='ocr_line' id='line_1_35' title="bbox 121 3351 1645 3433; baseline -0.004 -22"><span class='ocrx_word' id='word_1_409' title='bbox 121 3352 224 3433; x_wconf 65' lang='lat' dir='ltr'>pouit,</span> <span class='ocrx_word' id='word_1_410' title='bbox 245 3353 365 3425; x_wconf 84' lang='lat' dir='ltr'>repellit,</span> <span class='ocrx_word' id='word_1_411' title='bbox 386 3353 538 3425; x_wconf 80' lang='lat' dir='ltr'>ingluviem</span> <span class='ocrx_word' id='word_1_412' title='bbox 557 3354 662 3413; x_wconf 82' lang='lat' dir='ltr'>ventris</span> <span class='ocrx_word' id='word_1_413' title='bbox 676 3352 800 3425; x_wconf 77' lang='lat' dir='ltr'>stringit,</span> <span class='ocrx_word' id='word_1_414' title='bbox 844 3351 885 3429; x_wconf 76' lang='lat' dir='ltr'>ito</span> <span class='ocrx_word' id='word_1_415' title='bbox 898 3367 949 3423; x_wconf 83' lang='lat' dir='ltr'>per</span> <span class='ocrx_word' id='word_1_416' title='bbox 961 3351 1151 3425; x_wconf 76' lang='lat' dir='ltr'>cognitionum</span> <span class='ocrx_word' id='word_1_417' title='bbox 1160 3352 1319 3411; x_wconf 75' lang='lat' dir='ltr'>divinorum</span> <span class='ocrx_word' id='word_1_418' title='bbox 1330 3352 1538 3423; x_wconf 84' lang='lat' dir='ltr'>Scriptorerum</span> <span class='ocrx_word' id='word_1_419' title='bbox 1547 3365 1645 3423; x_wconf 77' lang='lat' dir='ltr'>postu</span> 
     </span>
    </p>
   </div>
   <div class='ocr_carea' id='block_1_5' title="bbox 109 3439 1646 3599">
    <p class='ocr_par' dir='ltr' id='par_1_6' title="bbox 109 3439 1646 3599">
     <span class='ocr_line' id='line_1_36' title="bbox 109 3439 1646 3599; baseline -0.001 -103"><span class='ocrx_word' id='word_1_420' title='bbox 109 3456 141 3505; x_wconf 78' lang='lat' dir='ltr'>m</span> <span class='ocrx_word' id='word_1_421' title='bbox 154 3457 270 3599; x_wconf 50' lang='lat' dir='ltr'>quom</span> <span class='ocrx_word' id='word_1_422' title='bbox 281 3440 450 3511; x_wconf 84' lang='lat' dir='ltr'>comprimit.</span> <span class='ocrx_word' id='word_1_423' title='bbox 844 3457 908 3517; x_wconf 78' lang='lat' dir='ltr'>mus</span> <span class='ocrx_word' id='word_1_424' title='bbox 923 3441 1022 3513; x_wconf 72' lang='lat' dir='ltr'>lugere</span> <span class='ocrx_word' id='word_1_425' title='bbox 1032 3457 1130 3513; x_wconf 77' lang='lat' dir='ltr'>omnes</span> <span class='ocrx_word' id='word_1_426' title='bbox 1140 3441 1255 3503; x_wconf 78' lang='lat' dir='ltr'>iusidias</span> <span class='ocrx_word' id='word_1_427' title='bbox 1269 3447 1299 3505; x_wconf 81' lang='lat' dir='ltr'>et</span> <span class='ocrx_word' id='word_1_428' title='bbox 1312 3440 1408 3511; x_wconf 80' lang='lat' dir='ltr'>omnis</span> <span class='ocrx_word' id='word_1_429' title='bbox 1418 3439 1646 3507; x_wconf 74' lang='lat' dir='ltr'>machinamento</span> 
     </span>
    </p>
   </div>
   <div class='ocr_carea' id='block_1_6' title="bbox 109 3526 1646 4835">
    <p class='ocr_par' dir='ltr' id='par_1_7' title="bbox 109 3526 1645 3963">
     <span class='ocr_line' id='line_1_37' title="bbox 109 3526 1645 3601; baseline -0.004 -14"><span class='ocrx_word' id='word_1_430' title='bbox 109 3530 199 3587; x_wconf 81' lang='lat' dir='ltr'>tlctcti</span> <span class='ocrx_word' id='word_1_431' title='bbox 271 3546 293 3596; x_wconf 82' lang='lat' dir='ltr'>r,</span> <span class='ocrx_word' id='word_1_432' title='bbox 303 3529 438 3585; x_wconf 83' lang='lat' dir='ltr'>subaudis</span> <span class='ocrx_word' id='word_1_433' title='bbox 446 3530 504 3597; x_wconf 84' lang='lat' dir='ltr'>sint</span> <span class='ocrx_word' id='word_1_434' title='bbox 515 3528 602 3596; x_wconf 85' lang='lat' dir='ltr'>uobis,</span> <span class='ocrx_word' id='word_1_435' title='bbox 615 3533 646 3585; x_wconf 84' lang='lat' dir='ltr'>in</span> <span class='ocrx_word' id='word_1_436' title='bbox 659 3545 803 3599; x_wconf 71' lang='lat' dir='ltr'>prepara·</span> <span class='ocrx_word' id='word_1_437' title='bbox 843 3526 958 3588; x_wconf 81' lang='lat' dir='ltr'>dioboli.</span> <span class='ocrx_word' id='word_1_438' title='bbox 986 3530 1145 3601; x_wconf 79' lang='lat' dir='ltr'>oppetendo</span> <span class='ocrx_word' id='word_1_439' title='bbox 1169 3530 1218 3586; x_wconf 87' lang='lat' dir='ltr'>ille</span> <span class='ocrx_word' id='word_1_440' title='bbox 1245 3546 1307 3601; x_wconf 82' lang='lat' dir='ltr'>que</span> <span class='ocrx_word' id='word_1_441' title='bbox 1329 3529 1475 3600; x_wconf 80' lang='lat' dir='ltr'>Scriptura</span> <span class='ocrx_word' id='word_1_442' title='bbox 1496 3529 1587 3595; x_wconf 83' lang='lat' dir='ltr'>docet,</span> <span class='ocrx_word' id='word_1_443' title='bbox 1616 3532 1645 3581; x_wconf 87' lang='lat' dir='ltr'>et</span> 
     </span>
     <span class='ocr_line' id='line_1_38' title="bbox 113 3616 1645 3693; baseline -0.002 -20"><span class='ocrx_word' id='word_1_444' title='bbox 113 3616 259 3693; x_wconf 61' lang='lat' dir='ltr'>[conpelli</span> <span class='ocrx_word' id='word_1_445' title='bbox 265 3620 357 3685; x_wconf 81' lang='lat' dir='ltr'>pacis:</span> <span class='ocrx_word' id='word_1_446' title='bbox 374 3623 402 3670; x_wconf 90' lang='lat' dir='ltr'>et</span> <span class='ocrx_word' id='word_1_447' title='bbox 411 3623 455 3670; x_wconf 82' lang='lat' dir='ltr'>est</span> <span class='ocrx_word' id='word_1_448' title='bbox 466 3632 584 3672; x_wconf 83' lang='lat' dir='ltr'>sensus:</span> <span class='ocrx_word' id='word_1_449' title='bbox 599 3616 678 3672; x_wconf 90' lang='lat' dir='ltr'>Sicut</span> <span class='ocrx_word' id='word_1_450' title='bbox 691 3616 739 3671; x_wconf 88' lang='lat' dir='ltr'>ille</span> <span class='ocrx_word' id='word_1_451' title='bbox 753 3618 801 3690; x_wconf 92' lang='lat' dir='ltr'>qui</span> <span class='ocrx_word' id='word_1_452' title='bbox 844 3617 959 3681; x_wconf 74' lang='lat' dir='ltr'>,nitendo</span> <span class='ocrx_word' id='word_1_453' title='bbox 971 3634 1034 3689; x_wconf 78' lang='lat' dir='ltr'>ques</span> <span class='ocrx_word' id='word_1_454' title='bbox 1049 3618 1179 3688; x_wconf 87' lang='lat' dir='ltr'>prohibet</span> <span class='ocrx_word' id='word_1_455' title='bbox 1193 3636 1199 3671; x_wconf 93' lang='lat'><strong>:</strong></span> <span class='ocrx_word' id='word_1_456' title='bbox 1215 3623 1244 3685; x_wconf 81' lang='lat' dir='ltr'>et</span> <span class='ocrx_word' id='word_1_457' title='bbox 1257 3634 1314 3683; x_wconf 87' lang='lat' dir='ltr'>non</span> <span class='ocrx_word' id='word_1_458' title='bbox 1332 3618 1424 3673; x_wconf 88' lang='lat' dir='ltr'>solum</span> <span class='ocrx_word' id='word_1_459' title='bbox 1438 3616 1581 3677; x_wconf 75' lang='lat' dir='ltr'>demones</span> <span class='ocrx_word' id='word_1_460' title='bbox 1593 3632 1645 3687; x_wconf 86' lang='lat' dir='ltr'>per</span> 
     </span>
     <span class='ocr_line' id='line_1_39' title="bbox 109 3694 1645 3779; baseline -0.001 -18"><span class='ocrx_word' id='word_1_461' title='bbox 109 3694 236 3773; x_wconf 66' lang='lat' dir='ltr'>dehabet</span> <span class='ocrx_word' id='word_1_462' title='bbox 248 3704 343 3776; x_wconf 85' lang='lat' dir='ltr'>pedes.</span> <span class='ocrx_word' id='word_1_463' title='bbox 360 3711 506 3775; x_wconf 83' lang='lat' dir='ltr'>serpentes</span> <span class='ocrx_word' id='word_1_464' title='bbox 520 3704 636 3776; x_wconf 84' lang='lat' dir='ltr'>spernit,</span> <span class='ocrx_word' id='word_1_465' title='bbox 653 3705 804 3777; x_wconf 80' lang='lat' dir='ltr'>spinasque</span> <span class='ocrx_word' id='word_1_466' title='bbox 846 3706 907 3777; x_wconf 71' lang='lat' dir='ltr'>eius</span> <span class='ocrx_word' id='word_1_467' title='bbox 921 3706 1109 3779; x_wconf 76' lang='lat' dir='ltr'>cognitionem</span> <span class='ocrx_word' id='word_1_468' title='bbox 1123 3711 1153 3761; x_wconf 88' lang='lat' dir='ltr'>et</span> <span class='ocrx_word' id='word_1_469' title='bbox 1167 3706 1336 3774; x_wconf 85' lang='lat' dir='ltr'>edjutorium</span> <span class='ocrx_word' id='word_1_470' title='bbox 1358 3705 1409 3773; x_wconf 80' lang='lat' dir='ltr'>Dei</span> <span class='ocrx_word' id='word_1_471' title='bbox 1431 3720 1581 3776; x_wconf 78' lang='lat' dir='ltr'>possumus</span> <span class='ocrx_word' id='word_1_472' title='bbox 1599 3721 1645 3765; x_wconf 80' lang='lat' dir='ltr'>tu·</span> 
     </span>
     <span class='ocr_line' id='line_1_40' title="bbox 109 3776 1644 3871; baseline 0.001 -24"><span class='ocrx_word' id='word_1_473' title='bbox 109 3776 427 3865; x_wconf 69' lang='lat' dir='ltr'>iqiseesperitmemvitae</span> <span class='ocrx_word' id='word_1_474' title='bbox 436 3792 578 3864; x_wconf 86' lang='lat' dir='ltr'>pronihilo</span> <span class='ocrx_word' id='word_1_475' title='bbox 587 3793 717 3861; x_wconf 73' lang='lat' dir='ltr'>ducitite</span> <span class='ocrx_word' id='word_1_476' title='bbox 724 3800 806 3848; x_wconf 84' lang='lat' dir='ltr'>etuos</span> <span class='ocrx_word' id='word_1_477' title='bbox 846 3810 956 3871; x_wconf 70' lang='lat' dir='ltr'>perere,</span> <span class='ocrx_word' id='word_1_478' title='bbox 976 3795 1026 3851; x_wconf 79' lang='lat' dir='ltr'>sod</span> <span class='ocrx_word' id='word_1_479' title='bbox 1047 3795 1131 3851; x_wconf 73' lang='lat' dir='ltr'>edam</span> <span class='ocrx_word' id='word_1_480' title='bbox 1146 3794 1312 3865; x_wconf 70' lang='lat' dir='ltr'>auctoritate</span> <span class='ocrx_word' id='word_1_481' title='bbox 1326 3794 1403 3857; x_wconf 85' lang='lat' dir='ltr'>illius</span> <span class='ocrx_word' id='word_1_482' title='bbox 1419 3791 1563 3857; x_wconf 73' lang='lat' dir='ltr'>hereticos</span> <span class='ocrx_word' id='word_1_483' title='bbox 1576 3808 1644 3851; x_wconf 88' lang='lat' dir='ltr'>con·</span> 
     </span>
     <span class='ocr_line' id='line_1_41' title="bbox 109 3877 1439 3963; baseline -0.001 -26"><span class='ocrx_word' id='word_1_484' title='bbox 109 3886 312 3963; x_wconf 76' lang='lat' dir='ltr'>ttttsmpentem</span> <span class='ocrx_word' id='word_1_485' title='bbox 320 3881 479 3952; x_wconf 83' lang='lat' dir='ltr'>antiquum,</span> <span class='ocrx_word' id='word_1_486' title='bbox 488 3881 715 3953; x_wconf 72' lang='lat' dir='ltr'>spinosumque,</span> <span class='ocrx_word' id='word_1_487' title='bbox 724 3881 751 3937; x_wconf 90' lang='lat' dir='ltr'>id</span> <span class='ocrx_word' id='word_1_488' title='bbox 763 3877 808 3937; x_wconf 79' lang='lat' dir='ltr'>est</span> <span class='ocrx_word' id='word_1_489' title='bbox 848 3883 1142 3960; x_wconf 77' lang='lat' dir='ltr'>uincere,oterrororo</span> <span class='ocrx_word' id='word_1_490' title='bbox 1157 3883 1270 3953; x_wconf 85' lang='lat' dir='ltr'>illorum</span> <span class='ocrx_word' id='word_1_491' title='bbox 1284 3882 1439 3945; x_wconf 77' lang='lat' dir='ltr'>destruere.</span> 
     </span>
    </p>

    <p class='ocr_par' dir='ltr' id='par_1_8' title="bbox 109 3969 1646 4835">
     <span class='ocr_line' id='line_1_42' title="bbox 109 3969 1646 4057; baseline 0 -33"><span class='ocrx_word' id='word_1_492' title='bbox 109 3985 169 4047; x_wconf 67' lang='lat' dir='ltr'>spes</span> <span class='ocrx_word' id='word_1_493' title='bbox 180 3970 352 4041; x_wconf 81' lang='lat' dir='ltr'>passionum,</span> <span class='ocrx_word' id='word_1_494' title='bbox 363 3985 532 4040; x_wconf 88' lang='lat' dir='ltr'>omnemque</span> <span class='ocrx_word' id='word_1_495' title='bbox 546 3969 726 4043; x_wconf 73' lang='lat' dir='ltr'>asperitatem</span> <span class='ocrx_word' id='word_1_496' title='bbox 742 3969 804 4039; x_wconf 73' lang='lat' dir='ltr'>vitre</span> <span class='ocrx_word' id='word_1_497' title='bbox 880 3970 1002 4036; x_wconf 75' lang='lat' dir='ltr'>Grotius.</span> <span class='ocrx_word' id='word_1_498' title='bbox 1016 3971 1046 4035; x_wconf 79' lang='lat' dir='ltr'>iu</span> <span class='ocrx_word' id='word_1_499' title='bbox 1059 3977 1103 4027; x_wconf 84' lang='lat' dir='ltr'>est</span> <span class='ocrx_word' id='word_1_500' title='bbox 1124 3972 1194 4030; x_wconf 84' lang='lat' dir='ltr'>tides</span> <span class='ocrx_word' id='word_1_501' title='bbox 1208 3979 1237 4025; x_wconf 89' lang='lat' dir='ltr'>et</span> <span class='ocrx_word' id='word_1_502' title='bbox 1259 3970 1387 4027; x_wconf 86' lang='lat' dir='ltr'>remissio</span> <span class='ocrx_word' id='word_1_503' title='bbox 1404 3975 1593 4057; x_wconf 77' lang='lat' dir='ltr'>peccatorum,</span> <span class='ocrx_word' id='word_1_504' title='bbox 1607 3969 1646 4026; x_wconf 89' lang='lat' dir='ltr'>sit</span> 
     </span>
     <span class='ocr_line' id='line_1_43' title="bbox 109 4056 1646 4131; baseline 0.001 -17"><span class='ocrx_word' id='word_1_505' title='bbox 109 4058 285 4121; x_wconf 71' lang='lat' dir='ltr'>contemnite,</span> <span class='ocrx_word' id='word_1_506' title='bbox 296 4064 325 4112; x_wconf 89' lang='lat' dir='ltr'>et</span> <span class='ocrx_word' id='word_1_507' title='bbox 338 4057 418 4112; x_wconf 80' lang='lat' dir='ltr'>liberi</span> <span class='ocrx_word' id='word_1_508' title='bbox 432 4057 467 4113; x_wconf 87' lang='lat' dir='ltr'>ed</span> <span class='ocrx_word' id='word_1_509' title='bbox 478 4058 704 4129; x_wconf 68' lang='lat' dir='ltr'>predicationem</span> <span class='ocrx_word' id='word_1_510' title='bbox 715 4059 804 4115; x_wconf 83' lang='lat' dir='ltr'>liven-</span> <span class='ocrx_word' id='word_1_511' title='bbox 844 4056 923 4115; x_wconf 79' lang='lat' dir='ltr'>uobis</span> <span class='ocrx_word' id='word_1_512' title='bbox 932 4063 962 4113; x_wconf 84' lang='lat' dir='ltr'>tn</span> <span class='ocrx_word' id='word_1_513' title='bbox 971 4062 1189 4127; x_wconf 69' lang='lat' dir='ltr'>incorruptione,</span> <span class='ocrx_word' id='word_1_514' title='bbox 1197 4058 1225 4115; x_wconf 89' lang='lat' dir='ltr'>id</span> <span class='ocrx_word' id='word_1_515' title='bbox 1231 4057 1307 4115; x_wconf 87' lang='lat' dir='ltr'>estin</span> <span class='ocrx_word' id='word_1_516' title='bbox 1317 4057 1646 4131; x_wconf 71' lang='lat' dir='ltr'>integntntccumomni·</span> 
     </span>
     <span class='ocr_line' id='line_1_44' title="bbox 109 4134 1643 4218; baseline -0.001 -16"><span class='ocrx_word' id='word_1_517' title='bbox 109 4146 213 4203; x_wconf 79' lang='lat' dir='ltr'>cedite.</span> <span class='ocrx_word' id='word_1_518' title='bbox 225 4146 331 4201; x_wconf 78' lang='lat' dir='ltr'>Aliter:</span> <span class='ocrx_word' id='word_1_519' title='bbox 346 4163 396 4218; x_wconf 89' lang='lat' dir='ltr'>per</span> <span class='ocrx_word' id='word_1_520' title='bbox 407 4147 599 4201; x_wconf 79' lang='lat' dir='ltr'>calceamento</span> <span class='ocrx_word' id='word_1_521' title='bbox 612 4162 674 4217; x_wconf 74' lang='lat' dir='ltr'>quse</span> <span class='ocrx_word' id='word_1_522' title='bbox 684 4163 717 4202; x_wconf 81' lang='lat' dir='ltr'>er</span> <span class='ocrx_word' id='word_1_523' title='bbox 730 4163 804 4201; x_wconf 90' lang='lat' dir='ltr'>mor·</span> <span class='ocrx_word' id='word_1_524' title='bbox 846 4148 895 4209; x_wconf 76' lang='lat' dir='ltr'>bus</span> <span class='ocrx_word' id='word_1_525' title='bbox 904 4149 955 4217; x_wconf 80' lang='lat' dir='ltr'>qui</span> <span class='ocrx_word' id='word_1_526' title='bbox 968 4148 1091 4217; x_wconf 77' lang='lat' dir='ltr'>ditt&#39;pnnt</span> <span class='ocrx_word' id='word_1_527' title='bbox 1106 4149 1255 4203; x_wconf 81' lang='lat' dir='ltr'>Dotrtinurn</span> <span class='ocrx_word' id='word_1_528' title='bbox 1264 4148 1358 4201; x_wconf 76' lang='lat' dir='ltr'>lerum</span> <span class='ocrx_word' id='word_1_529' title='bbox 1373 4147 1525 4205; x_wconf 75' lang='lat' dir='ltr'>curulum.</span> <span class='ocrx_word' id='word_1_530' title='bbox 1537 4134 1643 4215; x_wconf 65' lang='lat' dir='ltr'>¹Aliter:</span> 
     </span>
     <span class='ocr_line' id='line_1_45' title="bbox 110 4233 1645 4307; baseline 0 -17"><span class='ocrx_word' id='word_1_531' title='bbox 110 4234 245 4295; x_wconf 87' lang='lat' dir='ltr'>imulibus</span> <span class='ocrx_word' id='word_1_532' title='bbox 259 4235 340 4300; x_wconf 84' lang='lat' dir='ltr'>frunt,</span> <span class='ocrx_word' id='word_1_533' title='bbox 357 4233 492 4290; x_wconf 87' lang='lat' dir='ltr'>debemus</span> <span class='ocrx_word' id='word_1_534' title='bbox 508 4234 666 4307; x_wconf 79' lang='lat' dir='ltr'>intelligere</span> <span class='ocrx_word' id='word_1_535' title='bbox 679 4235 756 4290; x_wconf 89' lang='lat' dir='ltr'>dicte</span> <span class='ocrx_word' id='word_1_536' title='bbox 774 4242 804 4291; x_wconf 89' lang='lat' dir='ltr'>et</span> <span class='ocrx_word' id='word_1_537' title='bbox 844 4234 953 4301; x_wconf 81' lang='lat' dir='ltr'>Gratis,</span> <span class='ocrx_word' id='word_1_538' title='bbox 966 4234 994 4290; x_wconf 87' lang='lat' dir='ltr'>id</span> <span class='ocrx_word' id='word_1_539' title='bbox 1007 4242 1052 4291; x_wconf 88' lang='lat' dir='ltr'>est</span> <span class='ocrx_word' id='word_1_540' title='bbox 1064 4236 1134 4307; x_wconf 68' lang='lat' dir='ltr'>tides</span> <span class='ocrx_word' id='word_1_541' title='bbox 1146 4241 1175 4291; x_wconf 87' lang='lat' dir='ltr'>et</span> <span class='ocrx_word' id='word_1_542' title='bbox 1184 4235 1313 4290; x_wconf 86' lang='lat' dir='ltr'>remissio</span> <span class='ocrx_word' id='word_1_543' title='bbox 1323 4238 1511 4307; x_wconf 77' lang='lat' dir='ltr'>poeoniorum,</span> <span class='ocrx_word' id='word_1_544' title='bbox 1525 4236 1645 4305; x_wconf 68' lang='lat' dir='ltr'>muetos</span> 
     </span>
     <span class='ocr_line' id='line_1_46' title="bbox 109 4320 1646 4417; baseline 0.001 -40"><span class='ocrx_word' id='word_1_545' title='bbox 109 4320 949 4417; x_wconf 67' lang='lat' dir='ltr'>nssnctornmpetrumprecedentiumcslceatosnetcrne</span> <span class='ocrx_word' id='word_1_546' title='bbox 973 4328 1012 4381; x_wconf 85' lang='lat' dir='ltr'>sit</span> <span class='ocrx_word' id='word_1_547' title='bbox 1033 4323 1111 4381; x_wconf 84' lang='lat' dir='ltr'>robis</span> <span class='ocrx_word' id='word_1_548' title='bbox 1126 4341 1190 4379; x_wconf 89' lang='lat' dir='ltr'>cum</span> <span class='ocrx_word' id='word_1_549' title='bbox 1206 4322 1337 4395; x_wconf 87' lang='lat' dir='ltr'>omnibus</span> <span class='ocrx_word' id='word_1_550' title='bbox 1354 4324 1460 4395; x_wconf 75' lang='lat' dir='ltr'>sanctis</span> <span class='ocrx_word' id='word_1_551' title='bbox 1474 4324 1503 4380; x_wconf 91' lang='lat' dir='ltr'>in</span> <span class='ocrx_word' id='word_1_552' title='bbox 1518 4325 1646 4393; x_wconf 77' lang='lat' dir='ltr'>incorru-</span> 
     </span>
     <span class='ocr_line' id='line_1_47' title="bbox 109 4409 1646 4489; baseline 0.003 -25"><span class='ocrx_word' id='word_1_553' title='bbox 109 4410 173 4469; x_wconf 80' lang='lat' dir='ltr'>sdes</span> <span class='ocrx_word' id='word_1_554' title='bbox 186 4410 332 4477; x_wconf 83' lang='lat' dir='ltr'>hebernus,</span> <span class='ocrx_word' id='word_1_555' title='bbox 344 4426 408 4465; x_wconf 90' lang='lat' dir='ltr'>cum</span> <span class='ocrx_word' id='word_1_556' title='bbox 420 4409 502 4465; x_wconf 90' lang='lat' dir='ltr'>dictis</span> <span class='ocrx_word' id='word_1_557' title='bbox 514 4416 545 4489; x_wconf 87' lang='lat' dir='ltr'>et</span> <span class='ocrx_word' id='word_1_558' title='bbox 555 4411 691 4481; x_wconf 81' lang='lat' dir='ltr'>exemplis</span> <span class='ocrx_word' id='word_1_559' title='bbox 703 4428 805 4488; x_wconf 73' lang='lat' dir='ltr'>prece·</span> <span class='ocrx_word' id='word_1_560' title='bbox 843 4412 950 4484; x_wconf 85' lang='lat' dir='ltr'>ptioue,</span> <span class='ocrx_word' id='word_1_561' title='bbox 965 4411 1019 4469; x_wconf 89' lang='lat' dir='ltr'>boc</span> <span class='ocrx_word' id='word_1_562' title='bbox 1032 4419 1076 4469; x_wconf 86' lang='lat' dir='ltr'>est</span> <span class='ocrx_word' id='word_1_563' title='bbox 1089 4413 1118 4469; x_wconf 89' lang='lat' dir='ltr'>in</span> <span class='ocrx_word' id='word_1_564' title='bbox 1132 4414 1259 4484; x_wconf 79' lang='lat' dir='ltr'>generuli</span> <span class='ocrx_word' id='word_1_565' title='bbox 1279 4412 1494 4485; x_wconf 74' lang='lat' dir='ltr'>resurrectione,</span> <span class='ocrx_word' id='word_1_566' title='bbox 1512 4413 1561 4469; x_wconf 94' lang='lat' dir='ltr'>ubi</span> <span class='ocrx_word' id='word_1_567' title='bbox 1572 4413 1646 4471; x_wconf 84' lang='lat' dir='ltr'>ucci-</span> 
     </span>
     <span class='ocr_line' id='line_1_48' title="bbox 109 4490 1646 4581; baseline 0.003 -26"><span class='ocrx_word' id='word_1_568' title='bbox 109 4516 128 4567; x_wconf 88' lang='lat' dir='ltr'>p</span> <span class='ocrx_word' id='word_1_569' title='bbox 148 4506 263 4579; x_wconf 86' lang='lat' dir='ltr'>petrum</span> <span class='ocrx_word' id='word_1_570' title='bbox 286 4499 399 4561; x_wconf 88' lang='lat' dir='ltr'>muniti,</span> <span class='ocrx_word' id='word_1_571' title='bbox 420 4498 512 4556; x_wconf 87' lang='lat' dir='ltr'>securi</span> <span class='ocrx_word' id='word_1_572' title='bbox 540 4498 576 4577; x_wconf 71' lang='lat' dir='ltr'>nd</span> <span class='ocrx_word' id='word_1_573' title='bbox 596 4498 802 4570; x_wconf 73' lang='lat' dir='ltr'>praedicendum</span> <span class='ocrx_word' id='word_1_574' title='bbox 844 4500 923 4581; x_wconf 84' lang='lat' dir='ltr'>pient</span> <span class='ocrx_word' id='word_1_575' title='bbox 935 4516 1033 4557; x_wconf 86' lang='lat' dir='ltr'>omnes</span> <span class='ocrx_word' id='word_1_576' title='bbox 1046 4500 1127 4559; x_wconf 82' lang='lat' dir='ltr'>electi</span> <span class='ocrx_word' id='word_1_577' title='bbox 1138 4503 1249 4563; x_wconf 81' lang='lat' dir='ltr'>incursu</span> <span class='ocrx_word' id='word_1_578' title='bbox 1270 4490 1376 4567; x_wconf 73' lang='lat' dir='ltr'>tionem</span> <span class='ocrx_word' id='word_1_579' title='bbox 1389 4502 1646 4575; x_wconf 81' lang='lat' dir='ltr'>incorporeetim·</span> 
     </span>
     <span class='ocr_line' id='line_1_49' title="bbox 109 4520 1644 4669; baseline 0.003 -28"><span class='ocrx_word' id='word_1_580' title='bbox 109 4586 186 4669; x_wconf 70' lang='lat' dir='ltr'>ilium</span> <span class='ocrx_word' id='word_1_581' title='bbox 208 4586 285 4659; x_wconf 82' lang='lat' dir='ltr'>pecie</span> <span class='ocrx_word' id='word_1_582' title='bbox 313 4586 481 4651; x_wconf 81' lang='lat' dir='ltr'>accedimus.</span> <span class='ocrx_word' id='word_1_583' title='bbox 503 4585 685 4655; x_wconf 76' lang='lat' dir='ltr'>Evangelium</span> <span class='ocrx_word' id='word_1_584' title='bbox 708 4595 802 4643; x_wconf 87' lang='lat' dir='ltr'>eutem</span> <span class='ocrx_word' id='word_1_585' title='bbox 845 4589 1046 4655; x_wconf 76' lang='lat' dir='ltr'>mortalitotem</span> <span class='ocrx_word' id='word_1_586' title='bbox 1060 4589 1090 4651; x_wconf 87' lang='lat' dir='ltr'>in</span> <span class='ocrx_word' id='word_1_587' title='bbox 1104 4591 1209 4657; x_wconf 80' lang='lat' dir='ltr'>eninm,</span> <span class='ocrx_word' id='word_1_588' title='bbox 1221 4520 1361 4665; x_wconf 39' lang='lat' dir='ltr'>luzeium</span> <span class='ocrx_word' id='word_1_589' title='bbox 1373 4590 1446 4651; x_wconf 87' lang='lat' dir='ltr'>sicut</span> <span class='ocrx_word' id='word_1_590' title='bbox 1459 4590 1501 4645; x_wconf 84' lang='lat' dir='ltr'>sol</span> <span class='ocrx_word' id='word_1_591' title='bbox 1513 4590 1544 4646; x_wconf 88' lang='lat' dir='ltr'>in</span> <span class='ocrx_word' id='word_1_592' title='bbox 1557 4606 1644 4663; x_wconf 79' lang='lat' dir='ltr'>regno</span> 
     </span>
     <span class='ocr_line' id='line_1_50' title="bbox 109 4668 1644 4751; baseline 0.001 -19"><span class='ocrx_word' id='word_1_593' title='bbox 109 4668 200 4737; x_wconf 82' lang='lat' dir='ltr'>icitur,</span> <span class='ocrx_word' id='word_1_594' title='bbox 212 4674 278 4746; x_wconf 87' lang='lat' dir='ltr'>quie</span> <span class='ocrx_word' id='word_1_595' title='bbox 288 4672 326 4729; x_wconf 90' lang='lat' dir='ltr'>ibi</span> <span class='ocrx_word' id='word_1_596' title='bbox 342 4674 502 4729; x_wconf 87' lang='lat' dir='ltr'>continetur</span> <span class='ocrx_word' id='word_1_597' title='bbox 514 4689 567 4749; x_wconf 69' lang='lat' dir='ltr'>pen</span> <span class='ocrx_word' id='word_1_598' title='bbox 577 4688 663 4744; x_wconf 86' lang='lat' dir='ltr'>quum</span> <span class='ocrx_word' id='word_1_599' title='bbox 674 4675 803 4743; x_wconf 82' lang='lat' dir='ltr'>Christus</span> <span class='ocrx_word' id='word_1_600' title='bbox 844 4679 937 4735; x_wconf 81' lang='lat' dir='ltr'>Patris</span> <span class='ocrx_word' id='word_1_601' title='bbox 950 4680 1006 4737; x_wconf 88' lang='lat' dir='ltr'>sui.</span> <span class='ocrx_word' id='word_1_602' title='bbox 1016 4696 1081 4735; x_wconf 89' lang='lat' dir='ltr'>cum</span> <span class='ocrx_word' id='word_1_603' title='bbox 1091 4697 1147 4751; x_wconf 88' lang='lat' dir='ltr'>quo</span> <span class='ocrx_word' id='word_1_604' title='bbox 1156 4680 1250 4739; x_wconf 80' lang='lat' dir='ltr'>felices</span> <span class='ocrx_word' id='word_1_605' title='bbox 1261 4680 1401 4737; x_wconf 76' lang='lat' dir='ltr'>insaecule</span> <span class='ocrx_word' id='word_1_606' title='bbox 1409 4677 1576 4747; x_wconf 73' lang='lat' dir='ltr'>soculorum</span> <span class='ocrx_word' id='word_1_607' title='bbox 1586 4694 1644 4751; x_wconf 80' lang='lat' dir='ltr'>pre·</span> 
     </span>
     <span class='ocr_line' id='line_1_51' title="bbox 109 4761 1077 4835; baseline 0.004 -16"><span class='ocrx_word' id='word_1_608' title='bbox 109 4762 360 4831; x_wconf 78' lang='lat' dir='ltr'>incommendeuit,</span> <span class='ocrx_word' id='word_1_609' title='bbox 371 4768 400 4817; x_wconf 88' lang='lat' dir='ltr'>et</span> <span class='ocrx_word' id='word_1_610' title='bbox 408 4762 438 4817; x_wconf 92' lang='lat' dir='ltr'>in</span> <span class='ocrx_word' id='word_1_611' title='bbox 448 4762 582 4834; x_wconf 80' lang='lat' dir='ltr'>apostolis</span> <span class='ocrx_word' id='word_1_612' title='bbox 592 4761 723 4820; x_wconf 86' lang='lat' dir='ltr'>omnibus</span> <span class='ocrx_word' id='word_1_613' title='bbox 732 4765 802 4822; x_wconf 84' lang='lat' dir='ltr'>fldc-</span> <span class='ocrx_word' id='word_1_614' title='bbox 843 4768 961 4825; x_wconf 87' lang='lat' dir='ltr'>nebunt.</span> <span class='ocrx_word' id='word_1_615' title='bbox 975 4768 1077 4835; x_wconf 67' lang='lat' dir='ltr'>Amen.</span> 
     </span>
    </p>
   </div>
   <div class='ocr_carea' id='block_1_7' title="bbox 269 4971 1375 5069">
    <p class='ocr_par' dir='ltr' id='par_1_9' title="bbox 269 4971 1375 5069">
     <span class='ocr_line' id='line_1_52' title="bbox 269 4971 1375 5069; baseline 0.009 -22"><span class='ocrx_word' id='word_1_616' title='bbox 269 4972 329 5047; x_wconf 84' lang='lat' dir='ltr'>IN</span> <span class='ocrx_word' id='word_1_617' title='bbox 353 4971 656 5048; x_wconf 81' lang='lat' dir='ltr'><strong>EPISTOLAM</strong></span> <span class='ocrx_word' id='word_1_618' title='bbox 680 4973 846 5050; x_wconf 78' lang='lat' dir='ltr'><strong>PAULI</strong></span> <span class='ocrx_word' id='word_1_619' title='bbox 870 4978 946 5053; x_wconf 83' lang='lat' dir='ltr'>AD</span> <span class='ocrx_word' id='word_1_620' title='bbox 970 4978 1375 5069; x_wconf 76' lang='lat' dir='ltr'>PHILIPPENSES.</span> 
     </span>
    </p>
   </div>
   <div class='ocr_carea' id='block_1_8' title="bbox 699 5114 941 5130">
    <p class='ocr_par' dir='ltr' id='par_1_10' title="bbox 699 5114 941 5130">
     <span class='ocr_line' id='line_1_53' title="bbox 699 5114 941 5130; baseline 0.017 -4"><span class='ocrx_word' id='word_1_621' title='bbox 699 5114 941 5130; x_wconf 55' lang='lat' dir='ltr'>*Ut—-</span> 
     </span>
    </p>
   </div>
   <div class='ocr_carea' id='block_1_9' title="bbox 109 5221 1645 5657">
    <p class='ocr_par' dir='ltr' id='par_1_11' title="bbox 109 5221 1645 5657">
     <span class='ocr_line' id='line_1_54' title="bbox 268 5221 1645 5299; baseline 0 -20"><span class='ocrx_word' id='word_1_622' title='bbox 268 5229 536 5287; x_wconf 72' lang='lat' dir='ltr'>ARGUMENTUM,</span> <span class='ocrx_word' id='word_1_623' title='bbox 842 5225 887 5276; x_wconf 87' lang='lat' dir='ltr'>ter</span> <span class='ocrx_word' id='word_1_624' title='bbox 899 5227 993 5279; x_wconf 83' lang='lat' dir='ltr'>sutem</span> <span class='ocrx_word' id='word_1_625' title='bbox 1008 5221 1099 5275; x_wconf 89' lang='lat' dir='ltr'>omnis</span> <span class='ocrx_word' id='word_1_626' title='bbox 1112 5226 1188 5277; x_wconf 86' lang='lat' dir='ltr'>terre</span> <span class='ocrx_word' id='word_1_627' title='bbox 1199 5221 1361 5283; x_wconf 85' lang='lat' dir='ltr'>Graecorum</span> <span class='ocrx_word' id='word_1_628' title='bbox 1376 5222 1484 5299; x_wconf 80' lang='lat' dir='ltr'>Gresoip</span> <span class='ocrx_word' id='word_1_629' title='bbox 1497 5230 1615 5285; x_wconf 72' lang='lat' dir='ltr'>tuentur</span> <span class='ocrx_word' id='word_1_630' title='bbox 1627 5240 1645 5278; x_wconf 82' lang='lat' dir='ltr'>e</span> 
     </span>
     <span class='ocr_line' id='line_1_55' title="bbox 109 5311 1644 5395; baseline -0.004 -19"><span class='ocrx_word' id='word_1_631' title='bbox 109 5319 576 5395; x_wconf 81' lang='lat' dir='ltr'>ippensessuntllacedones,idest</span> <span class='ocrx_word' id='word_1_632' title='bbox 586 5320 803 5378; x_wconf 72' lang='lat' dir='ltr'>Grecitireecia</span> <span class='ocrx_word' id='word_1_633' title='bbox 844 5313 939 5369; x_wconf 59' lang='grc' dir='ltr'>ΟΜ</span> <span class='ocrx_word' id='word_1_634' title='bbox 950 5329 1025 5383; x_wconf 79' lang='lat' dir='ltr'>rege,</span> <span class='ocrx_word' id='word_1_635' title='bbox 1042 5317 1074 5366; x_wconf 83' lang='lat' dir='ltr'>ut</span> <span class='ocrx_word' id='word_1_636' title='bbox 1093 5312 1207 5387; x_wconf 79' lang='lat' dir='ltr'>Servius</span> <span class='ocrx_word' id='word_1_637' title='bbox 1221 5311 1289 5369; x_wconf 84' lang='lat' dir='ltr'>dicit</span> <span class='ocrx_word' id='word_1_638' title='bbox 1300 5326 1307 5363; x_wconf 68' lang='grc' dir='ltr'><em>τ</em></span> <span class='ocrx_word' id='word_1_639' title='bbox 1320 5312 1357 5373; x_wconf 84' lang='lat' dir='ltr'>lli</span> <span class='ocrx_word' id='word_1_640' title='bbox 1374 5312 1558 5385; x_wconf 84' lang='lat' dir='ltr'>Phlippensss</span> <span class='ocrx_word' id='word_1_641' title='bbox 1570 5319 1644 5386; x_wconf 81' lang='lat' dir='ltr'>post-</span> 
     </span>
     <span class='ocr_line' id='line_1_56' title="bbox 115 5400 1640 5479; baseline -0.002 -13"><span class='ocrx_word' id='word_1_642' title='bbox 115 5410 236 5467; x_wconf 82' lang='lat' dir='ltr'>diuersis</span> <span class='ocrx_word' id='word_1_643' title='bbox 250 5408 363 5479; x_wconf 81' lang='lat' dir='ltr'>regibus</span> <span class='ocrx_word' id='word_1_644' title='bbox 377 5408 486 5471; x_wconf 80' lang='lat' dir='ltr'>diverse</span> <span class='ocrx_word' id='word_1_645' title='bbox 501 5408 617 5464; x_wconf 89' lang='lat' dir='ltr'>nomine</span> <span class='ocrx_word' id='word_1_646' title='bbox 630 5410 731 5465; x_wconf 84' lang='lat' dir='ltr'>sortite</span> <span class='ocrx_word' id='word_1_647' title='bbox 747 5414 799 5463; x_wconf 87' lang='lat' dir='ltr'>est.</span> <span class='ocrx_word' id='word_1_648' title='bbox 842 5418 927 5473; x_wconf 73' lang='lat' dir='ltr'>quum</span> <span class='ocrx_word' id='word_1_649' title='bbox 937 5400 1226 5473; x_wconf 72' lang='lat' dir='ltr'>aucupetunlverbum</span> <span class='ocrx_word' id='word_1_650' title='bbox 1238 5400 1640 5474; x_wconf 72' lang='lat' dir='ltr'>predicationisebnpostolo</span> 
     </span>
     <span class='ocr_line' id='line_1_57' title="bbox 109 5488 1641 5568; baseline -0.003 -15"><span class='ocrx_word' id='word_1_651' title='bbox 109 5498 213 5559; x_wconf 84' lang='lat' dir='ltr'>renim</span> <span class='ocrx_word' id='word_1_652' title='bbox 221 5497 385 5555; x_wconf 82' lang='lat' dir='ltr'>liecedonie</span> <span class='ocrx_word' id='word_1_653' title='bbox 395 5513 412 5550; x_wconf 84' lang='lat' dir='ltr'>n</span> <span class='ocrx_word' id='word_1_654' title='bbox 422 5497 572 5555; x_wconf 81' lang='lat' dir='ltr'>Macedone</span> <span class='ocrx_word' id='word_1_655' title='bbox 581 5514 658 5568; x_wconf 78' lang='lat' dir='ltr'>rege,</span> <span class='ocrx_word' id='word_1_656' title='bbox 670 5505 699 5553; x_wconf 86' lang='lat' dir='ltr'>et</span> <span class='ocrx_word' id='word_1_657' title='bbox 708 5498 802 5555; x_wconf 83' lang='lat' dir='ltr'>AEme·</span> <span class='ocrx_word' id='word_1_658' title='bbox 842 5491 928 5555; x_wconf 72' lang='lat' dir='ltr'>lorltt</span> <span class='ocrx_word' id='word_1_659' title='bbox 942 5489 973 5547; x_wconf 80' lang='lat' dir='ltr'>lu</span> <span class='ocrx_word' id='word_1_660' title='bbox 983 5490 1038 5567; x_wconf 76' lang='lat' dir='ltr'>ilde</span> <span class='ocrx_word' id='word_1_661' title='bbox 1048 5488 1165 5553; x_wconf 72' lang='lat' dir='ltr'>luerunt</span> <span class='ocrx_word' id='word_1_662' title='bbox 1177 5507 1230 5553; x_wconf 78' lang='lat' dir='ltr'>uec</span> <span class='ocrx_word' id='word_1_663' title='bbox 1245 5495 1414 5563; x_wconf 71' lang='lat' dir='ltr'>receperunt</span> <span class='ocrx_word' id='word_1_664' title='bbox 1424 5490 1510 5549; x_wconf 78' lang='lat' dir='ltr'>tultos</span> <span class='ocrx_word' id='word_1_665' title='bbox 1523 5492 1641 5560; x_wconf 67' lang='lat' dir='ltr'>sputo·</span> 
     </span>
     <span class='ocr_line' id='line_1_58' title="bbox 110 5579 1387 5657; baseline -0.009 -14"><span class='ocrx_word' id='word_1_666' title='bbox 110 5586 254 5647; x_wconf 73' lang='lat' dir='ltr'>AEmelbo,</span> <span class='ocrx_word' id='word_1_667' title='bbox 269 5591 299 5641; x_wconf 84' lang='lat' dir='ltr'>et</span> <span class='ocrx_word' id='word_1_668' title='bbox 310 5584 484 5641; x_wconf 71' lang='lat' dir='ltr'>Thessaliae</span> <span class='ocrx_word' id='word_1_669' title='bbox 494 5585 644 5642; x_wconf 77' lang='lat' dir='ltr'>Thessalo:</span> <span class='ocrx_word' id='word_1_670' title='bbox 659 5585 801 5657; x_wconf 78' lang='lat' dir='ltr'>genuculi-</span> <span class='ocrx_word' id='word_1_671' title='bbox 841 5582 895 5650; x_wconf 87' lang='lat' dir='ltr'>los,</span> <span class='ocrx_word' id='word_1_672' title='bbox 905 5581 979 5639; x_wconf 73' lang='lat' dir='ltr'>sicin</span> <span class='ocrx_word' id='word_1_673' title='bbox 992 5580 1023 5637; x_wconf 93' lang='lat' dir='ltr'>in</span> <span class='ocrx_word' id='word_1_674' title='bbox 1035 5586 1205 5652; x_wconf 75' lang='lat' dir='ltr'>argumento</span> <span class='ocrx_word' id='word_1_675' title='bbox 1219 5579 1387 5637; x_wconf 83' lang='lat' dir='ltr'>ostenditur.</span> 
     </span>
    </p>
   </div>
   <div class='ocr_carea' id='block_1_10' title="bbox 0 0 1914 6100">
    <p class='ocr_par' dir='ltr' id='par_1_12' title="bbox 0 0 1914 6100">
     <span class='ocr_line' id='line_1_59' title="bbox 0 0 1914 6100; baseline 0 0"><span class='ocrx_word' id='word_1_676' title='bbox 0 0 1914 6100; x_wconf 95' lang='lat' dir='ltr'> </span> 
     </span>
    </p>
   </div>
  </div>
 </body>
</html>
