3818 6104
88 264 159 327 liri
530 266 722 324 moenio
737 262 1038 325 mercennurius.
1054 294 1088 308 ·-
1101 264 1171 322 his.
1187 265 1250 323 Vll.
1660 255 1729 316 llrt

84 395 201 450 sordem
212 398 241 450 el
251 395 363 451 fidelem
377 394 586 466 promissorem,
599 393 701 447 debent
709 394 914 454 consideraret
923 402 998 466 dore,
1011 401 1083 454 sicut
1093 404 1121 454 ot
1133 401 1204 454 scire
1215 397 1329 455 dicitur,
1340 392 1450 469 aliquid
1463 391 1583 448 scientes
1594 393 1725 448 homines

86 483 156 554 quia
170 500 252 538 rerer
264 490 292 539 et
299 487 393 555 justus
404 488 455 544 est,
463 482 581 551 ideoque
591 482 699 535 nullum
710 482 887 552 impoeniten·
926 491 1026 542 iecere·
1038 488 1117 542 Unde
1125 494 1168 541 est
1180 502 1185 536 :
1201 489 1346 540 Tentatoos
1356 485 1490 538 Dominus
1508 482 1681 544 consonus,
1693 464 1726 535 tei

85 574 146 626 tem
165 573 335 644 impunitum
350 572 493 641 relinquit.
523 571 631 623 nullum
647 586 701 623 non
722 586 886 624 conversum
927 581 995 630 sciat
1012 575 1047 638 lid
1059 581 1111 641 est,
1123 580 1155 629 ut
1169 576 1239 628 scire
1252 590 1300 627 vos
1322 574 1417 638 sociat)
1430 575 1455 624 si
1469 572 1589 639 diripitis
1603 586 1676 634 euro,
1688 586 1726 625 en

85 660 280 716 misericordia
294 662 392 719 sulcat,
409 665 433 713 et
446 662 553 726 puprmt
576 659 604 711 in
620 659 678 712 suis
692 660 796 712 electis.
814 660 886 714 Viclt
927 668 993 721 non.
1008 667 1077 718 llum
1094 681 1162 734 ergo
1178 664 1401 732 interrogassent
1411 676 1476 714 enm
1489 658 1608 728 apostoli
1629 659 1664 711 de
1680 658 1726 713 dle

86 748 163 803 enlm
176 751 299 821 primum
315 766 366 820 per
380 765 410 802 se
421 748 575 811 diabolum,
592 749 724 818 quonium
740 749 775 801 ad
789 749 884 802 debel-
924 752 1031 823 judicii.
1054 757 1082 807 et
1101 754 1141 806 eis
1164 769 1220 806 non
1236 752 1328 822 ipsum
1348 750 1423 803 disrrl
1439 748 1580 812 indicavit,
1598 763 1648 818 per
1672 748 1726 802 hoc

85 839 292 893 laudassemus
301 841 456 909 potestates
468 836 885 907 venit,deinderlncitquolidie
926 843 1023 912 utique
1034 843 1139 895 nescire
1151 841 1242 911 ipsum
1252 838 1447 899 diciturdiem,
1460 837 1525 907 qdia
1538 850 1585 890 eos
1597 836 1724 890 nescien-

85 939 140 996 per
153 925 280 980 membru
295 942 356 979 sua.
372 927 410 980 Ut
430 926 507 979 enirn
534 924 629 978 fideles
654 925 776 978 victores
803 926 881 987 nant,
924 936 968 985 tes
979 929 1109 986 reddidit.
1119 931 1215 1000 Neque
1226 928 1356 982 cnlmllle
1368 926 1497 996 ignorare
1507 929 1599 995 potest
1608 924 1693 990 diem,
1706 938 1726 978 s

85 1013 193 1068 omissi
205 1016 342 1083 jurentur
356 1012 469 1079 auxilio,
486 1013 546 1066 sine
561 1029 615 1082 quo
630 1013 699 1066 nibil
714 1013 804 1067 ihccre
826 1030 887 1084 pos-
928 1034 982 1091 quo
997 1019 1088 1073 omnis
1102 1020 1192 1072 tbctus
1207 1023 1249 1072 est
1262 1008 1322 1070 dies
1337 1039 1343 1073 :
1361 1031 1412 1069 nec
1426 1017 1519 1085 potest
1533 1013 1647 1084 aliquod
1662 1015 1725 1067 esse

85 1107 166 1158 sunt.
182 1102 293 1156 iudicet
306 1118 382 1172 ergo,
397 1107 429 1155 ut
443 1118 492 1155 rex
504 1102 669 1155 saeculorum
681 1119 688 1153 e
700 1103 886 1172 pugnatque
927 1107 1124 1178 tempus,quod
1135 1122 1197 1161 eum
1209 1108 1305 1171 latent,
1316 1118 1457 1175 perquem
1468 1103 1543 1156 lecto
1552 1106 1618 1156 sunt
1629 1099 1725 1156 omnin

84 1189 116 1243 in
130 1190 191 1243 suis
207 1189 340 1243 membris
355 1200 466 1256 semper
477 1193 574 1241 eontra
592 1189 750 1243 demonum
768 1191 810 1242 vel
824 1206 887 1260 pre·
927 1200 1064 1266 tempora.
1079 1197 1188 1249 Nomen
1203 1196 1298 1264 itaque
1321 1193 1385 1247 Filii
1402 1193 1485 1245 Pater
1498 1191 1560 1256 scit,
1575 1202 1592 1244 u
1606 1206 1661 1261 quo
1680 1194 1725 1244 est

83 1294 184 1332 vorum
195 1279 340 1333 hominum
357 1279 540 1332 adversitates
554 1278 678 1331 dimicat.
925 1285 1047 1354 genitus,
1060 1282 1110 1337 scil
1121 1283 1208 1337 cllum
1219 1283 1340 1355 Spiritus
1348 1287 1472 1343 sanctus,
1481 1280 1547 1350 quie
1558 1278 1593 1334 sb
1604 1281 1724 1349 duoque

123 1368 206 1422 Ociels‘
223 1373 317 1421 nutem
332 1371 390 1436 q'us
410 1372 442 1419 ut
467 1369 584 1435 flammo
606 1369 688 1433 tuuis.
707 1367 787 1421 Oculi
802 1369 885 1423 istius
925 1372 1060 1443 procedit.
1079 1370 1133 1426 Sed
1147 1371 1274 1441 nunquid
1290 1371 1342 1423 hoc
1361 1382 1464 1422 nomen
1486 1368 1571 1421 elium
1595 1362 1724 1422 homines¹

85 1455 192 1526 equitis
206 1455 280 1510 donn
298 1458 365 1510 sunt
379 1456 500 1526 Spiritus
524 1456 623 1509 sancti.
648 1456 728 1510 Unde
754 1457 884 1527 superius
924 1459 1182 1514 nonsciunttNem
1196 1457 1415 1528 insequentibus
1426 1454 1724 1509 idemlounnesdlcltt

83 1543 193 1597 dietum
208 1548 260 1605 est,
276 1544 350 1614 quod
365 1542 469 1598 viderit
483 1558 587 1613 egnum
602 1548 738 1614 tunquam
759 1546 883 1598 occisum
929 1550 1152 1602 Vocaturuomen
1167 1551 1225 1616 ejus
1247 1547 1359 1600 l'crbum
1369 1542 1577 1609 Dei,etiterum
1587 1559 1593 1595 τ
1605 1543 1726 1597 Habebat

83 1631 216 1697 ioannes,
226 1632 377 1686 habentem
388 1648 492 1686 cornus
503 1637 610 1702 septem
622 1640 648 1686 et
659 1632 754 1686 oculos
762 1638 880 1703 septem,
923 1640 955 1689 in
965 1639 1155 1690 uestimentoet
1168 1640 1197 1689 ln
1211 1635 1520 1702 semoresuoscriplum,
1528 1633 1583 1686 Dee
1591 1646 1688 1698 reptem
1698 1634 1726 1685 et

84 1719 211 1789 quisunt
223 1724 330 1789 septem
345 1719 459 1790 spiritus
471 1719 531 1784 Dei,
554 1719 631 1771 missi
641 1719 671 1771 in
684 1718 780 1773 orbem
790 1725 882 1774 terre·
891 1717 1061 1778 Bilominus
1070 1721 1326 1778 dominantiumSi
1342 1736 1409 1791 ergo
1420 1720 1520 1774 beatus
1533 1720 1657 1773 Josnms
1670 1730 1726 1772 no*

83 1820 159 1860 rum.
172 1807 226 1870 Qui
238 1808 311 1861 oculi
322 1808 392 1861 bene
402 1811 558 1877 seinamma
571 1810 645 1873 ipsuis
655 1807 797 1872 dicuntur,
815 1810 883 1879 quis
922 1828 987 1865 men
1002 1814 1063 1882 eius
1088 1812 1175 1874 scivit,
1199 1811 1266 1881 quid
1281 1809 1412 1880 estquod
1433 1808 1500 1863 dicit
1515 1826 1523 1861 :
1539 1807 1627 1861 Nemo
1646 1805 1726 1860 novit

81 1894 213 1951 uidelicet
222 1908 273 1949 nos
283 1895 318 1948 sd
330 1895 413 1948 iidem
428 1894 598 1955 illuminent,
612 1901 641 1947 et
650 1895 685 1948 sd
696 1896 881 1952 Deiamorem
923 1901 1236 1971 nomeneJusnisiipse?
1247 1899 1381 1969 Numquid
1392 1898 1468 1952 enim
1481 1897 1541 1967 ipse
1551 1895 1653 1966 uliquis
1663 1900 1721 1948 nou

82 1986 112 2035 et
121 1982 241 2052 pioxlml
253 1983 417 2037 escendunt.
427 1983 477 2036 Vel
491 1999 542 2052 per
551 1983 648 2036 oculos
660 1983 771 2037 Domini
786 2001 883 2054 possu-
923 1995 984 2042 erut
993 1990 1039 2060 qui
1047 1991 1118 2043 scire
1125 1991 1217 2059 potuit
1229 2002 1332 2043 nornen
1339 1985 1410 2041 Dei?
1424 1985 1480 2040 Sed
1493 1980 1721 2039 subaudiendum

81 2085 147 2124 mus
166 2071 324 2141 intelligere
339 2072 433 2125 dirius
449 2072 570 2141 eloquin,
587 2088 649 2143 quce
673 2088 724 2126 nos
751 2073 883 2129 similiter
922 2072 1722 2143 est,nemoextruneusnoritnomeuelus,ulsiipseeum

80 2159 255 2224 illuminent,
268 2160 337 2213 etnd
346 2160 397 2213 Dei
407 2176 533 2213 amorem
543 2160 881 2217 accenduntflndePsul·
922 2178 1037 2235 corpore
1051 2182 1111 2232 suo,
1122 2167 1226 2219 scilicet
1242 2166 1315 2235 quod
1329 2168 1372 2219 est
1384 2161 1506 2218 Ecclesia
1522 2179 1528 2212 ε
1544 2176 1601 2216 non
1620 2162 1635 2216 J
1638 2157 1720 2223 udoei,

81 2249 168 2302 mista
182 2248 268 2302 dicits
284 2251 408 2304 bucerus
415 2251 529 2316 pedibus
544 2253 612 2302 meis
627 2252 740 2303 uerbum
757 2255 847 2315 tumn,
856 2257 881 2306 et
922 2255 970 2322 qui
985 2268 1049 2309 eum
1061 2255 1089 2308 in
1100 2255 1159 2308 suls
1173 2254 1324 2326 synagogis
1338 2253 1536 2324 blasphemant
1548 2269 1554 2303 :
1567 2266 1623 2303 non
1635 2250 1725 2302 heere«

82 2340 182 2391 lumen
192 2339 431 2402 seruilirmeisiPr.
444 2344 558 2405 csvrrll3
579 2339 725 2392 etiterum
743 2342 882 2409 :Druoep-
920 2343 978 2407 tici,
996 2345 1043 2414 qui
1058 2343 1130 2397 mule
1146 2343 1181 2396 de
1194 2344 1242 2396 illo
1264 2343 1408 2396 sentiunt:
1433 2357 1489 2395 non
1504 2338 1616 2410 pagani,
1632 2336 1722 2408 quiin

81 2429 143 2477 tum
152 2426 267 2478 Domini
274 2427 409 2486 tucidum,
418 2428 681 2480 illumiuunsuculos
692 2430 748 2491 (Po.
757 2432 880 2493 seul).-
922 2447 986 2484 eum
1002 2432 1116 2485 credere
1127 2433 1244 2485 nolunt:
1260 2438 1316 2483 nou
1326 2429 1424 2499 utique
1435 2427 1496 2482 toln
1510 2425 1664 2482 Christiani
1674 2436 1724 2479 ne·

80 2513 114 2565 El
123 2515 480 2581 sumpitsejusdiudesnuto
489 2514 881 2578 susstinQuinDomlnusmul·
921 2532 985 2572 men
1000 2521 1061 2589 ejus
1075 2521 1177 2584 sciunt,
1189 2518 1272 2573 sicuti
1283 2519 1330 2591 qui
1341 2518 1518 2587 iidemquum
1530 2515 1646 2583 hubent,
1657 2521 1723 2582 ope·

79 2601 117 2652 tis
133 2599 230 2653 electis
243 2599 422 2655 victoriarum
438 2602 783 2662 coronestribuit.idcimo
795 2605 881 2658 inca-
921 2607 998 2661 ribus
1025 2607 1195 2662 destruunt:
1213 2608 1260 2661 sed
1277 2607 1345 2677 ipse,
1369 2606 1422 2659 hoc
1441 2612 1483 2658 est
1507 2604 1636 2659 Obristus
1654 2614 1726 2653 cum

79 2688 198 2759 pitesuc
208 2690 464 2745 multudiademstu
473 2691 800 2763 haberedloitur,quibus
811 2694 881 2746 mul·
921 2697 1054 2759 Ecclesia,
1069 2714 1130 2768 quae
1141 2697 1169 2750 in
1184 2698 1244 2768 ipso
1258 2697 1328 2750 illud
1339 2696 1411 2749 scire
1420 2693 1532 2748 meruit.
1548 2692 1602 2745 scit
1615 2697 1727 2744 nornen·

78 2777 879 2851 tltudosonctorumcommutantiumenimceputomnium
921 2800 1013 2839 snum.
1028 2787 1103 2840 Talis
1128 2791 1170 2840 est
1192 2785 1250 2840 haec
1270 2784 1385 2848 locutio,
1402 2783 1493 2854 qualis
1514 2781 1572 2845 ills,
1590 2794 1646 2850 qus
1660 2778 1721 2848 ipse

79 2865 619 2937 electorumestetmembraejuselecti.
637 2870 880 2940 uquouccepitce·
920 2873 987 2927 alibi
1002 2873 1057 2928 uit:
1075 2876 1159 2929 Nemo
1172 2869 1335 2929 ascenditis
1350 2875 1456 2935 colum,
1474 2872 1588 2939 nisiqui
1608 2868 1720 2921 descen*

56 2956 62 2965 '
77 2961 130 3024 put
140 2961 172 3009 ut
182 2955 333 3025 sit,sbipso
343 2960 372 3008 et
382 2954 508 3010 membru
516 2963 694 3011 coronantur.
700 2958 879 3028 Singuliseu-
919 2965 961 3015 dit
973 2965 1004 3016 dc
1013 2967 1084 3027 culo,
1102 2965 1190 3018 lilius
1205 2965 1329 3016 bominis
1339 2964 1389 3031 qui
1399 2966 1436 3015 est
1450 2963 1483 3014 in
1495 2960 1557 3014 culo
1571 2955 1716 3029 (rocem),

77 3042 636 3114 tomvictoribus,lpsecoronusvictoriss
649 3046 757 3105 tribuli,
773 3047 822 3100 sed
836 3028 945 3105 te-Cid
966 3055 1009 3105 est
1031 3051 1158 3106 Christus
1184 3068 1249 3106 cum
1270 3066 1387 3122 corpore
1412 3064 1473 3115 suo,
1500 3047 1574 3119 quod
1600 3049 1644 3100 est
1665 3043 1718 3099 Dc·

77 3147 144 3185 men
155 3135 202 3202 (nt
209 3149 269 3201 Jem
286 3133 392 3187 dictum
402 3137 456 3199 est)
464 3134 525 3203 ipse
536 3134 566 3187 in
576 3135 706 3188 omnibus
716 3135 876 3189 vincithli-
917 3141 1014 3197 clesia.

75 3221 331 3292 iertCsputOhristi
343 3223 418 3276 Deus
426 3224 874 3293 estp'urtnquodhpostolusdicit,
952 3229 986 3282 lll
995 3232 1107 3283 sennes
1115 3234 1252 3287 eruteeste
1263 3244 1375 3298 aspersu
1385 3232 1535 3296 conpertus.
1547 3222 1641 3279 Vestis
1650 3240 1718 3279 sen·
1786 3296 1789 3301 Ι

75 3309 201 3363 Verbum
212 3316 307 3364 autem
319 3317 347 3363 et
355 3311 439 3363 Pater
452 3327 515 3364 cum
527 3312 633 3381 Spiritu
644 3316 740 3365 sancto
749 3328 822 3366 unus
832 3319 876 3368 est
916 3316 1002 3388 gnine
1015 3332 1152 3388 respersu,
1173 3333 1238 3371 caro
1249 3317 1416 3388 intelligitur
1429 3314 1635 3386 Redemptoris,
1651 3322 1719 3387 pss-

75 3398 161 3453 Deus.
178 3399 211 3452 In
230 3399 321 3468 cupite
336 3415 403 3467 ergo
418 3400 532 3464 Christi,
549 3400 578 3452 id
598 3406 641 3454 est
655 3401 685 3454 in
702 3402 760 3455 Deo
778 3403 872 3469 Putre,
917 3405 1356 3475 sionisscnguinecruentula.De
1369 3404 1719 3473 hacresteIsninsexper·

74 3488 241 3541 suntmultn
250 3487 488 3558 diademate,quio
498 3489 592 3542 omnic
602 3489 638 3543 cd
649 3491 740 3560 ipsum
750 3490 876 3545 reierun·
916 3510 986 3548 sons
1009 3495 1173 3563 angelorum
1200 3494 1234 3547 ud
1258 3495 1350 3564 ipsum
1366 3495 1518 3547 Dominum
1539 3492 1717 3562 loquentium

74 3582 132 3642 tur,
151 3592 185 3629 ex
200 3591 256 3646 quo
274 3577 428 3630 secundnm
442 3579 608 3647 Apostolum
623 3581 717 3632 omnis
732 3596 793 3633 esse
811 3597 875 3650 pro·
916 3582 996 3635 dicit:
1013 3584 1103 3648 Quare
1114 3582 1233 3634 crebrum
1249 3587 1287 3633 est
1297 3584 1496 3634 indumentum
1510 3580 1718 3644 elizomenent-

73 3665 188 3719 buntun
214 3665 300 3718 Filius
315 3666 391 3718 enim
407 3682 463 3719 non
476 3681 493 3719 u
507 3667 609 3736 seipso,
627 3668 676 3721 sed
691 3684 707 3721 a
721 3669 805 3723 Putre
820 3672 871 3734 cst,
915 3673 1008 3722 euentu
1016 3675 1064 3721 tua
1072 3673 1144 3721 siccet
1153 3671 1322 3722 calcantium
1334 3671 1511 3721 interscalari
1519 3666 1647 3730 lQulbus
1655 3665 1715 3736 lpse

75 3754 198 3825 Spiritus
212 3757 325 3807 sanctus
345 3770 362 3807 e
382 3755 465 3807 Putre
486 3760 513 3808 et
535 3755 605 3809 Filio
620 3757 755 3826 procedit.
779 3758 873 3827 Aquo
914 3754 1077 3827 respondit:
1092 3756 1226 3811 iurentur
1233 3761 1338 3811 calcavi
1347 3761 1431 3822 solus,
1440 3757 1503 3810 etde
1516 3757 1642 3825 pentibus
1658 3766 1715 3807 non

74 3861 141 3915 crgo
157 3845 262 3908 omnis,
272 3844 301 3898 in
316 3845 378 3915 ipso
388 3850 417 3899 et
430 3845 589 3899 diademata
600 3847 807 3901 multu.0mnes
819 3847 874 3901 itu-
915 3850 1119 3899 estcirmecum
1134 3848 1200 3914 (liu.
1215 3851 1304 3913 inlu).
1320 3847 1382 3901 Sive
1396 3847 1482 3899 etiam
1498 3844 1584 3899 vestis
1601 3840 1714 3898 Domini

73 3933 375 4005 queelecliincsplle
391 3935 495 3988 Christi
511 3933 614 3988 habent
634 3937 874 4007 coronas,quinn
914 3932 1220 4004 sunguinecruentutu,
1249 3933 1418 4005 intelligitur
1436 3931 1568 3999 Ecclesia,
1592 3948 1653 4004 quen
1683 3926 1714 3985 ln

71 4023 157 4077 Putre
172 4027 237 4093 post
256 4022 399 4076 victorium
415 4028 595 4077 coronentur.
606 4023 660 4078 Sed
679 4025 708 4078 in
733 4025 785 4078 hoc
798 4025 872 4096 quod
914 4024 1017 4076 sanctis
1041 4023 1211 4095 martyribus
1235 4026 1348 4094 proprio
1369 4024 1506 4094 sunguine
1522 4028 1565 4076 ost
1586 4020 1710 4092 perfuse.

71 4112 212 4182 sequitur,
224 4113 325 4166 trudens
341 4127 440 4165 nornen
454 4115 600 4179 scriplum,
618 4114 690 4180 necuit
704 4128 782 4166 neruo
798 4117 872 4167 nouit
914 4113 992 4182 Saepc
998 4112 1106 4166 enimin
1119 4111 1361 4182 Scripturlsvestls
1375 4113 1488 4166 Domini
1498 4111 1619 4165 Ecclesia
1631 4106 1713 4163 intel·

69 4201 873 4272 niss‘ipse,roldeperplexeoriturquestie‚nunquldFillus
912 4201 1018 4270 ligitur.
1025 4200 1104 4255 Unde
1112 4200 1262 4255 Psalmiscs
1271 4216 1306 4255 ex
1317 4199 1394 4255 illius
1403 4199 1597 4272 personudlcit
1609 4215 1616 4256 ς
1633 4200 1711 4253 Divi-

69 4291 140 4345 scire
151 4291 259 4361 aliquid
270 4297 373 4361 polest,
383 4292 457 4361 quod
468 4291 575 4345 nesciet
591 4291 675 4344 Peter
687 4297 737 4344 nul
748 4291 869 4361 Spiritus
877 4291 902 4351 D
910 4296 1006 4343 serrant
1017 4293 1071 4344 sibi
1079 4293 1438 4358 uestimentarocunsuper
1447 4295 1545 4344 restem
1560 4302 1650 4343 meum
1658 4289 1712 4340 ml·

66 4379 275 4433 sunctuslb'on
285 4380 480 4450 omniumquia
492 4396 613 4450 quorum
623 4378 818 4450 inseparabilis
828 4384 871 4434 est
911 4383 1006 4431 seruent
1021 4384 1119 4432 sortem
1134 4381 1209 4450 (mol
1230 4382 1295 4441 xxi).
1323 4379 1415 4434 Vestis
1441 4379 1545 4451 quippe
1568 4376 1620 4433 Dei
1645 4380 1712 4431 sunl

68 4468 239 4532 substantie,
256 4469 452 4539 inseparabilis
472 4477 515 4521 est
543 4477 571 4522 et
598 4469 725 4534 scientis,
750 4467 870 4538 ideoque
911 4482 1008 4521 omnes
1022 4469 1113 4530 electi,
1133 4469 1212 4538 juxta
1230 4469 1304 4541 quod
1324 4469 1478 4524 elaPntre
1493 4468 1613 4523 dicllur:
1641 4465 1712 4519 vno

58 4559 144 4628 ‚quod
161 4558 215 4612 scit
229 4558 325 4620 Filius,
336 4558 391 4611 scit
406 4559 498 4621 Pater,
509 4557 560 4611 scit
570 4563 598 4611 et
607 4557 730 4629 Spiritus
744 4562 867 4623 sanctus,
911 4573 974 4626 ego,
988 4556 1056 4611 dicis
1070 4556 1352 4629 Dominus,quonium
1363 4558 1406 4611 his
1422 4558 1552 4611 omnibus
1566 4553 1705 4609 vestieris.

68 4652 156 4717 alque
170 4648 234 4701 ideo
249 4663 313 4701 cum
328 4647 415 4701 Filius
430 4647 535 4719 aliquid
556 4648 628 4701 scire
642 4647 753 4711 dicitur,
778 4647 869 4701 omnis
909 4644 943 4700 Et
955 4652 1068 4700 uocatur
1086 4662 1187 4700 ueniere
1207 4651 1264 4714 ejus
1284 4646 1398 4700 Verbum
1413 4646 1470 4710 Del,
1487 4644 1553 4714 quis
1572 4641 1646 4694 idem
1662 4639 1710 4710 qul

68 4734 318 4803 prorsus'l'rinitus
336 4734 765 4804 sciredocetur-:etquodsolus
786 4734 871 4787 Peter
910 4734 1184 4806 bomouppuruitin
1201 4740 1326 4804 tempore
1342 4746 1486 4806 passurus,
1513 4732 1543 4783 in
1572 4727 1709 4801 principio

68 4823 140 4876 scire
159 4828 299 4888 narretur,
312 4840 376 4877 cum
391 4839 442 4876 sna
454 4823 591 4893 sapientia
603 4839 664 4893 quae
674 4822 802 4877 Christus
817 4826 868 4888 est,
911 4828 973 4876 erat
984 4823 1058 4878 Deus
1072 4829 1100 4876 et
1114 4823 1188 4893 apud
1203 4823 1303 4876 Deum.
1315 4820 1434 4874 Verbum
1447 4819 1496 4873 Dei
1506 4824 1629 4883 vocetur,
1643 4817 1709 4888 qula

68 4916 95 4965 et
107 4928 160 4965 suo
171 4927 284 4982 enseque
295 4911 441 4982 sapientise
456 4911 562 4982 Spiritu
576 4928 659 4966 nosse
674 4911 825 4982 probetur:
841 4916 871 4965 et
912 4911 1066 4982 peripsum
1081 4911 1176 4964 omnin
1191 4910 1265 4963 Deus
1279 4910 1364 4962 Pater
1377 4907 1540 4980 iecit,juxte
1550 4906 1633 4959 illud:
1649 4906 1707 4985 lpse

67 5001 205 5071 quidquid
219 5001 340 5072 Spiritus
355 5003 467 5055 sanctus
482 5001 645 5072 perhibetur
657 5002 740 5068 scire,
755 4999 868 5054 omnino
909 5001 980 5051 dr'nit
992 5003 1016 5050 et
1031 5000 1104 5064 (octo
1114 5003 1189 5050 sunl.
1199 4995 1228 5050 Si
1240 4996 1400 5058 enimdixit,
1410 4994 1506 5064 utique
1520 5006 1571 5064 per
1582 4990 1708 5050 Verbum

69 5106 133 5143 cum
148 5090 233 5143 Patre
254 5094 283 5143 et
296 5090 366 5143 Filio
380 5106 498 5160 quorum
513 5090 634 5160 Spiritus
649 5095 700 5151 est,
717 5089 787 5143 scire
807 5105 868 5143 cre·
909 5085 987 5152 dixit,
1005 5102 1056 5156 per
1069 5084 1143 5157 quod
1162 5084 1257 5138 omnia
1273 5084 1347 5138 iecit.
1362 5083 1442 5139 Unde
1456 5084 1531 5136 idem
1545 5082 1709 5140 ioannesln

68 5179 155 5232 ditur.
172 5179 245 5232 Num
260 5182 289 5232 et
307 5179 380 5248 quod
406 5179 435 5231 in
451 5179 602 5248 Evangelio
618 5179 754 5232 Dominus
780 5177 866 5232 dicit:
910 5175 1060 5246 Evangelio
1075 5190 1125 5229 suo
1141 5175 1181 5227 ait
1195 5192 1200 5226 :
1215 5175 1314 5228 emnia
1328 5189 1378 5241 per
1396 5176 1489 5241 ipsum
1503 5174 1577 5240 {belo
1592 5179 1667 5238 sunl,
1682 5180 1710 5227 et

69 5269 164 5322 Ducite
182 5274 275 5321 nutem
295 5270 345 5321 illu
359 5284 436 5320 noluo
451 5272 501 5320 scit
515 5272 570 5320 nisi
590 5270 680 5331 Potor,
699 5281 752 5321 non
773 5271 816 5320 est
829 5266 870 5321 ita
912 5267 971 5316 sine
987 5267 1043 5331 ipso
1057 5264 1163 5329 furtiue
1176 5267 1214 5315 ost
1230 5262 1302 5314 nibil
1317 5264 1406 5327 (toan.
1422 5262 1453 5325 1).
1466 5261 1538 5315 Num
1553 5267 1581 5316 et
1595 5276 1646 5334 per
1656 5263 1709 5316 hoc

68 5354 488 5425 intelligendumquodaliquid
500 5357 569 5408 scint
579 5356 749 5425 Paler,qu0d
764 5355 872 5408 nesciat
912 5351 1034 5405 Verbum
1047 5349 1376 5404 lleusl‘stersenuutiari
1388 5349 1475 5404 voluit
1485 5350 1708 5419 mund0.Dequ0

69 5443 90 5496 F
92 5443 219 5512 ilius,qui
230 5443 328 5512 utique
342 5442 433 5495 Putris
443 5446 486 5494 est
496 5440 643 5510 sapientia,
660 5440 708 5493 sed
721 5441 814 5509 potius
829 5440 869 5493 ila
909 5440 1096 5508 scriptumest
1108 5440 1274 5493 ‚Etverbum
1286 5455 1349 5493 curo
1363 5441 1525 5508 factumest,
1533 5444 1557 5493 ct
1573 5439 1710 5490 habitarit

70 5533 145 5603 quod
154 5531 264 5586 nescire
273 5531 361 5586 riuus
370 5531 482 5597 dicitur,
499 5529 655 5583 nescientes
665 5527 793 5583 homines
803 5527 868 5583 red·
909 5532 941 5582 iu
960 5529 1038 5583 nobis
1053 5527 1318 5599 (titubcumenim
1327 5527 1380 5584 hoc
1394 5534 1469 5584 esset
1478 5526 1602 5582 Verbum
1615 5520 1709 5581 invhri·
