3840 6098
85 258 135 319 til
565 261 773 318 ENARRATIO
793 263 832 318 IN
850 263 990 320 ADDIAM
1010 263 1244 321 PROPHE'I'AM.
1669 254 1720 319 122

82 386 177 458 ptistae
192 387 221 442 in
236 386 361 446 Sebaste.
376 403 438 457 quae
448 387 514 441 olim
526 388 654 443 Samaria
663 388 883 452 dicebatur,cum
894 389 1144 463 AComparatione
1158 389 1234 445 enim
1248 393 1411 444 ceterarum
1428 384 1555 456 gentium
1570 384 1725 441 incircuitu

83 491 191 546 magna
207 477 386 531 veneratione
401 476 531 530 habetur.
555 477 672 548 Legitur
694 478 760 549 quia
774 484 886 532 centum
927 496 978 534 suo
991 480 1177 536 habitantium
1202 478 1334 550 parvulus
1356 481 1427 541 erat,
1448 475 1497 529 scd
1520 474 1548 528 in
1564 474 1726 544 superbiam

85 566 241 636 prophetas
265 571 390 636 paverat,
405 565 513 636 accepit
526 566 656 636 spiritum
678 567 840 637 prophetiae.
859 572 888 622 et
928 569 1098 634 elevabatur,
1114 586 1177 624 cum
1193 571 1267 623 esset
1289 564 1516 636 contemptibilis,
1535 563 1625 618 idest
1645 564 1726 619 valde

82 654 121 708 de
134 654 206 708 dure
221 654 357 708 exercitus
369 654 467 708 litdux
482 655 620 719 Ecclesia,
642 660 671 710 et
685 655 832 726 impletum
844 662 888 710 est
927 656 1148 728 despicabilis.0
1169 658 1267 718 Edam,
1281 655 1382 726 inquit,
1399 669 1463 708 cum
1488 653 1622 708 minimus
1634 652 1673 708 sis
1687 652 1729 708 in-

81 743 113 796 in
129 742 177 797 illo
189 743 264 814 quod
279 743 414 798 Dominus
422 744 463 799 ait
474 761 480 796 ι
491 763 505 795 c
514 744 568 808 Qui
579 745 678 817 recipit
685 746 849 816 prophetam
856 745 887 800 in
927 752 971 802 ter
985 764 1082 802 omnes
1096 747 1253 802 incircuitu
1273 744 1410 805 nationes.
1430 749 1459 798 et
1483 742 1518 797 ad
1542 741 1729 814 comparatio-

81 831 363 904 nominepmphetae,
380 833 537 887 mercedem
554 835 697 905 prophetae
720 835 847 906 accipiet.
871 854 884 888 o
927 854 991 892 nem
1002 837 1129 907 gentium
1145 842 1310 890 craterarum
1337 849 1439 906 parvus
1462 832 1493 886 in
1507 848 1635 897 numero,
1652 832 1728 887 ultra

80 920 163 974 'lunc
178 921 206 974 in
223 921 350 976 Samaria
365 938 482 992 parvum
497 938 611 993 gregem
628 929 752 993 paverat,
768 941 842 978 nunc
856 925 886 978 in
926 927 999 981 vires
1013 926 1131 997 erigeris
1147 926 1175 979 in
1190 924 1362 996 superbiam.
1378 923 1458 978 Unde
1468 923 1596 993 sequitur
1611 940 1618 976 ε

83 1015 146 1065 toto
160 1009 228 1066 orbe
242 1011 346 1068 Christi
362 1010 451 1083 pascit
465 1011 628 1067 Ecclesiam.
653 1068 656 1073 ,
964 1037 975 1067 ι
987 1015 1122 1087 Superbia
1130 1014 1270 1068 cordistui
1278 1013 1378 1067 extulit
1385 1019 1424 1076 te,
1432 1011 1605 1066 habitantem
1615 1010 1645 1065 in
1659 1011 1726 1067 scis-

335 1157 452 1212 CAPUT
466 1155 612 1211 PRIMUM
927 1106 1000 1159 serris
1011 1111 1107 1175 petrae,
1119 1105 1289 1157 exaltantem
1312 1102 1413 1156 solium
1431 1105 1511 1155 tuum
1528 1117 1534 1154 :
1551 1101 1599 1171 qui
1613 1101 1683 1155 dicis
1696 1101 1725 1156 in

615 1198 620 1210 '
927 1195 1069 1250 cordetuo
1090 1214 1104 1243 v
1113 1194 1200 1247 Terra
1215 1192 1400 1247 idumaeorum
1411 1190 1440 1243 in
1450 1190 1566 1245 australi
1577 1197 1656 1260 parte
1664 1194 1727 1244 erat

122 1283 233 1339 allisio
254 1283 360 1338 llbdiae.
378 1283 501 1337 »Potest
519 1282 606 1353 quaeri
620 1300 671 1337 cur
690 1283 801 1338 dicatur
819 1284 887 1340 visio
928 1284 992 1345 sita,
1003 1283 1124 1354 ideoque
1136 1281 1171 1335 oh
1192 1281 1310 1334 nimium
1334 1280 1401 1333 solis
1410 1279 1542 1339 calorem,
1555 1279 1584 1332 in
1599 1278 1725 1333 cavernis

83 1373 195 1435 abdia,
210 1389 274 1428 cum
288 1390 344 1427 non
356 1373 483 1443 legamus
497 1372 525 1425 in
545 1372 727 1443 sequentibus
747 1374 821 1444 quod
835 1375 888 1427 ali·
927 1379 1011 1429 torrae
1020 1369 1341 1444 autpetroehahitabant.
1358 1369 1392 1422 Et
1404 1376 1445 1422 est
1461 1383 1576 1422 sensus:
1595 1368 1664 1421 Cum
1677 1368 1726 1421 ha-

84 1461 154 1532 qnid
165 1461 275 1524 viderit,
287 1461 336 1515 sed
346 1460 477 1515 audierit.
488 1460 637 1515 Sciendum
648 1466 742 1514 autem
752 1461 887 1516 visionem
927 1461 1035 1518 bitesin
1047 1462 1198 1534 speluncis,
1210 1466 1259 1514 aut
1274 1458 1302 1513 in
1313 1458 1438 1513 cavernis
1454 1462 1597 1528 petrarum
1613 1455 1726 1510 humilis

84 1549 133 1602 hic
144 1565 197 1620 pro
207 1549 353 1603 intellectu
363 1549 437 1619 poni,
451 1549 516 1618 quia
526 1548 601 1619 quod
611 1548 727 1613 audivit,
745 1549 825 1611 vidit,
836 1551 889 1605 hoc
928 1558 1013 1623 atque
1021 1551 1230 1623 pauperrimus,
1240 1558 1269 1603 et
1275 1548 1383 1602 excelsa
1390 1546 1570 1601 aedificiorum
1582 1551 1657 1599 tecta
1671 1561 1727 1600 non

87 1642 133 1691 est
141 1637 282 1691 intellexit
293 1653 371 1692 more
394 1637 595 1708 prophetarum
629 1637 700 1691 Sunt
719 1645 813 1692 autem
833 1639 888 1693 tria
929 1639 1222 1712 possides‚obnimmm
1234 1634 1724 1704 chordisduritiamvelsuperbiam,

84 1741 191 1796 genera
204 1725 342 1780 visionum
359 1745 365 1780 :
381 1741 438 1779 una
452 1731 495 1781 est
511 1726 675 1798 corporalis,
688 1726 762 1781 sicut
776 1727 805 1780 in
816 1709 1029 1798 lapi-Bsolium
1046 1737 1125 1783 tuum
1141 1727 1183 1782 rel
1200 1743 1315 1797 regnum
1341 1732 1429 1780 tuum
1445 1724 1526 1795 quasi
1546 1723 1725 1794 omnipotens

84 1812 188 1881 dibus;
215 1814 379 1884 spiritualis,
394 1814 468 1868 sicut
482 1814 510 1868 in
525 1815 632 1868 somnis
656 1814 782 1869 videmus
801 1831 888 1886 equos
928 1820 976 1883 sis,
984 1820 1108 1873 exaltare
1120 1818 1229 1874 niteris.
1257 1823 1286 1871 et
1303 1816 1372 1870 dicis
1391 1816 1421 1869 in
1443 1814 1609 1868 cordetuo:
1630 1812 1726 1876 «Quis

84 1919 209 1967 currere,
221 1904 351 1958 homiues
364 1904 470 1958 bellare
482 1923 488 1970 ;
514 1904 722 1968 intellectualis,
734 1920 789 1975 qua
801 1904 887 1958 locuti
928 1909 1058 1964 detrahet
1070 1925 1114 1962 me
1133 1908 1162 1962 in
1187 1916 1292 1961 terram
1303 1907 1337 1960 l»
1355 1905 1382 1959 id
1397 1909 1440 1959 est
1454 1904 1557 1958 nullus.
1573 1904 1638 1970 Ouia
1650 1901 1726 1956 enim

84 2000 151 2048 sunt
161 1995 253 2048 sancti
264 1995 417 2065 propheta.
435 1993 632 2064 intelligebant
646 1994 719 2047 enim
732 1994 886 2065 spirituali·
929 1998 1080 2069 aliquando
1095 2013 1144 2068 pro
1158 2012 1232 2052 raro.
1244 1994 1395 2065 aliquando
1410 2009 1460 2064 pro
1470 1993 1547 2047 nullo
1557 1991 1681 2063 ponitur,
1692 1989 1728 2044 si·

83 2087 130 2137 ter
153 2083 291 2153 quidquid
318 2082 515 2153 loquebantur.
533 2101 547 2135 a
565 2084 629 2137 llaec
657 2082 725 2137 dicit
752 2083 887 2137 Dominus
927 2088 1038 2153 cuthic‚
1052 2086 1162 2141 etsicut
1176 2086 1205 2139 in
1219 2085 1339 2156 psalmo:
1358 2101 1371 2136 a
1387 2084 1471 2146 Deus,
1484 2081 1546 2152 quis
1558 2080 1658 2134 similis
1672 2078 1727 2133 erit

83 2171 162 2226 Deus
171 2172 207 2225 ad
216 2172 314 2226 Edom.
328 2190 342 2224 a
358 2172 445 2225 Edom
457 2172 518 2242 ipse
529 2172 648 2226 estEsau
659 2178 688 2225 et
703 2171 772 2235 Seir,
789 2172 887 2226 simili·
927 2176 995 2231 tibi?
1011 2196 1023 2226 ι

83 2264 128 2314 ter
144 2259 224 2330 regio
236 2260 312 2313 illius
324 2260 415 2314 tribus
425 2260 587 2315 nominibus
597 2277 688 2314 nuncu
692 2261 886 2331 paturDictus
964 2283 977 2317 a
990 2265 1018 2320 Si
1029 2263 1259 2318 exaltatuslueris
1268 2261 1412 2332 utaquila,
1424 2258 1481 2314 etsi
1495 2259 1569 2313 inter
1575 2258 1668 2312 sidera
1677 2274 1726 2329 po·

84 2355 128 2403 est
139 2349 216 2403 enim
232 2349 315 2411 Esau,
332 2348 368 2402 ab
383 2366 431 2403 esu
455 2349 549 2415 lentis,
577 2350 642 2420 quia
669 2356 782 2420 propter
792 2351 886 2404 rutum
928 2351 1412 2408 nisnidumtuum:indedetraham
1423 2355 1462 2416 te,
1473 2348 1540 2403 dicit
1554 2347 1723 2403 Dominus.»

84 2437 226 2492 lenticula
237 2438 330 2492 cibum
344 2438 469 2492 vendidit
488 2437 685 2509 primogenita.
699 2440 771 2493 Nam
788 2440 884 2502 Edom.
927 2443 967 2497 Tu
979 2441 1090 2511 (inquitt
1106 2439 1238 2511 superbia
1263 2438 1436 2502 intumescis,
1454 2443 1483 2492 et
1496 2444 1529 2491 ut
1541 2435 1645 2508 aquila,
1662 2450 1725 2505 quae

85 2529 167 2594 rufus
181 2527 395 2598 interpretatur.
411 2528 519 2581 Dicitur
532 2533 561 2581 et
575 2527 646 2590 Scir.
666 2528 693 2581 id
710 2534 754 2583 est
769 2529 884 2599 pilosus,
927 2531 1076 2585 sublimius
1092 2530 1200 2584 caeteris
1213 2529 1309 2583 avibus
1321 2528 1397 2582 volat
1407 2528 1436 2581 in
1450 2528 1549 2589 altum,
1559 2524 1725 2592 sustolleris,

86 2615 149 2686 quia
165 2615 294 2685 hispidus
309 2621 379 2670 erat.
409 2616 496 2686 Regio
527 2633 637 2687 quoque
662 2617 738 2671 illius
753 2617 830 2672 dicta
844 2623 887 2671 est
928 2620 967 2674 ita
980 2626 1011 2674 ut
1026 2620 1111 2673 etiam
1128 2619 1203 2672 ultra
1213 2623 1343 2672 naturam
1357 2617 1446 2688 possis
1456 2614 1634 2671 altitudinem
1644 2630 1728 2686 pene·

87 2704 219 2764 ldumaea,
231 2711 261 2758 et
270 2705 340 2760 Seir.
352 2710 380 2759 et
394 2706 510 2760 Temen.
525 2706 597 2759 ilinc
609 2722 657 2776 per
667 2707 753 2759 hmos
772 2705 883 2766 dicitur,
926 2715 1010 2768 trare,
1027 2708 1195 2761 autetiam
1214 2705 1286 2776 (plus
1298 2706 1396 2769 dicam}
1411 2706 1486 2760 inter
1497 2703 1590 2758 sidera
1600 2702 1726 2773 posueris

88 2793 293 2865 ‹Supertribus
303 2794 583 2849 sceleribusliliorum
595 2795 886 2865 Edom,etsuperqua·
928 2798 1023 2851 nidum
1037 2802 1128 2856 tuum.
1141 2797 1169 2849 id
1185 2802 1229 2849 est
1242 2794 1443 2860 habitaculum,
1454 2794 1520 2848 inde
1533 2798 1562 2846 te
1572 2793 1606 2845 ad
1619 2797 1725 2845 terram

87 2887 212 2937 tuornon
222 2889 383 2938 convertam
390 2884 760 2955 eum3retperlsaiam‚‹Ad
771 2901 817 2938 me
827 2884 886 2938 ola·
927 2887 1085 2952 detraham,
1100 2890 1133 2940 ut
1146 2885 1195 2938 illa
1209 2901 1239 2938 se
1254 2884 1346 2939 subito
1361 2901 1434 2955 saepe
1445 2884 1474 2938 in
1495 2882 1614 2937 fundum
1637 2880 1725 2935 maris

86 2973 223 3032 matSeir.
236 2980 331 3028 custos
344 2973 412 3044 quid
426 2973 460 3027 de
480 2974 607 3028 noctelo
624 2980 653 3027 et
665 2973 883 3045 perieremiam,
928 2976 1022 3046 dejicit
1031 2975 1066 3029 de
1082 2991 1184 3045 magna
1196 2974 1311 3049 nubium
1328 2973 1485 3028 altitudine.
1503 2970 1635 3043 Aquilam
1650 2970 1726 3025 enim

88 3061 244 3132 «Nunquid
255 3078 312 3116 non
323 3069 366 3116 est
377 3063 452 3117 ultra
467 3063 606 3133 sapientia
615 3063 644 3117 in
655 3064 789 3124 Teman‚»
800 3067 829 3116 et
842 3079 887 3116 re·
928 3065 1035 3120 cunctis
1050 3063 1147 3117 avibus
1161 3063 1247 3117 altius
1257 3063 1359 3127 volare,
1374 3063 1459 3117 etiam
1473 3062 1502 3116 hi
1518 3060 1610 3132 quide
1624 3066 1727 3115 natura

86 3149 161 3222 liqua
176 3152 307 3221 usquein
323 3152 407 3205 linem
420 3152 691 3223 prophetiae.Contra
705 3152 777 3206 filios
792 3152 887 3222 itaque
928 3155 1020 3208 avium
1037 3153 1190 3224 disputant,
1199 3149 1675 3223 memoriaeprodiderunt,tantique
1685 3149 1727 3204 in·

87 3237 172 3293 Edam
183 3238 382 3294 inimicierant
392 3240 442 3293 lilii
453 3240 549 3303 lsrael,
563 3240 636 3294 sicut
650 3241 716 3293 olim
739 3240 888 3311 fueratpa·
927 3243 1017 3296 tuitus
1031 3257 1092 3295 esse
1107 3241 1220 3302 dicitur,
1244 3246 1273 3294 et
1293 3256 1357 3295 cum
1383 3256 1469 3311 super
1485 3241 1574 3293 maria
1588 3237 1727 3293 immobili

85 3328 252 3383 teritlorum
267 3328 348 3383 fratri
372 3344 423 3383 suo
445 3328 540 3383 Jacob.
564 3329 702 3400 Loquitur
718 3329 884 3401 Propheta:
927 3327 1727 3402 pennaferatur,nechumanispateatobtutibus,detenta

87 3419 245 3472 «Auditum
257 3418 415 3473 audivimus
426 3435 443 3471 a
453 3419 617 3481 Dominari
626 3419 750 3488 legatum
767 3420 802 3472 ad
816 3435 887 3490 gen·
927 3419 1100 3475 sublimitate
1115 3419 1262 3490 pisciculos
1272 3418 1364 3472 videat
1373 3422 1581 3482 natare,etcum
1593 3418 1673 3488 juxta
1685 3417 1729 3472 lit-

86 3510 126 3561 tes
135 3507 226 3561 misit.
238 3526 252 3558 r
263 3508 362 3578 iungit
373 3524 403 3562 se
414 3508 523 3562 caeteris
534 3509 686 3579 prophetis,
697 3508 744 3579 qui
752 3508 886 3579 spiritua·
926 3516 973 3564 tus
984 3509 1101 3575 fuerint,
1116 3508 1250 3562 tormenti
1262 3508 1352 3562 instar
1364 3507 1543 3571 descendere,
1560 3512 1726 3578 raptamque

86 3595 280 3649 literdivinarn
288 3596 456 3650 sententiam
467 3597 720 3650 enuntiantcontm
728 3596 886 3651 idumeam.
929 3599 1051 3670 praedam
1064 3597 1163 3669 pennis
1174 3597 1208 3650 ad
1223 3597 1304 3651 littus
1317 3597 1475 3651 detrahere.
1486 3596 1728 3666 Hacquaeadver·

87 3682 315 3739 Hebraiceenim
331 3685 429 3749 Edon,
446 3686 681 3740 Graeceldumaea
703 3686 815 3739 dicitur.
832 3687 888 3740 Au·
929 3703 977 3741 sus
994 3686 1080 3740 Edom
1109 3684 1299 3756 proferuntur,
1325 3685 1509 3756 spiritualiter
1520 3684 1556 3739 ad
1582 3683 1727 3740 haereticos

86 3772 185 3838 ditum,
200 3773 305 3844 inquit,
320 3774 478 3829 audivimus
492 3791 509 3827 a
522 3775 653 3837 Domino,
668 3790 720 3845 ego
735 3776 843 3830 scilicet
859 3779 889 3828 et
928 3775 1026 3829 referri
1042 3774 1235 3845 possunl,qui‚
1248 3791 1310 3828 cum
1322 3774 1378 3829 sint
1392 3775 1499 3846 parvuli
1517 3778 1546 3828 et
1559 3773 1727 3843 contempti·

87 3861 177 3917 ceteri
193 3863 337 3932 prophetae
352 3862 460 3917 similes
474 3864 538 3930 mei,
556 3863 603 3934 qui
618 3863 812 3917 contraEdom
823 3865 888 3918 scri·
929 3864 1011 3924 biles,
1024 3865 1054 3918 in
1066 3863 1228 3934 superbiam
1253 3871 1351 3918 contra
1377 3864 1529 3918 Ecclesiam
1544 3865 1725 3931 extolluntur,

88 3957 210 4020 pserant.
229 3952 264 4005 Et
274 3951 398 4022 legatum
426 3951 460 4005 ad
483 3959 582 4022 gentes
606 3953 733 4015 missum,
749 3953 831 4007 idest
843 3953 888 4007 Fi·
929 3953 1102 4008 confidentes
1115 3952 1145 4006 in
1158 3952 1356 4023 mysteriorum
1376 3952 1502 4015 secretis,
1519 3952 1620 4022 quibus
1635 3953 1728 4007 Domi·

90 4038 156 4093 lium
168 4057 264 4096 suum.
282 4041 331 4111 qui
346 4034 442 4112 ulique
465 4047 508 4095 est
529 4041 653 4098 Verbum
670 4043 761 4096 Patris
778 4043 837 4107 Dei,
848 4042 890 4096 di·
929 4058 984 4096 nus
998 4042 1132 4106 minatur,
1144 4041 1210 4112 quia
1225 4041 1248 4095 si
1258 4041 1372 4095 exaltati
1383 4040 1487 4095 luerint
1496 4040 1617 4095 elatione
1626 4041 1728 4095 mentis

89 4129 157 4183 rexit
167 4130 204 4184 ad
229 4129 487 4184 Nabuchodonosor
502 4127 530 4185 et
545 4131 697 4185 exercitum
717 4133 788 4201 ejus,
798 4138 830 4185 ut
843 4149 889 4187 ve·
928 4132 963 4186 ad
973 4134 1086 4196 coelum,
1102 4130 1167 4184 inde
1178 4130 1310 4207 detrahat
1323 4146 1380 4184 eos.

91 4218 183 4272 uirent
193 4218 342 4275 adversum
368 4218 516 4279 Idumaeos,
534 4225 563 4273 et
581 4220 756 4291 disperderet
769 4237 826 4274 eos.
847 4222 887 4275 De
966 4237 979 4272 c
997 4220 1027 4273 Si
1041 4219 1117 4273 iures
1127 4218 1293 4273 introissent
1309 4218 1345 4272 ad
1367 4224 1406 4277 le.
1424 4219 1447 4271 si
1463 4219 1587 4274 latrones
1606 4237 1658 4291 per
1675 4238 1728 4276 no-

89 4306 137 4361 hoc
151 4308 245 4377 legato
260 4308 395 4362 Dominus
409 4325 458 4379 per
472 4310 608 4380 Aggaeum
625 4309 758 4379 loquitur.
773 4328 785 4359 a
797 4309 888 4364 Move·
928 4306 1368 4379 ctem,quomodoconticuissesl
1378 4327 1389 4358 r
1399 4307 1688 4374 Quoddicitmocest:
1699 4311 1729 4366 Si

91 4391 122 4449 bo
134 4412 234 4450 omnes
244 4403 352 4466 gentes,
364 4403 393 4451 et
401 4398 494 4452 veniet
508 4398 690 4452 Desideratus
701 4398 888 4468 cunctisgen·
928 4398 1005 4451 fures
1019 4404 1048 4450 et
1061 4398 1195 4459 latrones,
1208 4395 1299 4466 quide
1309 4402 1391 4450 nocte
1404 4397 1502 4451 domos
1516 4398 1729 4454 suffoderecon-

90 4483 170 4539 tihus.
186 4505 199 4535 ι
216 4505 229 4538 ι
246 4486 370 4556 Surgite,
386 4492 415 4541 et
427 4502 631 4556 consurgamus
644 4487 777 4540 adversus
787 4486 887 4541 eumin
929 4491 1091 4544 sueverunt.
1108 4490 1136 4538 et
1150 4500 1250 4555 rapere
1264 4501 1326 4555 quae
1344 4486 1373 4540 in
1388 4486 1517 4541 domibus
1527 4492 1603 4548 sunt,
1617 4487 1731 4542 introis·

91 4574 226 4642 praelium.
243 4593 256 4626 r
270 4575 392 4645 Legatus
403 4575 450 4645 qui
471 4575 506 4629 ad
532 4580 632 4645 gentes
648 4575 750 4630 missus
764 4582 816 4640 est,
830 4577 889 4630 haec
930 4580 993 4629 sent
1005 4573 1041 4626 ad
1049 4579 1077 4626 te
1101 4579 1129 4627 et
1141 4572 1297 4627 absconditi
1308 4573 1432 4627 tenebris
1450 4573 1616 4630 circuissent
1628 4576 1729 4632 domus

89 4661 233 4733 loquitur:
261 4663 374 4733 Surgite
395 4664 507 4733 (inquit)
524 4664 572 4735 qui
595 4664 734 4733 dormitis,
755 4669 782 4718 et
802 4648 889 4720 noli'te
930 4668 986 4717 tuae
996 4663 1124 4733 angulos,
1142 4662 1282 4733 quomodo
1297 4668 1365 4717 tunc
1377 4661 1567 4722 conticuisses,
1575 4663 1615 4716 sic
1628 4663 1730 4718 subau-

89 4768 201 4822 gravem
216 4757 302 4823 atque
311 4753 454 4807 insolitam
462 4753 601 4807 aestimare
611 4770 744 4824 pugnam.
756 4755 800 4809 Me
813 4755 889 4808 enim
930 4752 1008 4806 ditur
1034 4750 1149 4817 tacebis
1166 4767 1228 4805 cum
1258 4751 1367 4804 venerit
1385 4749 1644 4805 Nabuchodonosor
1665 4769 1729 4807 cum

89 4841 227 4897 habebitis
251 4841 374 4913 primum
390 4842 418 4896 in
428 4842 502 4904 acie.
520 4843 554 4897 Et
572 4859 624 4912 ego
639 4843 768 4915 princeps
786 4851 887 4909 vester,
931 4838 1241 4909 Chaldaeis‚etAssyriis,
1254 4837 1550 4910 etreliquisgentibus,
1561 4842 1731 4898 nonaudcns
1772 4856 1775 4861 ’

21 4988 23 4993 ,
90 4931 212 5001 quiJesu
227 4930 299 4985 Filio
313 4932 390 4985 Nave
403 4931 529 5001 gladium
547 4937 647 4987 tenens
670 4933 798 5004 apparui,
815 4932 891 4987 ideo-
931 4929 987 4983 illis
1006 4929 1146 4982 resistere.
1169 4927 1348 4997 Comparatio
1367 4933 1410 4981 est
1427 4929 1607 4984 dissimilium
1623 4948 1727 4988 rerum.

87 5036 140 5091 que
156 5036 363 5090 consurgamus
385 5020 518 5074 adversus
540 5038 603 5075 eum
623 5022 653 5075 in
665 5022 803 5091 praelium,
825 5022 893 5092 quia
933 5019 1063 5072 «Nonne
1089 5016 1175 5071 furati
1194 5021 1288 5070 essent
1301 5015 1499 5072 sufficientiam
1516 5019 1619 5074 sibili
1643 5021 1733 5078 idest

87 5109 177 5164 facilis
187 5110 244 5164 erit
253 5109 381 5165 victoria.
401 5109 538 5164 Similiter
553 5114 583 5164 et
596 5110 732 5164 ieremias
745 5111 892 5164 invisione
932 5125 1026 5163 nonne
1036 5106 1360 5177 abstulissentquidquid
1370 5109 1508 5179 putabant
1515 5110 1569 5166 sibi
1579 5128 1660 5185 posse
1675 5113 1731 5168 sus·

87 5206 187 5254 oontm
197 5198 286 5253 Edem
298 5198 434 5268 loquitur,
454 5215 467 5249 c
484 5199 620 5253 Auditum
637 5199 856 5269 (inquinamini
875 5216 893 5253 a
934 5197 1037 5252 liceret
1053 5215 1067 5250 a
1084 5197 1113 5250 Si
1128 5195 1344 5252 vindemiatores
1369 5199 1533 5253 introissent
1547 5202 1583 5255 ad
1597 5208 1636 5264 te,
1657 5219 1730 5259 nun-

86 5287 219 5350 Domino‚
235 5291 264 5340 et
277 5285 388 5356 legatus
400 5287 503 5340 missus
513 5292 556 5340 est
568 5287 603 5340 ad
618 5292 726 5356 gentes,
743 5292 823 5342 veto.
934 5287 1001 5358 quid
1015 5286 1115 5339 saltem
1131 5301 1274 5340 racemum
1289 5286 1470 5358 reliquissent
1478 5289 1552 5343 tibi?
1565 5311 1576 5339 v
1593 5291 1685 5358 idest,
1706 5294 1731 5349 si

122 5377 220 5431 cEcce
233 5376 384 5446 parvulum
398 5375 464 5430 dedi
487 5379 515 5429 te
530 5375 559 5429 in
569 5375 711 5445 gentibus.
727 5377 893 5447 contempti·
932 5374 1150 5430 vindemiatores
1159 5373 1324 5430 introissent
1335 5376 1443 5431 vineam
1455 5384 1547 5437 tuam.
1564 5385 1593 5434 et
1607 5396 1668 5434 eam
1684 5388 1732 5436 no·

85 5464 149 5520 bilis
163 5470 197 5519 tu
213 5481 246 5519 es
267 5465 357 5519 valde.
376 5483 389 5517 v
419 5464 559 5519 Similiter
583 5470 611 5519 et
632 5464 778 5529 ieremias,
797 5465 893 5520 «Ecce
934 5465 1038 5519 stiliter
1049 5468 1158 5517 vastare
1173 5470 1318 5535 cuperent,
1331 5467 1460 5537 nunquid
1476 5469 1575 5522 saltem
1588 5485 1731 5523 racemum

85 5553 236 5626 parvulum
246 5554 311 5623 dedi
324 5559 366 5624 te,
379 5553 620 5624 contemptibilem
629 5554 705 5609 inter
718 5553 857 5611 homines.
878 5574 892 5606 ι
935 5552 1115 5624 reliquissent
1132 5553 1201 5609 tibi?
1219 5553 1305 5617 Quasi
1313 5555 1435 5610 diceret:
1451 5557 1552 5611 Procul
1562 5555 1648 5611 dubio
1661 5556 1732 5609 sace-
