3818 6104
126 267 176 325 ‘273
569 271 778 326 ΕΝΛΒΒΛΤΙΟ
799 272 838 326 IN
858 270 1067 325 znctlaalhlt
1086 270 1317 325 PROPHETAM.
1710 267 1764 324 274

127 393 194 448 tuuli
209 410 307 458 sensu,
319 395 490 462 dulcescant,
503 403 532 452 et
546 399 765 453 amaritudinem
782 401 925 471 deponant
933 398 1028 467 Aquae
1043 404 1086 451 est
1096 399 1283 454 Hierusalem.
1298 398 1333 450 de
1344 397 1455 450 deserto
1462 402 1612 466 consurget
1621 397 1655 450 ad
1667 396 1762 455 colles.

126 482 280 537 occidentis
307 484 417 538 litterae.
444 485 492 539 llae
514 488 637 557 aquaein
663 495 758 541 aestate
782 488 925 558 ethyemo
965 486 1042 539 etde
1057 486 1174 539 collibus
1189 487 1224 539 ad
1244 486 1352 539 excelsa
1373 485 1543 556 proficiendo
1558 485 1592 538 de
1613 485 1715 538 virtute
1734 484 1764 538 in

127 577 218 639 erunt,
235 572 304 642 quia
317 589 369 627 uec
385 572 413 626 in
433 578 628 646 prosperitate,
645 593 706 646 quae
722 594 771 645 per
786 583 923 638 testatem,
965 573 1107 635 virtutem,
1125 591 1176 627 nec
1197 574 1249 628 hoc
1263 575 1319 628 fine
1335 579 1477 637 contenta,
1495 574 1641 644 perveniet
1659 572 1694 626 ad
1711 589 1763 626 au-

128 660 256 731 aequein
266 661 436 716 adversitate
446 664 657 733 persecutionis,
667 682 728 735 quae
737 682 785 734 per
794 666 924 735 hyemem
965 662 1079 716 stralem
1096 662 1273 732 plagammbi
1288 662 1379 716 terror
1393 661 1550 716 dilectionis
1565 668 1594 715 et
1605 662 1763 732 splendoris

129 746 922 818 designatur,d0ctrinacoelestismanaredesistitNotan-
965 751 1072 811 aeterni,
1101 750 1201 804 divina
1222 751 1330 805 scilicet
1358 750 1472 804 visionis
1501 751 1629 814 societas,
1647 750 1682 803 de
1706 766 1763 820 qua

131 834 192 890 lum
206 837 282 906 quod
302 837 332 892 in
348 838 534 910 Septuaginta
547 856 603 894 non
619 840 738 895 habetur
761 841 790 895 in
811 842 921 912 hyeme,
966 840 1137 895 psalmista:
1166 839 1402 893 «Satiaborcum
1419 839 1646 894 manifestabitur
1670 840 1762 911 gloria

135 942 144 973 r
159 925 249 979 sedin
264 943 328 980 rere
343 933 373 981 et
385 928 414 981 in
429 934 525 982 testate
536 936 629 992 erunt,
647 950 658 979 r
676 930 815 984 etidcirco
836 948 923 1001 aquas
964 928 1761 999 tuaalthemmonquoqueinterpretaturmalogranatam

134 1012 201 1068 viras
216 1014 330 1084 quidam
347 1015 383 1070 ad
397 1015 567 1087 baptismum
587 1019 798 1088 referuntquod
815 1020 844 1073 in
860 1037 922 1074 rere
965 1036 1025 1089 quar
1038 1024 1081 1071 est
1093 1017 1186 1080 arbor,
1197 1019 1400 1088 cujusjpomum
1413 1018 1761 1087 pulcherrimumplenum

136 1106 159 1153 et
170 1100 197 1155 in
209 1108 315 1167 aestate,
329 1103 356 1156 id
372 1103 458 1158 estin
475 1106 583 1159 Pascha
598 1113 627 1159 et
650 1107 677 1158 in
696 1110 856 1161 l‘cnteeoste
871 1124 922 1175 ge·
962 1107 1058 1177 granis
1073 1123 1133 1176 quae
1146 1105 1578 1165 continenturdirersiscellulis,
1591 1105 1760 1176 quibusdum

138 1190 257 1243 neraliter
271 1190 306 1244 ab
320 1191 397 1246 omni
412 1193 536 1247 Ecclesia
549 1194 716 1247 celebratur.
736 1214 746 1240 a
768 1197 795 1247 ln
812 1196 856 1249 die
873 1197 921 1248 illa
964 1194 1164 1248 membranulis
1175 1195 1277 1248 cortice
1287 1194 1625 1263 puniceo.Ferturautem
1637 1195 1760 1248 fervores

141 1278 424 1344 eritllominusunus,
449 1283 661 1337 cteritnornen
678 1286 738 1351 cias
761 1300 870 1337 unum:
893 1291 921 1338 et
962 1284 1098 1337 stomachi
1114 1300 1224 1341 sanare.
1251 1288 1453 1353 etcorruptum
1477 1288 1601 1335 ventrem
1626 1299 1758 1352 purgare,

143 1373 280 1421 revertetur
291 1369 383 1423 ornais
397 1375 472 1423 terra
489 1379 578 1441 usque
592 1371 627 1425 ad
642 1373 795 1431 desertum,
806 1373 840 1425 de
849 1374 920 1426 colle
962 1371 1456 1442 omnibusquerisccribusprodesse.
1469 1370 1759 1441 Haecspceiositaspo-

145 1454 280 1509 Rhemmon
293 1456 330 1509 ad
344 1462 472 1510 austrum
489 1459 663 1513 Hierusalem
676 1478 682 1511 :
694 1466 722 1513 et
738 1460 916 1524 exaltabitur,
961 1461 999 1514 mi
1010 1461 1140 1541 convenit
1151 1461 1279 1515 Ecclesiae
1289 1462 1317 1513 in
1330 1460 1431 1513 rubore
1442 1459 1604 1512 verecundae
1617 1458 1758 1528 pudicitiae

148 1550 168 1597 ct
177 1542 304 1598 habitabit
317 1545 348 1600 in
362 1544 423 1600 loro
437 1564 488 1600 suo
503 1554 611 1617 aporta
627 1549 772 1617 Benjamin
785 1551 918 1619 usquead
961 1549 990 1602 in
1001 1565 1154 1617 granorum
1169 1549 1278 1613 ordine,
1290 1548 1396 1619 gradus
1406 1551 1435 1600 et
1443 1547 1569 1600 membra
1579 1546 1667 1600 totius
1676 1547 1762 1601 eccle·

149 1631 218 1686 locum
231 1639 316 1704 porta
329 1634 439 1704 prioris,
458 1641 487 1689 ct
501 1652 589 1707 usque
613 1637 647 1690 ad
668 1644 777 1706 portam
800 1638 917 1706 angulo·
961 1637 1064 1691 siustici
1077 1638 1202 1708 corporis
1217 1654 1267 1707 per
1282 1637 1392 1706 singula
1416 1636 1507 1688 officia
1534 1634 1694 1689 distributa.
1717 1636 1758 1690 De

151 1735 207 1774 run:
220 1729 245 1774 et
256 1739 273 1774 a
284 1728 360 1775 turre
371 1723 515 1776 ananehel
528 1741 616 1794 usque
629 1726 664 1778 arl
672 1725 824 1778 torcularia
833 1726 914 1794 regis.
927 1725 1029 1797 sscolle
1038 1731 1132 1779 autem
1143 1725 1301 1778 Rhcmrnon
1311 1725 1448 1794 incipiunt
1460 1725 1529 1777 lines
1542 1723 1679 1786 Ecclesiae,
1690 1723 1757 1794 quia

152 1807 176 1861 Et
183 1808 335 1864 habitabunt
344 1810 374 1864 in
389 1826 431 1872 ea,
446 1817 474 1865 et
487 1813 637 1866 anathema
648 1829 704 1867 non
718 1812 773 1866 erit
786 1814 916 1884 amplius,
960 1812 994 1866 ab
1009 1813 1168 1867 humilitate
1184 1819 1211 1867 et
1224 1830 1239 1866 a
1255 1812 1409 1867 minoribus
1421 1814 1542 1874 inchoat,
1551 1818 1583 1866 ut
1597 1812 1759 1866 ordoeccle-

153 1899 293 1953 adsedebit
312 1900 489 1954 Hierusalem
518 1918 625 1955 secura.
644 1920 658 1955 u
679 1903 744 1955 Haec
770 1903 864 1955 omnia
884 1903 918 1955 de
959 1901 1088 1955 siasticus
1101 1901 1268 1972 quibusdam
1281 1900 1449 1970 profectibus
1469 1906 1657 1954 construatur.
1675 1901 1757 1954 Exal·

153 1989 307 2041 astructione
328 1989 505 2043 Hierusalem
525 1995 653 2052 terrente,
675 1997 703 2043 et
725 1990 759 2043 dc
779 2007 917 2060 aquarum
959 1990 1066 2043 tabitur
1085 1997 1179 2043 autem
1196 1990 1332 2060 incipiens
1347 2006 1362 2042 a
1378 1988 1505 2051 collibus,
1521 1994 1550 2042 et
1570 1987 1709 2043 habitabit
1727 1990 1756 2042 in

154 2075 288 2144 egressione,
304 2093 367 2147 quae
382 2077 417 2130 ad
431 2084 583 2147 utrumque
596 2079 721 2132 defluant
732 2079 917 2143 narre,ludrui
960 2078 1019 2132 loco
1044 2095 1094 2131 suo
1122 2078 1150 2131 in
1178 2079 1300 2131 statione
1330 2076 1517 2146 perfectionis.
1551 2077 1591 2131 Dc
1615 2077 1667 2130 hoc
1696 2077 1756 2132 loco

154 2163 286 2218 elharetici
301 2165 489 2235 judaizantes,
510 2182 580 2236 quos
604 2165 753 2220 Chiliastas
775 2174 883 2228 vocant,
901 2184 918 2219 a
958 2166 1189 2220 psalmistadicit
1209 2183 1215 2217 ι
1234 2184 1246 2215 a
1264 2167 1294 2219 ln
1311 2167 1371 2219 loco
1397 2165 1509 2235 (inquit)
1526 2181 1635 2235 pascuae
1650 2165 1688 2218 ibi
1711 2182 1757 2220 me

153 2264 239 2306 numero
266 2254 343 2307 mille
365 2270 513 2319 annorum,
543 2254 645 2324 quibus
670 2271 700 2308 se
729 2260 830 2325 putant
853 2272 916 2308 curn
958 2255 1445 2324 collocaritrSequitur:reporta
1463 2254 1755 2324 llenjarainusquead

153 2338 293 2396 Christosuo
317 2341 437 2396 feliciter
450 2348 618 2412 regnaturos
632 2343 660 2396 in
680 2345 736 2397 linc
751 2344 844 2420 sarculi
865 2344 917 2397 sibi
959 2344 1051 2396 locum
1074 2349 1160 2413 porta
1187 2343 1299 2413 prioris.
1328 2362 1341 2393 r
1375 2343 1522 2412 Benjamin
1549 2342 1754 2413 interpretatur

151 2430 490 2496 apronittunt.Dicitenim
502 2431 576 2500 quod
586 2448 650 2484 cum
661 2431 808 2485 Christain
820 2432 918 2485 Hieru·
961 2432 1036 2485 silius
1052 2432 1235 2500 dextrae,quia
1249 2436 1346 2484 sancta
1361 2431 1509 2484 Ecclesiaa
1526 2431 1628 2485 virtute
1648 2430 1755 2500 incipit,

151 2514 213 2569 salem
226 2534 309 2573 aurea
323 2523 505 2588 etgemnrata
520 2519 708 2588 regnaverint,
716 2521 774 2589 jain
790 2536 845 2573 non
861 2521 920 2574 sint
960 2537 1042 2590 quam
1063 2520 1202 2590 signilirat
1228 2519 1352 2582 (lamera,
1379 2525 1407 2572 ct
1434 2519 1560 2589 pervenit
1587 2519 1622 2572 ad
1646 2524 1757 2589 portam

150 2598 267 2671 iotanae
282 2607 394 2660 diversa
406 2608 526 2670 cultura,
548 2608 596 2661 scd
617 2609 672 2661 erit
685 2609 819 2662 Dominus
832 2626 914 2674 unus,
959 2608 1094 2677 priorem,
1111 2608 1138 2661 id
1154 2609 1300 2670 estsnlem,
1317 2615 1347 2661 ut
1363 2625 1413 2678 per
1430 2625 1491 2661 eam
1510 2609 1704 2677 ingrediamur
1720 2608 1757 2661 ad

147 2692 222 2762 etipse
231 2695 305 2749 solus
320 2695 521 2757 nominabitur,
531 2704 558 2750 et
574 2697 665 2749 omnis
676 2704 750 2750 terra
761 2703 917 2751 revertetur
959 2696 1083 2767 reliquas
1094 2697 1220 2750 virtutes.
1232 2696 1332 2750 Statim
1346 2697 1466 2749 occurrit
1481 2702 1562 2765 porta
1577 2698 1755 2764 angulorum,

147 2776 316 2853 etantiquum
328 2788 444 2847 statum,
462 2784 573 2853 quando
585 2785 675 2838 oranis
689 2792 764 2837 terra
776 2785 917 2840 incultaet
960 2783 986 2836 id
999 2792 1040 2837 est
1056 2785 1184 2838 Christus
1199 2784 1269 2853 lapis
1282 2784 1434 2852 angularis,
1445 2783 1590 2836 continens
1601 2791 1629 2837 et
1642 2785 1757 2851 conjun-

143 2862 229 2923 derna
243 2871 306 2924 erit.
322 2871 528 2941 Ponunturque
542 2872 675 2925 vocabula
687 2872 848 2931 locoruma
859 2887 945 2945 quofl
958 2887 1027 2940 gens
1040 2871 1092 2924 sibi
1106 2872 1177 2925 duos
1186 2871 1317 2942 parietes.
1334 2871 1424 2941 Super
1438 2871 1514 2924 hunc
1527 2871 1648 2942 lapidem
1663 2872 1757 2925 redifi-

143 2948 281 3029 locousque
305 2959 342 3012 ad
361 2959 453 3012 locurn
478 2960 653 3013 Hierusalem
679 2961 843 3013 oedificanda
867 2961 912 3026 sit,
957 2967 1057 3013 cuntur
1073 2960 1120 3013 alii
1136 2961 1287 3029 angulares
1304 2960 1419 3029 lapides,
1445 2959 1708 3029 apostolividelicet
1727 2966 1756 3014 et
1786 2978 1794 2991 ·

141 3041 245 3100 videficet
259 3048 294 3101 de
308 3048 380 3101 colle
390 3048 547 3101 Rhemmon
559 3065 648 3118 usque
661 3049 697 3102 ad
707 3055 835 3102 austrum
852 3050 915 3103 Hie·
956 3048 1102 3120 apostolici
1117 3048 1177 3113 riri,
1202 3050 1378 3102 continentes
1393 3048 1515 3118 reliquos
1529 3049 1648 3119 angulos
1662 3049 1754 3103 Eccle-

142 3135 288 3195 autema
299 3135 469 3190 exaltabitur
480 3136 508 3189 in
520 3136 637 3207 pristino
651 3143 757 3207 aperta
768 3138 915 3206 Beniamin
957 3136 1119 3207 dequibus
1128 3137 1254 3206 loquitur
1264 3137 1384 3191 Paulus:
1400 3157 1410 3186 r
1425 3136 1497 3190 listis
1507 3138 1581 3190 circs
1592 3143 1755 3192 sanctorum

139 3233 208 3294 utque
221 3225 255 3279 ad
279 3232 391 3296 portam
410 3226 588 3295 angulorum,
608 3232 636 3279 et
649 3243 666 3279 a
680 3235 757 3281 turre
769 3225 915 3279 Anarrehel
956 3231 985 3279 et
999 3225 1143 3278 domestici
1160 3225 1220 3286 Dei,
1237 3231 1308 3279 etc·
1325 3226 1490 3279 AEdisscatur
1507 3241 1618 3295 quoque
1631 3226 1756 3279 Ecclesia

138 3315 252 3383 usquead
267 3314 423 3367 torcularia
438 3314 816 3384 regis.rEtanathemanon
831 3314 911 3378 erit»
956 3318 1071 3366 aturre
1093 3313 1247 3374 ananehel,
1279 3313 1325 3384 qui
1355 3314 1558 3384 interpretatur
1576 3312 1755 3382 gratissimus

137 3398 157 3453 id
169 3408 206 3456 est
218 3403 314 3457 nullus
331 3408 432 3465 metus,
462 3403 555 3456 nullus
571 3403 694 3457 hostium
710 3403 841 3474 impetus,
864 3403 912 3456 sed
955 3402 1015 3464 Dei,
1027 3402 1237 3455 firmamentum
1245 3401 1375 3455 videlicet
1383 3402 1456 3463 fidei,
1467 3402 1535 3471 spei,
1549 3407 1578 3455 et
1592 3401 1750 3467 charitatis,

136 3489 224 3543 sedebit
259 3507 360 3544 secura
389 3496 417 3544 et
443 3490 534 3544 otiosa
566 3491 743 3544 Hierusalem
777 3492 806 3544 in
837 3508 914 3561 pace.
957 3490 993 3544 ad
1009 3491 1083 3560 quod
1098 3507 1128 3542 se
1150 3491 1309 3560 pervenisse
1323 3490 1521 3559 gratulabatur
1535 3490 1693 3553 Psalmista,
1710 3489 1754 3543 di-

134 3577 272 3632 luuthema
287 3584 384 3633 autem
399 3579 526 3632 Graecum
537 3584 580 3632 est
591 3579 717 3640 verbum,
736 3580 835 3633 Latine
851 3579 917 3632 alie·
957 3596 1038 3632 cens:
1059 3579 1224 3633 *Deduxisti
1243 3596 1286 3632 me
1295 3582 1361 3649 quia
1371 3579 1462 3632 lactus
1472 3596 1501 3631 es
1512 3595 1575 3648 spes
1585 3594 1656 3641 mea,
1666 3578 1753 3631 turris

135 3666 254 3720 uatiodici
266 3667 491 3738 potest.Tractus
502 3674 598 3721 autem
608 3684 700 3721 sermo
711 3685 728 3720 a
740 3669 832 3730 rebus,
844 3685 915 3738 quas
957 3667 1131 3720 tortitudinis
1150 3667 1250 3720 asaele
1265 3666 1380 3719 inimici.
1400 3685 1412 3717 a
1429 3666 1490 3729 Qua
1509 3674 1586 3718 turre
1605 3665 1675 3718 nihil
1695 3666 1752 3718 Deo

134 3749 242 3810 tornines
257 3761 324 3809 rota
345 3755 480 3810 facientes
495 3757 608 3826 templis
624 3755 784 3825 affigebant.
803 3762 832 3809 et
849 3773 866 3809 a
884 3773 914 3809 se
956 3755 1073 3824 gratius.
1087 3756 1158 3808 Hinc
1169 3754 1450 3825 pervcnitaedisrcatio
1460 3753 1655 3807 adtorcularia
1666 3753 1751 3823 regis,

135 3840 207 3898 uena
219 3843 370 3910 iaciebant,
384 3845 514 3898 videlicet
532 3840 581 3897 ἀπὸ
603 3852 647 3897 τοῦ
667 3846 812 3909 eretriaci,
829 3845 913 3899 idest
955 3843 984 3896 in
1002 3843 1103 3912 mribus
1124 3843 1290 3913 exprimitur
1316 3843 1455 3896 vindemia
1471 3843 1583 3903 Christi,
1602 3859 1662 3912 quae
1691 3841 1751 3911 ipse

136 3942 148 3981 t
164 3948 268 3988 sursum
298 3934 441 4005 ponendo.
456 3934 500 3987 rel
514 3933 723 4004 suspendendo.
744 3934 808 3987 Haec
822 3934 861 3987 illi
877 3935 912 3987 ad
954 3932 1061 4003 primus
1072 3932 1284 3984 calcaritUnde
1297 3938 1325 3983 ct
1336 3948 1385 4000 par
1399 3929 1502 3983 lsaianr
1517 3931 1639 3983 dicitur:
1657 3949 1671 3981 a
1682 3925 1757 3984 Tor·⁴

136 4013 235 4075 litteram
247 4023 346 4076 futura
360 4023 549 4092 suspicantur,
565 4039 617 4075 nos
632 4038 745 4076 sensum
763 4023 911 4093 mysticum
953 4021 1032 4073 calar
1046 4018 1148 4072 calcari
1165 4019 1249 4075 solus,
1270 4026 1348 4071 retc.
1367 4021 1397 4072 ln
1424 4018 1467 4070 his
1486 4017 1673 4071 torcularibus
1697 4017 1752 4069 eal-

138 4118 332 4175 ltucrutemur,
348 4116 378 4164 et
393 4127 454 4181 quae
478 4110 518 4163 illi
543 4111 577 4164 de
596 4117 710 4163 terrena
735 4110 910 4163 Hierusalem
952 4115 1053 4162 cantur
1062 4107 1134 4160 botri
1145 4107 1361 4177 martyrumqui
1372 4107 1489 4176 vestigia
1499 4105 1637 4175 passionis
1645 4104 1750 4158 Christi

139 4198 287 4269 arangunt.
308 4200 529 4270 interpretemur
545 4199 579 4252 de
603 4215 726 4268 superna
750 4207 778 4251 et
793 4200 908 4252 calesti.
952 4204 1118 4267 sequuntur,
1136 4202 1164 4249 et
1177 4196 1249 4249 sieut
1262 4196 1308 4248 ille
1320 4212 1370 4265 pro
1387 4196 1427 4248 eis
1442 4195 1565 4247 animam
1580 4193 1684 4264 posuit,
1710 4193 1751 4248 sic

141 4281 189 4339 Cum
200 4289 273 4342 enim
287 4288 374 4342 luerit
384 4288 521 4342 Dominus
534 4289 615 4341 lesus
631 4304 678 4340 rex
697 4304 782 4359 super
797 4304 909 4341 omnem
921 4286 1005 4370 Dipsi
1017 4303 1066 4356 pro
1075 4286 1134 4353 ejus
1145 4285 1295 4338 dilectione
1306 4290 1425 4338 mortem
1439 4283 1533 4337 subire
1545 4299 1599 4336 non
1608 4287 1749 4336 metuunt.

141 4374 229 4444 men
244 4385 273 4431 et
285 4394 390 4432 nomen
404 4377 465 4447 ejus
480 4394 576 4435 unum.
594 4382 627 4429 ut
640 4376 699 4446 ipse
714 4377 790 4429 solus
805 4378 911 4430 inroce-
953 4378 1022 4429 Cum
1039 4391 1105 4444 ergo
1119 4374 1216 4427 civitas
1232 4374 1281 4426 Dei
1292 4373 1429 4427 aedificata
1445 4372 1603 4441 pervenerit
1625 4372 1659 4425 ad
1675 4372 1750 4442 regis

143 4465 319 4520 tltetoolatur
332 4465 418 4527 Deus
444 4464 519 4518 omni
543 4464 614 4517 falsa
634 4463 769 4534 religione
790 4464 908 4527 sublata,
953 4463 1057 4517 Cbrrstr
1072 4462 1233 4524 torcularia
1258 4479 1316 4530 Jam
1332 4479 1388 4515 non
1404 4463 1459 4516 erit
1484 4462 1644 4523 anathema,
1659 4461 1688 4514 id
1706 4467 1751 4515 est

95 4572 97 4577 ·
95 4544 416 4625 inpletumquefuerit
443 4553 682 4624 quodPsalmista
707 4553 742 4607 ad
760 4553 909 4607 Dominum
952 4552 1111 4604 maledictio
1127 4551 1319 4615 ielalrenatro
1330 4551 1379 4605 sed
1394 4550 1633 4604 eritHrerusalem
1650 4565 1750 4603 secura

95 4633 204 4693 ,lien
199 4643 700 4709 ·.,sDomineDominusnoster‚etc
714 4647 909 4695 »tuncrerer-
951 4646 1036 4710 atque
1050 4640 1192 4694 confidens
1210 4639 1501 4694 ‹Benedictusenrm
1518 4655 1619 4708 virqur
1611 4637 1748 4691 conlidit

95 4709 99 4815 Ι
144 4725 907 4801 lttnromnisterraaddesertum,idrstgensludaeorum
952 4729 979 4783 in
1000 4730 1158 4783 Domino.»

95 4821 97 4855 Ι
144 4806 254 4874 berelais
269 4819 332 4879 erit.
344 4820 417 4874 sicut
432 4819 574 4890 quondam
590 4819 702 4873 lucrant
723 4826 821 4890 gentes
846 4837 907 4891 quae
986 4837 999 4869 r
1017 4819 1052 4872 Et
1067 4819 1125 4871 hec
1135 4817 1189 4871 crit
1199 4818 1280 4888 plaga
1290 4834 1344 4887 qua
1357 4815 1493 4887 percutiet
1504 4815 1639 4868 Dominus
1650 4831 1748 4869 omnes

144 4910 245 4961 matur
271 4909 427 4970 desertum,
444 4914 472 4961 et
493 4907 623 4961 notitiam
648 4909 769 4962 Deinon
792 4909 904 4962 habent.
947 4913 1122 4976 gentesque
1138 4904 1650 4977 pugnaveruntcontraHierusalem;
1668 4903 1748 4959 tabe·

144 4983 292 5051 tamam
316 4997 462 5050 credentes
486 4996 515 5049 in
540 4996 683 5050 Christum
709 4998 800 5050 locum
828 4997 905 5050 illum
948 5003 1006 5050 scet
1020 5012 1085 5049 caro
1095 4995 1314 5063 uniuscujusque
1325 4993 1520 5062 stantissuper
1530 4992 1615 5062 pedes
1633 5009 1709 5058 suoS,
1721 5000 1750 5048 et

144 5071 252 5140 lababunt
274 5087 351 5157 apud
378 5085 475 5146 ileum,
491 5101 574 5155 quem
590 5086 731 5155 quondam
749 5085 907 5139 habuerunt
948 5084 1021 5138 oculi
1037 5085 1097 5154 ejus
1112 5083 1309 5136 contabescent
1322 5081 1350 5134 in
1366 5080 1570 5135 soranrinibuus
1581 5082 1750 5148 suis,etlin·

143 5161 211 5226 luat.
221 5175 290 5229 Hinc
300 5191 352 5246 per
362 5173 464 5228 isaiam
476 5173 579 5227 dicitur
591 5192 613 5225 :r
627 5175 811 5226 convertetur
823 5174 906 5227 Liba·
947 5188 1005 5242 gua
1020 5191 1116 5226 eorum
1127 5172 1305 5224 contabescet
1320 5173 1348 5223 ia
1363 5186 1410 5223 ore
1422 5171 1555 5241 ipsorum.
1574 5189 1588 5223 u
1607 5171 1659 5224 Hic
1680 5188 1748 5242 per·

142 5259 356 5320 tuinChermel.
370 5261 904 5331 etChermelinsaltumreputabitur.a
947 5262 1043 5331 spicue
1056 5259 1214 5314 ostenditur
1233 5274 1302 5311 rana
1322 5275 1382 5312 esse
1404 5260 1499 5313 onmia
1522 5276 1583 5330 quae
1605 5260 1696 5315 ludaei
1713 5261 1748 5314 de

140 5337 273 5404 brrmcur
287 5355 383 5404 autern
407 5349 441 5402 dc
456 5350 525 5403 colle
540 5350 697 5403 Rhemmon
720 5349 754 5402 ad
777 5356 904 5404 austrum
947 5357 1060 5403 terrena
1072 5347 1245 5402 Hierusalem
1257 5348 1418 5418 opinantur.
1434 5348 1504 5402 Nam
1523 5349 1641 5402 [tomani
1656 5349 1748 5402 noris·

137 5428 906 5509 hierusalemuhemmoninterpretatarexeelsum,rel
947 5439 1016 5492 sime
1044 5437 1404 5508 pugnaveruntadversum
1424 5438 1599 5491 Hierusalem
1627 5454 1746 5507 eamque

126 5523 341 5598 uelamentum,
355 5544 407 5599 per
416 5528 490 5599 quod
497 5528 672 5598 significatur
682 5529 756 5600 quod
775 5529 904 5594 Ecclesia,
947 5526 1075 5582 funditus
1089 5527 1262 5591 deleverunt,
1276 5527 1494 5597 necquidquam
1506 5527 1563 5580 tale
1581 5527 1654 5596 passi
1669 5533 1746 5580 sunt.
