3818 6104
144 241 201 303 373
489 251 680 312 IIXPOSl'l'lO
701 257 740 313 IN
759 259 835 315 EPP.
859 263 889 317 S.
908 260 1027 317 PAULI.
1049 291 1081 304 -
1101 262 1140 317 IN
1159 260 1270 317 EPIST.
1290 260 1340 318 AD
1359 258 1474 319 nott·
1731 258 1785 322 374

139 382 208 427 rum
229 373 370 432 transient
393 377 560 450 quandoque
584 382 620 436 ad
644 382 727 438 fidem
752 401 857 451 rerum,
875 387 940 457 quia
947 387 1056 449 Asicut
1070 389 1159 443 fertur
1169 386 1205 443 ab
1215 386 1339 442 Hebraeis
1349 386 1383 442 de
1396 384 1608 455 Melchisedech,
1617 387 1683 462 quia
1692 391 1783 444 consi·

141 456 224 524 luna
238 463 313 532 quod
326 465 652 539 promittitlivaugelmm
663 471 783 529 fideliter
796 475 944 530 exhibetur
984 477 1082 532 derata
1108 479 1213 533 fabrica
1242 478 1349 542 mundi,
1374 493 1460 533 unum
1485 477 1574 530 Deum
1599 478 1781 533 excellentem

141 546 201 616 Spei
225 551 416 621 praemiorum.
441 558 553 628 quando
574 560 746 629 quodmodo
764 569 893 619 tenemus
912 566 942 618 ia
983 567 1120 620 creaturis
1144 583 1205 621 esse
1226 565 1296 619 dixit
1314 584 1319 617 :
1336 573 1364 619 et
1379 565 1440 618 ideo
1463 564 1669 632 excellentiora,
1690 565 1781 621 idest

144 632 199 691 fide
210 642 243 693 ει
253 638 285 695 in
296 657 357 711 spo,
373 648 441 701 tuuc
454 646 657 716 possidebimus
672 649 702 703 in
717 666 756 715 re,
770 653 853 722 juxta
867 653 941 723 quod
983 670 1083 724 panem
1100 661 1128 709 et
1139 655 1232 709 vinum
1248 655 1305 708 Deo
1321 652 1424 706 obtulit
1438 670 1516 709 vero.
1538 655 1605 709 Deus
1626 657 1701 707 enim
1721 655 1780 709 illis

143 719 244 785 beatas
257 727 382 791 Joaneer
392 731 462 788 dicit
477 752 483 787 :
499 735 666 791 Gtrarirrr'mi
672 740 740 792 Filii
748 741 797 795 Dei
804 757 901 799 rurrrur
911 743 941 796 in
982 745 1122 796 reueiucr't.
1135 743 1197 798 Sive
1208 743 1284 797 enirn
1296 758 1347 813 per
1361 740 1642 812 naturaleiugeniurn
1653 746 1682 796 et
1693 741 1778 796 ratle-

118 850 122 859 ·
142 825 200 881 ⁸9⁶·
215 819 242 869 et
259 819 385 874 modurn
392 825 528 891 apparuit
542 826 615 892 quud
627 827 769 884 eriruurin
779 845 818 887 re.
831 831 940 886 Scimus
981 829 1024 883 nis
1037 830 1143 885 donum
1158 837 1242 901 atque
1256 846 1373 884 acumen
1390 829 1486 895 studii,
1506 829 1562 885 sive
1575 846 1627 902 per
1639 830 1777 884 occultam

141 905 235 956 autem
248 909 382 972 quoniam
397 925 460 963 eum
479 917 651 979 apparuerit,
667 919 771 971 similar
785 922 811 973 ei
822 924 936 986 airuns,
980 914 1192 989 inspirationem
1207 917 1427 971 revelavitDeus
1442 915 1492 981 eis,
1509 902 1645 986 quianon
1665 915 1718 972 hec
1732 916 1777 970 εει

142 994 276 1057 quoniam
298 996 451 1051 ridebimur
466 1014 529 1053 eum
543 1005 627 1055 sicuti
640 1010 677 1056 ert
694 1006 718 1064 l!
730 1007 810 1060 luen.
827 1015 879 1076 ur).
896 1009 939 1065 Si·
980 1004 1097 1060 Creator
1125 1006 1199 1076 quod
1225 1010 1362 1070 ereatura,
1388 1004 1455 1076 quia
1476 1003 1594 1058 Creator
1617 1007 1661 1058 est
1685 1002 1773 1072 Deus,

141 1083 183 1131 cut
195 1083 381 1148 scriptumest
392 1104 400 1138 .·
413 1087 509 1142 Iustus
523 1095 616 1143 autern
629 1109 661 1145 en·
674 1097 726 1159 lule
740 1098 817 1149 uiuit.
830 1098 871 1151 xd
883 1098 935 1153 hoc
978 1101 1108 1149 creatura
1122 1111 1186 1148 vero
1201 1098 1245 1147 εει
1259 1093 1366 1148 tactura
1381 1091 1441 1147 Dei.

143 1169 297 1239 exemplum
311 1171 340 1226 in
354 1175 467 1230 oraculo
477 1175 610 1233 Habacuc
617 1182 759 1252 prophetae
766 1186 934 1241 continetur.
1014 1187 1170 1241 Invisibilia
1183 1190 1258 1240 enim
1272 1188 1357 1253 ipsius
1371 1202 1388 1238 a
1403 1189 1532 1239 ereatura
1550 1186 1659 1252 mundi,
1673 1201 1728 1256 per·
1741 1202 1773 1243 aa

144 1252 176 1307 Ex
189 1256 245 1311 fide
261 1259 349 1330 igitur
363 1279 424 1333 qua
434 1265 590 1337 concipitur
602 1270 718 1325 cordeet
726 1273 867 1342 protertur
876 1293 933 1343 ore,
976 1290 1036 1341 qua
1049 1278 1123 1344 sucta
1145 1281 1220 1335 runt,
1245 1276 1381 1328 intellecta
1401 1276 1619 1342 conspiciuntur.
1634 1275 1714 1340 Quod
1729 1279 1774 1333 eet

146 1341 255 1399 elbonis
269 1349 738 1428 operibusexornatur,vivitjustus
752 1362 807 1416 vita
818 1369 932 1418 aeterna.
977 1361 1070 1417 dicere
1087 1382 1094 1416 :
1111 1363 1264 1418 Invisibilia
1281 1369 1456 1416 sacramenta
1471 1362 1671 1433 omnipotentis
1689 1362 1740 1419 Dei
1757 1379 1775 1417 a

149 1429 213 1484 Fides
225 1439 320 1489 autem
334 1441 530 1508 rineoperilrus
544 1451 654 1499 mortua
669 1453 707 1501 ert
722 1452 788 1513 (lae.
806 1456 846 1516 ul.
974 1456 1105 1506 creatura
1124 1451 1233 1516 mundi,
1255 1451 1282 1505 id
1304 1457 1348 1504 est
1371 1448 1406 1503 ab
1421 1449 1533 1503 bomine
1557 1449 1734 1525 maximeque
1752 1467 1771 1507 a

174 1518 316 1576 ureretur
334 1530 410 1581 enim
423 1531 469 1583 ira
482 1532 529 1585 Dei
542 1533 574 1586 de
588 1538 650 1588 culo
662 1551 745 1603 super
758 1554 867 1594 annitere
883 1543 932 1594 irn·
973 1539 1146 1612 philosophis
1158 1541 1297 1611 gentium,
1312 1556 1362 1610 per
1377 1556 1411 1594 ea
1425 1554 1486 1609 quae
1509 1539 1584 1594 sacta
1598 1543 1664 1592 suut
1678 1535 1770 1592 visibi-

151 1607 261 1702 ptetotem
273 1617 298 1665 et
312 1616 483 1681 injustitiam
494 1620 704 1677 tenrinurn.lra
714 1624 763 1678 Dei
774 1629 933 1698 appellatur
972 1627 1021 1691 lia,
1035 1629 1178 1684 intellecta
1196 1630 1254 1684 sive
1268 1634 1400 1701 percepta
1421 1633 1451 1682 et
1470 1628 1583 1699 cognita
1596 1626 1770 1698 conspiciun-

152 1698 194 1747 nto
212 1697 240 1750 in
266 1698 328 1754 loco
351 1703 422 1758 ultio
448 1704 503 1760 diei
525 1708 637 1778 judicii,
651 1717 680 1765 et
691 1712 812 1768 vindicta
825 1715 928 1786 diviua,
939 1695 1028 1783 Btur.
1045 1734 1100 1773 non
1121 1719 1208 1772 oculis
1220 1717 1371 1790 corporeis,
1389 1717 1437 1771 sed
1448 1715 1535 1771 oculis
1548 1715 1651 1772 mentis
1663 1715 1769 1771 intelli·

153 1797 220 1850 quau
234 1787 365 1844 omnibus
378 1791 506 1864 reprobis
524 1796 769 1855 inieretDomlnus
783 1803 812 1857 ln
823 1804 867 1859 die
882 1807 932 1861 illa
970 1811 1086 1874 guntur.
1102 1807 1157 1861 Per
1172 1823 1206 1861 ea
1220 1807 1293 1861 enim
1312 1823 1372 1877 quie
1388 1805 1462 1859 sacta
1475 1809 1542 1858 sunt
1556 1806 1616 1874 ejus
1629 1820 1710 1858 sacra
1723 1804 1767 1859 iu·

154 1868 229 1925 dicens
240 1873 297 1929 illis
309 1895 315 1928 :
328 1880 367 1932 Ite
377 1884 408 1934 in
418 1885 509 1949 iurem
521 1889 769 1950 aternumtldatttr.
786 1895 930 1958 xxvr.Quae
971 1893 1091 1948 visibilia
1107 1914 1113 1948 :
1129 1899 1296 1963 sernpr'ternu
1312 1910 1417 1963 quoque
1431 1897 1489 1962 ejus
1512 1895 1602 1946 uirtus
1617 1898 1642 1946 et
1660 1891 1766 1946 diuini·
1817 1922 1823 1941 .

152 1958 254 2059 rindicta
268 1963 363 2020 divina
375 1968 727 2044 decoelemanifestabitur,
740 1981 806 2049 quia
815 1981 930 2038 ludere·
972 1986 1023 2036 tar.
1037 1983 1176 2038 Subaudis
1191 2000 1241 2054 per
1252 1999 1286 2037 ea
1300 1999 1361 2053 quae
1380 1983 1452 2036 iacta
1467 1986 1533 2035 sunt
1552 1979 1669 2035 visibilia
1684 1996 1767 2034 cons·

151 2053 201 2147 uret
215 2049 348 2109 Dominus
366 2057 400 2111 ad
413 2059 560 2129 Iudicium,
576 2062 722 2135 sicutipse
742 2070 927 2142 perseipsum
969 2070 1112 2141 piciuntur
1127 2072 1267 2138 mente,ab
1278 2072 1332 2125 illis
1342 2071 1570 2142 philosophialis
1578 2075 1609 2124 ut
1619 2072 1676 2123 rint
1686 2071 1767 2124 inea-

147 2134 218 2189 drcit:
228 2141 315 2195 Pilius
325 2144 447 2201 bominis
464 2149 557 2204 veniet
570 2157 601 2205 ut
616 2153 714 2208 reddat
726 2161 876 2227 unicnique
887 2179 927 2215 re·
969 2162 1112 2214 curabiles.
1127 2161 1222 2215 Virtus
1244 2160 1292 2214 Dei
1307 2165 1349 2214 est
1363 2176 1426 2232 quae
1441 2165 1542 2213 cuncta
1556 2163 1652 2215 ereata
1663 2155 1764 2228 guber-

145 2226 256 2280 cundum
270 2245 352 2298 opera
366 2248 417 2288 sira
431 2237 535 2302 errarit.
552 2240 663 2303 arrival
673 2249 748 2297 certe
760 2244 879 2300 vindicta
889 2249 929 2302 di·
969 2253 1019 2301 nat
1034 2265 1040 2301 :
1057 2248 1189 2303 divinitas
1204 2266 1278 2316 vero,
1294 2266 1355 2319 quae
1370 2248 1501 2302 universa
1515 2247 1606 2318 replet
1623 2263 1630 2298 :
1646 2246 1765 2316 ideoque

141 2309 238 2369 viuade
249 2318 318 2372 coelo
329 2323 590 2385 manifestatunlroc
599 2330 682 2383 estde
692 2331 814 2388 Ecclesia
825 2352 875 2406 per
884 2342 928 2392 tu·
967 2336 1042 2390 Deus
1064 2338 1241 2409 omnipotens
1255 2354 1304 2408 per
1320 2336 1448 2391 naturale
1464 2336 1619 2406 ingenium,
1632 2341 1661 2389 et
1674 2351 1724 2406 per
1733 2350 1767 2388 ea

139 2390 204 2454 bau
213 2402 365 2476 Drarrgelii:
377 2411 444 2483 quia
455 2428 489 2466 ea
503 2430 564 2484 que
574 2416 608 2470 de
617 2417 663 2470 die
670 2419 805 2488 judiciiet
816 2423 926 2479 Domini
968 2441 1030 2494 quie
1045 2425 1118 2479 factu
1133 2433 1199 2480 sunt
1214 2426 1425 2491 visibilia,dedit
1435 2425 1608 2496 philosophis
1622 2424 1711 2479 multa
1720 2440 1766 2477 co·

136 2487 251 2587 ⁸*fierem
261 2493 391 2555 diximus.
400 2498 633 2558 ibicontinentur.
647 2507 714 2560 Coeli
723 2510 798 2563 enim
813 2513 925 2569 nomine
966 2529 1102 2583 gnoscere
1116 2514 1151 2567 de
1172 2515 1318 2568 divinitate
1337 2531 1397 2578 sua,
1417 2519 1450 2567 ut
1463 2512 1503 2567 illi
1516 2512 1666 2566 adorantes
1678 2511 1762 2578 idola,

133 2564 872 2662 herleiaoenseturstcutipsaVeritasdicit:sinan
886 2608 924 2656 ert
967 2609 1125 2656 creaturam
1152 2603 1281 2657 videlieet
1307 2619 1357 2674 pro
1385 2602 1527 2664 creatore,
1562 2599 1763 2654 inexcusabiles

133 2672 245 2734 'finum
259 2677 388 2732 culorum
403 2681 491 2736 decern
505 2687 661 2751 uirpr‘nibur
675 2689 781 2744 lllnttlr.
799 2692 872 2756 xxv).
889 2691 923 2748 ln
964 2690 1030 2754 sint,
1048 2697 1076 2744 et
1090 2708 1146 2745 non
1160 2692 1269 2764 possint
1284 2691 1376 2744 dicere
1387 2689 1551 2759 quiaDeum
1562 2688 1759 2759 ignoraverint
1796 2752 1802 2763 ¹

129 2745 291 2853 Apocalypsi
302 2781 414 2836 quoque
428 2769 544 2824 Ioannis
559 2772 656 2827 multis
674 2776 703 2828 in
713 2776 781 2831 locis
795 2779 855 2832 coeli
871 2797 922 2834 no·
964 2778 1060 2833 Virtus
1086 2780 1160 2834 enim
1185 2780 1234 2834 Dei
1256 2795 1317 2850 quae
1332 2778 1505 2848 sempiterna
1519 2782 1570 2841 est,
1587 2782 1616 2830 ει
1629 2775 1762 2833 divinitas

127 2844 206 2938 1¹{ure
220 2850 392 2922 designatur.
407 2856 502 2912 Potest
518 2866 546 2913 et
560 2861 828 2938 absoluteimelligi,
847 2869 921 2938 quod
963 2883 1024 2937 quae
1047 2868 1233 2923 nihilomiuus
1256 2874 1362 2922 aeterna
1385 2872 1437 2933 est,
1451 2865 1760 2937 exconjecturiscrea·

127 2919 228 2991 dicitu
238 2939 273 2994 de
288 2944 359 2996 coelo
374 2947 546 3002 manifestari
561 2949 684 3004 divinam
699 2953 859 3020 vindictam,
870 2958 921 3012 hoc
962 2958 1032 3008 turae
1048 2956 1214 3010 ostenditur.

127 3023 217 3079 etide
227 3027 377 3100 Evangelio
389 3033 424 3086 de
443 3051 499 3105 quo
514 3036 649 3092 Dominus
664 3040 733 3094 dicit
751 3042 867 3098 :Sinn'te
882 3009 953 3100 estC
997 3044 1068 3107 Quia
1082 3060 1145 3098 cum
1163 3045 1357 3114 cognovissent
1371 3044 1460 3098 Deum
1475 3058 1526 3115 per
1538 3042 1667 3098 naturale
1683 3042 1760 3114 iuge·

126 3112 240 3203 {aarum
254 3120 385 3174 cetorum
399 3124 543 3188 sarmento,
562 3129 635 3192 quud
657 3132 761 3183 mulier
778 3134 920 3188 abscondit
961 3131 1039 3185 nium
1056 3130 1578 3206 velperoreaturaminvisibilemnun
1591 3133 1759 3187 rieutDeum

126 3203 270 3266 *asenna
282 3211 353 3263 satir
372 3211 470 3271 tribur.
496 3213 580 3267 donec
597 3214 816 3274 fermentaretur
831 3227 918 3277 toturn
958 3226 1186 3296 plurr'slcurerunt
1200 3228 1249 3277 aut
1258 3225 1366 3292 pretias
1376 3228 1492 3290 eperunt
1501 3241 1510 3286 ,·
1525 3222 1573 3276 sed
1583 3232 1758 3281 evanuerunt

129 3283 230 3349 tauri.
245 3303 318 3361 ιω).
335 3297 524 3366 Revelabitur,
549 3303 651 3374 iuquit,
674 3307 768 3361 diviua
784 3310 916 3378 vindicta,
957 3308 987 3363 in
1002 3311 1217 3382 cogitationibus
1230 3312 1299 3377 suia,
1315 3310 1401 3365 idest
1424 3311 1488 3365 vani
1508 3310 1574 3365 sacti
1595 3317 1691 3365 sunta
1705 3325 1758 3365 aua

126 3384 208 3469 §aper
219 3399 332 3439 omnem
350 3387 524 3458 impietatem
540 3397 569 3445 et
584 3392 761 3463 injustitiam.
783 3398 917 3470 Impietas
958 3399 1094 3471 sapientia
1109 3410 1224 3472 propter
1236 3417 1316 3454 suam
1340 3399 1512 3470 superbiam.
1527 3404 1557 3453 ει
1572 3399 1608 3453 ad
1623 3398 1756 3470 pristinos

126 3465 307 3529 ambustam
332 3475 481 3545 signiensi,
505 3484 536 3534 ut
558 3479 679 3535 habetur
703 3484 732 3537 in
758 3486 913 3543 Zacharia:
957 3488 1102 3542 redierunt
1116 3505 1236 3553 erroreS,
1246 3487 1418 3542 ascribentes
1431 3487 1484 3541 sibi
1500 3486 1756 3543 facultatemaDeo

127 3546 252 3626 Impietas
265 3562 375 3618 sedebit
388 3581 473 3636 super
486 3568 625 3623 talentum
640 3571 757 3641 plumbi.
774 3576 916 3645 lnjustitia
956 3574 1028 3630 datae
1042 3578 1197 3647 sapientie,
1213 3583 1237 3631 et
1252 3579 1429 3630 obscuratum
1450 3581 1488 3629 ert
1511 3590 1557 3628 cor
1573 3591 1669 3629 eorum
1682 3578 1755 3629 insi·

130 3649 174 3698 Gt
184 3663 232 3716 qua
244 3657 344 3706 contra
353 3652 505 3710 Dominum
521 3661 550 3710 et
563 3659 720 3728 proximum
737 3663 799 3732 quis
810 3664 914 3735 injuste
952 3668 1032 3731 pieri-r
1046 3684 1053 3718 :
1068 3666 1158 3721 Deum
1173 3682 1229 3719 uon
1244 3664 1482 3734 glorificaverunt,
1495 3663 1554 3717 sive
1568 3678 1625 3717 nou
1634 3662 1755 3717 honora·

132 3732 278 3802 *nitatem
287 3756 401 3796 scaeua:
414 3742 543 3800 Vindicta
552 3762 637 3817 quam
644 3748 780 3805 Dominus
790 3751 817 3806 in
828 3753 915 3809 Euan·
954 3759 1064 3816 verunt,
1079 3754 1145 3824 quia
1160 3754 1334 3824 majestatem
1343 3753 1420 3806 illius
1433 3767 1489 3806 non
1499 3749 1609 3826 publice
1621 3751 1752 3823 pradica-

133 3820 195 3887 sstlio
206 3829 401 3896 comminetur,
416 3833 492 3889 uenit
504 3851 591 3906 super
604 3853 701 3892 omnes
715 3839 913 3898 idololatraset
952 3849 1062 3906 rerunt,
1086 3859 1177 3913 neque
1202 3842 1358 3896 docuerunt
1381 3840 1461 3895 illum
1477 3840 1567 3895 solum
1582 3856 1644 3895 esse
1657 3839 1751 3897 colen-

136 3919 284 4007 Qtores.
301 3919 436 3990 Sequitur
455 3940 461 3973 ε
482 3939 577 3978 eorum
596 3930 646 3993 qui
658 3929 801 3985 ueritatem
818 3932 866 3985 Dei
881 3936 912 3986 in
953 3929 1032 3999 dum,
1053 3931 1170 4002 abjectis
1192 3931 1283 3985 idolis.
1310 3929 1422 3983 Gratias
1446 3944 1502 3983 nou
1517 3934 1645 4000 egerunt,
1667 3929 1696 3985 id
1708 3935 1752 3985 εει

136 4001 257 4093 ¹'’irutr‘tr'u
270 4009 405 4064 (atinent.
423 4011 547 4082 Simplex
570 4014 681 4079 veritas,
698 4016 773 4071 Deus
788 4019 912 4074 invisibi-
953 4017 1125 4083 laudes,nun
1135 4020 1293 4074 retulerunt
1306 4018 1347 4074 illi
1362 4034 1413 4089 pro
1428 4016 1666 4072 demonstratione
1676 4033 1752 4072 sum·

135 4078 199 4182 luet
209 4092 444 4155 iucommutabilis
453 4103 592 4172 est‚cujus
604 4104 769 4174 religionem
782 4107 811 4160 in
820 4109 910 4179 injus·
952 4107 991 4160 nri
1006 4115 1035 4162 ει
1044 4108 1191 4162 invisibilis
1204 4107 1278 4162 boni.
1303 4107 1358 4160 Cor
1371 4122 1483 4177 quoque
1497 4105 1609 4160 iDorum
1622 4105 1697 4176 quod
1713 4105 1750 4160 il·

136 4174 382 4251 Vllrdetinuerunt,
394 4187 443 4258 qui
455 4190 563 4243 cultum
576 4190 694 4246 soliDeo
704 4194 819 4264 dignum
831 4214 909 4251 crea·
951 4195 1120 4251 luminatum
1136 4202 1178 4250 est
1199 4213 1250 4268 per
1268 4196 1397 4250 naturale.
1413 4194 1557 4265 ingenium
1572 4200 1601 4249 et
1614 4211 1664 4266 per
1681 4210 1749 4265 gra·

135 4261 193 4359 *VD
203 4274 425 4345 corruptibilibus
434 4276 654 4348 impendendum
667 4282 841 4351 judicarunt,
859 4279 1020 4378 vantium
1036 4281 1096 4343 Dei,
1113 4286 1262 4351 postquam
1289 4284 1434 4352 caeperunt
1457 4279 1531 4333 idola
1545 4284 1575 4333 et
1588 4283 1748 4335 creamrem

136 4355 227 4412 nuum
245 4361 295 4417 Dei
315 4363 345 4419 in
367 4365 508 4436 injustitia
524 4367 697 4432 detinebant,
719 4371 767 4440 qui
781 4373 838 4426 reri
858 4374 908 4429 Dei
950 4368 1068 4423 adorare
1083 4385 1133 4440 pro
1149 4369 1290 4432 Creatore,
1303 4367 1483 4422 obscuratum
1499 4372 1543 4422 εει
1548 4383 1600 4441 pro
1614 4367 1748 4439 ignoran-

137 4439 276 4513 rt'irionem
289 4458 376 4523 atque
390 4454 525 4509 bonorem
541 4456 644 4526 iniuste
658 4465 802 4527 creaturae,
820 4478 908 4532 quan·
948 4457 1026 4511 tiam.
1044 4458 1117 4522 Quid
1131 4459 1206 4512 enim
1221 4457 1344 4512 deterius
1351 4455 1529 4511 etobscurius
1535 4472 1621 4528 quam
1633 4472 1747 4528 serpen·

138 4526 218 4590 unio
237 4539 306 4610 ipsis
327 4546 398 4607 eret,
421 4542 625 4609 attribuebant,
648 4546 774 4604 diceutes
795 4550 904 4622 lapidi:
949 4550 990 4600 tes
1004 4563 1054 4618 pro
1064 4563 1129 4600 vero
1139 4548 1196 4601 Deo
1212 4545 1288 4601 colii

139 4605 193 4675 stlat
203 4640 275 4683 meus
283 4645 324 4692 es,
341 4635 371 4685 et
384 4629 460 4702 liguo
477 4632 537 4687 “Iu
552 4650 597 4687 me
610 4635 744 4704 genuisti.
984 4640 1107 4694 Dicenter
1121 4639 1234 4690 enimse
1248 4651 1301 4688 esre
1313 4637 1447 4703 rapientes
1461 4632 1647 4703 asemetipsis
1665 4634 1746 4689 stulti

168 4715 306 4789 tanqum
316 4724 415 4774 notum
427 4725 466 4774 ert
480 4723 529 4776 Ilei
542 4725 723 4791 rnunr'sertum
738 4730 775 4779 est
792 4729 823 4780 in
838 4730 907 4787 illis.
948 4726 1016 4792 sacti
1038 4731 1103 4779 suut
1121 4726 1150 4780 in
1165 4726 1226 4791 hoc,
1240 4741 1303 4781 cum
1318 4724 1354 4780 ab
1369 4724 1425 4777 illis
1439 4738 1495 4777 non
1509 4721 1742 4795 εεεειεερίεειίε,
1842 4736 1845 4740 ’

140 4790 247 4874 lileitinn
258 4814 358 4863 matra
368 4808 549 4881 philosophos
563 4811 646 4866 istius
659 4814 755 4868 saeculi
771 4831 804 4868 ex
820 4816 906 4870 maxi·
948 4829 1008 4868 ase
1031 4815 1099 4887 ipsis
1124 4831 1185 4869 eaur
1207 4831 1237 4868 se
1260 4812 1363 4867 habere
1379 4815 1557 4883 putaverunt.
1575 4809 1655 4874 Quod
1665 4810 1743 4868 enim

139 4896 383 4978 &unctoquitur
396 4899 550 4969 Apostolus
565 4905 594 4954 et
608 4906 651 4955 εει
665 4918 782 4957 εεηευε;
798 4904 904 4959 Idcirco
945 4903 1065 4957 contulit
1087 4904 1142 4957 illis
1165 4903 1260 4957 diviua
1279 4900 1374 4972 matie
1395 4899 1494 4969 gratis,
1515 4897 1632 4954 abstulit
1646 4899 1743 4970 utique

140 4980 425 5058 uudomuipotenus
436 4988 530 5042 veniet
543 5005 630 5060 super
649 4990 793 5061 reprobos,
815 4993 904 5047 maxi·
936 4992 1012 5046 dum
1023 4998 1117 5046 essent
1130 4991 1242 5061 ingrati.

139 5069 209 5137 Qua
218 5088 304 5145 super
315 5074 582 5146 philosophos,quia
593 5078 667 5147 quod
679 5085 778 5133 notum
790 5088 833 5134 εει
841 5097 904 5151 pro·
979 5081 1013 5135 Et
1028 5085 1207 5134 rnutarerunt
1225 5079 1345 5147 plurium
1363 5079 1586 5146 incorruptibilis
1600 5077 1650 5135 uer
1662 5079 1694 5131 in
1706 5080 1743 5133 si·

139 5151 228 5217 reret
242 5168 284 5217 est
297 5179 371 5229 esse,
388 5164 496 5218 acibcet
508 5165 576 5235 quia
590 5165 650 5238 ipae
667 5167 743 5223 solus
757 5169 797 5221 sic
811 5186 901 5229 verua.
944 5170 1134 5224 militudinem
1145 5169 1278 5233 irrrupim'r
1293 5166 1623 5235 corruptibilirlrominis,
1636 5169 1742 5223 etculu-

138 5245 315 5306 'mereator
328 5251 569 5321 omniumrerum,
587 5255 767 5309 manifestum
783 5264 825 5309 εει
835 5257 900 5311 illis.
943 5273 1033 5322 crurn,
1050 5264 1075 5309 et
1090 5255 1311 5323 quadrupedum,
1325 5259 1349 5307 et
1364 5257 1544 5322 serpentium.
1554 5254 1653 5309 Omnis
1666 5271 1743 5310 crea·

136 5318 365 5404 E‘pulchritudine
381 5341 457 5395 enim
475 5341 626 5396 visibilium
647 5359 763 5414 operum
778 5345 900 5415 cognitio
941 5351 1007 5399 tura
1028 5361 1089 5415 qua
1114 5343 1217 5396 mutari
1233 5349 1325 5412 potest
1342 5342 1371 5403 in
1386 5343 1551 5397 meliusaut
1572 5343 1601 5397 lu
1617 5342 1741 5399 deterius

135 5419 209 5486 runa
222 5435 250 5485 et
262 5430 400 5500 majestas
419 5431 544 5487 innotuit
561 5431 745 5503 pbilosophis,
763 5435 828 5504 quia
842 5441 900 5488 tarn
941 5432 1064 5504 corrupti
1070 5433 1131 5485 bilis
1145 5437 1196 5484 est.
1215 5428 1303 5484 Verbi
1316 5431 1409 5501 gratia
1425 5442 1431 5476 τ
1446 5432 1536 5484 llomo
1550 5430 1741 5501 corruptibilis

132 5513 901 5592 thosaeereaturaerpeciosioremhaberentureatorem
942 5529 985 5576 est
998 5521 1064 5591 qnia
1077 5519 1268 5589 corrumpitur
1278 5535 1328 5590 per
1337 5525 1520 5584 senectutem,
1534 5535 1584 5589 per
1591 5516 1739 5571 infirmita.
