3818 6104
130 191 202 257 tiis
368 190 559 250 hamonis
573 193 819 262 anastasin.
836 192 949 257 EPISO·
965 192 1045 255 arr.
1061 191 1153 254 PARS
1167 191 1192 252 1.
1207 218 1241 243 a·
1254 189 1443 249 eumenus.
1458 189 1555 249 Ble.
1677 132 1681 143 Ι
1699 182 1762 248 tue

128 316 345 382 anclanetum
363 318 458 387 habet,
470 323 604 386 torcular,
623 320 799 392 intelligitur,
810 320 865 379 uisi
881 336 929 377 an·
937 321 996 383 Ain
1011 318 1167 375 Dominicis
1178 318 1397 391 promptuariis:
1412 323 1442 375 et
1451 317 1559 373 dicitur
1572 316 1609 371 de
1623 317 1761 388 sanguim,

128 407 362 481 gustialrurnanae
373 408 771 480 tribulationis,inquaorunes
779 411 929 467 mittuntur
970 410 1018 480 qui
1033 409 1176 479 egreditur
1199 408 1234 463 de
1253 407 1398 473 labruscis,
1413 408 1458 461 rel
1481 407 1654 461 hiemalibus
1669 410 1710 470 (ut
1728 408 1764 460 ite

130 495 195 568 boni
208 503 236 555 at
250 498 338 556 malit
351 498 383 555 In
397 498 449 552 huc
461 496 643 558 tribulatione
658 499 747 560 sancti
760 499 931 558 triturantur
971 498 1108 564 dicernus)
1123 498 1252 568 mamis,
1276 498 1311 551 do
1337 496 1464 567 reprobis
1478 496 1598 557 scilicet,
1616 495 1664 565 qui
1689 494 1765 548 simul

129 588 265 656 tanquam
277 591 396 657 segetes,
410 591 442 641 ut
455 603 472 644 a
487 585 574 660 paleis
589 592 757 657 separentur
771 593 800 643 et
813 587 932 645 coelesti-
971 587 1052 646 misti
1065 602 1129 643 cum
1141 587 1201 640 uris
1215 602 1272 641 non
1282 584 1495 656 perveniuntad
1506 585 1712 650 maturitatem,
1723 585 1766 638 sed

130 673 184 735 hus
199 674 308 735 horreis
322 675 693 740 recondantur'lunduntur
710 676 796 733 etiarn
810 676 931 737 calcibus
972 676 1066 747 aliqua
1081 674 1263 731 tribulatione
1276 675 1355 741 tacti,
1370 675 1414 729 rel
1428 673 1637 745 persecutionis
1647 673 1768 745 angustie

130 768 266 839 tauquam
277 780 336 821 ure
346 763 374 825 in
385 765 472 836 prelo,
484 770 516 819 ut
526 780 543 819 a
553 763 667 831 vinaciis
678 764 931 836 expremstcrnis
970 765 1227 836 maredccntinuo
1239 764 1374 819 recedunt
1387 781 1405 817 a
1415 763 1470 818 tide
1483 781 1489 815 :
1506 768 1536 817 et
1546 763 1675 834 perfidiae
1683 778 1769 816 errore

130 852 333 924 promptuariis
345 851 536 924 includantur.
550 852 630 907 Misit
643 869 710 922 ergo
724 853 823 911 iucem
838 859 867 911 et
882 853 931 910 bo·
972 854 1078 919 iniecti,
1093 853 1169 909 iores
1191 853 1381 914 delebunturc
1396 859 1482 924 atque
1498 852 1564 908 ideo
1584 856 1666 906 extra
1679 850 1770 905 aare·

118 944 190 1016 >uos
204 957 274 1018 quos
288 940 481 1009 vindemiavit,
497 942 527 999 in
536 941 641 1011 iacula,
660 943 726 1012 quia
740 943 827 1002 missa
838 946 936 1001 sancta
973 948 1032 1001 tem
1047 944 1149 999 calceri
1162 941 1305 1008 dicuntur,
1321 941 1555 1013 persuadentibus
1568 940 1669 996 eiectis
1678 939 1770 994 intriu-

130 1028 254 1088 Ecclesia
266 1029 463 1108 predicatione
474 1047 532 1096 eos,
546 1047 616 1101 quos
627 1035 768 1092 amnicae
781 1047 877 1087 amore
891 1031 934 1087 vel
974 1046 1054 1090 nous
1065 1032 1129 1087 vino
1143 1032 1209 1086 iudei
1222 1031 1366 1086 debriatis.
1377 1031 1453 1090 't'alis
1471 1028 1527 1084 tuit
1542 1028 1731 1100 Porphyrius,
1749 1034 1773 1082 et

130 1117 251 1189 pristino
261 1135 356 1178 errare
367 1119 631 1194 sepersuamagnis
641 1119 934 1180 tribulationibustra·
974 1122 1057 1178 multi
1066 1121 1175 1192 alii,qui
1191 1119 1431 1193 persecutionibus
1446 1122 1607 1184 cesserunt,
1619 1116 1773 1171 recedentes

131 1205 212 1275 didit,
229 1207 329 1279 quibus
354 1207 526 1266 tribulantur
545 1207 580 1261 ab
599 1206 702 1278 impiis,
716 1213 745 1264 et
769 1208 935 1278 affliguntur
975 1211 1061 1268 atide
1078 1209 1191 1273 Christi,
1210 1214 1240 1263 et
1262 1209 1328 1263 iscti
1350 1207 1471 1279 reprobi.
1492 1207 1528 1261 Et
1551 1207 1621 1278 quie
1633 1206 1687 1260 tali
1700 1205 1774 1259 modo

131 1293 239 1357 disemo
255 1298 349 1355 modo.
362 1297 432 1355 Hinc
448 1297 599 1367 Apostolus
611 1296 681 1354 dicit
696 1314 702 1351 ;
717 1298 779 1354 Non
793 1303 858 1353 sunt
873 1314 935 1352 con·
975 1315 1031 1353 non
1045 1300 1136 1353 sotum
1150 1298 1260 1351 minimi
1274 1297 1387 1368 quique,
1408 1297 1458 1351 sed
1473 1297 1562 1351 etiam
1579 1295 1721 1366 principes
1733 1310 1774 1365 pe·

131 1386 222 1457 ilr'prsu
238 1389 377 1455 passiones
390 1387 474 1453 liuius
488 1386 934 1455 temporisadfuturuncplors'nm
974 1394 1067 1449 raunt,
1099 1393 1174 1441 reete
1202 1385 1343 1454 subditur,
1357 1399 1443 1453 usque
1465 1385 1503 1438 od
1524 1387 1622 1452 frenos
1637 1396 1772 1452 meacm.

134 1473 223 1543 (Rom.
238 1485 309 1546 mun
326 1479 355 1531 ct
368 1473 456 1532 alibi:
477 1474 585 1544 Oportet
605 1490 653 1528 noe
663 1490 715 1542 per
733 1479 836 1531 multos
847 1477 936 1533 iritu-
975 1476 1029 1531 Per
1043 1492 1130 1546 equos
1143 1476 1217 1529 enim
1234 1475 1361 1545 subjecti,
1377 1490 1428 1544 per
1446 1473 1542 1530 frenos
1560 1487 1629 1526 vero
1642 1471 1775 1543 principes

134 1563 250 1620 lotiones
265 1566 384 1620 introire
396 1568 427 1621 in
440 1579 559 1631 rcpnuru
573 1565 630 1622 dci.
654 1563 743 1622 Lucus
757 1563 806 1622 inc
829 1563 879 1620 Dei
895 1562 935 1619 di·
974 1565 1172 1635 intelliguntur
1181 1570 1210 1618 et
1224 1564 1342 1635 prelati,
1359 1563 1407 1633 qui
1420 1562 1491 1618 altos
1506 1560 1774 1632 regeredebuerant,

133 1650 216 1719 citur,
232 1651 428 1724 quiapropter
443 1657 559 1722 peccata
579 1651 727 1712 hominnm
741 1651 802 1709 isia
814 1643 1069 1725 tribula-Bquelis
1086 1654 1141 1708 fuit
1162 1652 1295 1707 Julianus
1318 1657 1447 1722 apostate
1465 1656 1495 1705 et
1520 1650 1692 1721 imperator,
1711 1651 1777 1704 acsi

132 1739 937 1814 donesagunturNisienimprimushomo,inquoomnea
977 1744 1102 1797 diceret:
1118 1743 1210 1797 Tanta
1233 1742 1288 1801 tuit
1311 1741 1427 1798 addictio
1449 1740 1628 1812 temporalis,
1658 1745 1693 1794 ut
1711 1737 1777 1810 ipsos

133 1827 328 1899 peccauerunt,
345 1834 496 1900 peccasset,
513 1845 596 1888 namo
617 1828 763 1889 hominum
791 1828 820 1887 in
845 1829 937 1885 lacum
978 1832 1063 1887 etism
1077 1832 1125 1902 qui
1138 1831 1208 1885 etius
1229 1845 1327 1900 regere
1342 1828 1519 1895 videbantur,
1534 1828 1572 1883 ed
1587 1825 1778 1883 inttdrlite'tem

61 1918 65 1924 '
133 1917 336 1984 mitteretur,id
347 1924 399 1984 ast,
411 1935 494 1976 nemo
502 1919 554 1976 has
561 1916 779 1978 tribulationum
788 1918 938 1989 angustias
979 1920 1382 1992 perduceretsioquesanguis
1391 1932 1483 1987 usque
1492 1917 1529 1971 ad
1538 1917 1638 1971 frenos
1650 1933 1777 1988 equorum

134 2007 295 2065 sustineret.
314 2008 367 2063 Sed
378 2013 528 2089 postquam
539 2007 673 2079 peccavit,
686 2008 793 2076 ejectus
803 2006 838 2063 do
854 2023 938 2077 para·
980 2009 1141 2080 parvenisse
1151 2008 1263 2073 dicitur,
1273 2013 1407 2077 tanquam
1422 2013 1520 2078 aperte
1531 2007 1680 2060 diceretur
1690 2024 1697 2058 ε
1708 2004 1778 2060 atti·

134 2095 205 2162 diso,
221 2097 323 2153 missus
341 2104 384 2151 est
398 2097 428 2151 in
442 2097 534 2161 lacum
556 2094 756 2151 tribulationis.
783 2095 837 2159 Qui
864 2096 940 2150 lacus
981 2099 1036 2152 ctio
1050 2097 1213 2168 temporalis
1227 2098 1368 2150 intantum
1381 2095 1538 2167 praevaluit,
1555 2103 1590 2149 ut
1610 2096 1690 2165 ipsos
1703 2094 1778 2148 mam

135 2201 255 2258 magnus
269 2186 371 2244 dicitur
384 2191 499 2256 propter
515 2184 693 2245 amarissima
715 2186 870 2242 elaemrum
885 2189 941 2239 tor·
982 2188 1030 2258 qui
1054 2186 1148 2258 plebes
1170 2201 1268 2256 regere
1292 2184 1468 2246 ridebantur,
1494 2199 1598 2238 eruore
1611 2182 1779 2237 infidelitatis

135 2273 555 2346 mentc,quihusaiitigunturin
565 2273 695 2343 prasenti
704 2273 768 2332 rita.
781 2274 849 2337 Qua
859 2273 936 2340 euim
976 2276 1140 2332 inacularet.
1149 2276 1300 2335 Pcrrtodie
1314 2277 1391 2333 mitte
1401 2272 1681 2328 remeatustedium
1693 2271 1779 2326 Greoe

135 2361 752 2435 majorpressnraangustiaeattributationis
762 2367 935 2431 essepotest,
977 2370 1167 2421 estmcnsura
1186 2362 1293 2419 Latine
1322 2364 1403 2417 Item.
1420 2363 1455 2416 Et
1469 2360 1735 2425 diciturastando,
1752 2374 1780 2413 eo

137 2468 222 2525 quara
232 2452 397 2523 crucifigere
407 2451 560 2516 hominem.
569 2456 601 2508 ut
612 2450 714 2510 Petrus
725 2456 768 2505 ost
779 2451 938 2507 crucifixus?
980 2455 1053 2526 quod
1067 2452 1106 2507 ibi
1122 2453 1256 2507 Hercules
1268 2468 1324 2507 uno
1335 2451 1461 2505 anhelitu
1481 2455 1602 2505 currens
1617 2455 1733 2503 sennim
1744 2446 1780 2501 ri·

136 2541 265 2610 ustulari,
281 2547 313 2599 ut
326 2541 514 2600 marentius?
527 2540 665 2611 affligunt
679 2555 745 2609 ergo
760 2540 857 2609 injusti
870 2545 939 2596 tem·
978 2542 1050 2614 giuti
1064 2541 1189 2613 quinque
1199 2556 1308 2612 passus,
1329 2540 1449 2594 emerit.
1466 2540 1529 2603 Qus
1549 2552 1689 2594 mensura
1702 2536 1781 2591 Greci

136 2630 271 2703 puraliter
284 2631 387 2703 justos,
414 2635 446 2689 ut
469 2630 527 2688 sint
550 2629 651 2701 quibus
675 2630 750 2688 Deus
777 2628 936 2685 misericors
977 2631 1167 2689 metiebantur
1180 2632 1240 2685 loca
1252 2630 1281 2683 in
1296 2629 1398 2700 quibus
1412 2624 1686 2688 ludosexeroebent,
1698 2625 1782 2696 ibique

136 2725 236 2790 postea
250 2720 279 2781 in
294 2725 431 2779 aeternum
446 2735 560 2791 parcere
575 2717 672 2790 possit.
981 2720 1110 2775 indentes
1124 2719 1273 2791 spatiando
1288 2723 1318 2772 et
1330 2718 1438 2772 ludicra
1463 2716 1634 2780 exercendo,
1655 2713 1783 2769 deambu-

172 2810 207 2868 Et
221 2811 341 2868 calcatas
356 2815 393 2868 ru
408 2811 482 2866 lacus
497 2814 574 2865 cotra
589 2811 739 2866 ciuitatem.
759 2805 815 2863 Par
825 2807 854 2862 id
867 2806 941 2876 quod
982 2810 1088 2865 labana
1103 2811 1136 2864 in
1151 2808 1228 2862 mitia
1240 2808 1336 2878 itaque
1346 2804 1705 2871 serantisstediisemnis
1718 2818 1785 2858 sum·

138 2897 272 2962 continet,
287 2897 358 2954 illud
370 2897 562 2968 intelligemus
576 2896 650 2967 quod
666 2895 837 2961 continetur,
856 2894 943 2952 idest
983 2914 1029 2952 ma
1048 2897 1232 2969 reproborum
1251 2895 1508 2967 comprehenditur,
1531 2911 1595 2966 que
1622 2894 1654 2948 iu
1672 2897 1787 2965 quatuor

139 2976 191 3057 per
209 2988 314 3054 lacurn,
329 3003 377 3041 ses
391 2987 481 3057 quiin
495 2986 643 3045 laeusunt.
658 2984 1082 3060 Ciuitaseutemiata,0niundi
1108 2986 1234 3057 partibus
1250 2985 1387 3051 consistit,
1408 2989 1524 3056 propter
1549 2988 1678 3054 quatuor
1696 2981 1786 3036 mundi

139 3080 218 3135 extra
230 3093 315 3149 quem
325 3076 434 3134 calcatii
449 3081 525 3141 sunt,
537 3074 661 3133 Ecclesia
672 3079 723 3131 est.
751 3073 780 3130 Si
794 3074 890 3143 itaque
903 3076 946 3139 (ut
985 3077 1070 3147 hujus
1080 3075 1408 3147 plagas-Quaterquippe
1420 3070 1627 3144 quadringenti
1636 3070 1787 3125 dunimiite

139 3164 331 3234 supradictum
355 3169 409 3233 est)
424 3165 452 3218 in
468 3164 530 3219 lacu
547 3163 763 3234 tribunusque
777 3169 806 3223 et
830 3163 895 3221 boni
917 3167 946 3218 at
985 3164 1161 3221 acirentila
1176 3163 1336 3218 centenario
1348 3176 1466 3216 numero
1480 3177 1558 3233 saepe
1577 3167 1694 3215 sumnia
1707 3160 1787 3214 adee-

140 3252 208 3305 meli
222 3252 403 3316 tribulantur,
425 3251 602 3320 intelligitur,
619 3251 686 3321 quid
706 3258 748 3313 est
770 3251 843 3321 quod
861 3251 944 3309 modo
982 3256 1030 3327 jus
1044 3254 1085 3308 rei
1094 3253 1271 3323 intelligitur.
1285 3251 1490 3315 Quatemerius
1503 3255 1604 3304 eutem
1620 3250 1742 3321 pertinet
1754 3247 1785 3303 ed

141 3339 242 3402 calcati
266 3346 334 3397 sunt
351 3344 429 3398 extra
444 3339 609 3402 civitatem?
628 3339 652 3393 si
677 3340 751 3399 euin
771 3341 831 3410 ipsa
847 3340 944 3398 civitas
986 3347 1107 3413 quatuor
1121 3339 1219 3398 mundi
1237 3339 1361 3401 climata,
1376 3338 1495 3408 ideoque
1509 3337 1541 3392 in
1558 3337 1641 3392 mille
1655 3337 1785 3392 aexeeutis

141 3427 276 3492 calcetur,
291 3426 431 3500 quomodo
452 3432 530 3488 extra
545 3426 686 3483 ciuitatem
706 3427 872 3487 calcantur?
890 3428 945 3484 Sed
986 3444 1083 3486 omnes
1098 3429 1283 3500 designantur
1293 3427 1415 3498 reprobi,
1429 3429 1478 3497 qui
1491 3442 1544 3498 per
1558 3433 1687 3498 quatuor
1698 3424 1786 3481 mundi

143 3515 288 3575 sciendum
304 3516 427 3586 estquis
436 3515 483 3572 hic
498 3531 515 3570 a
528 3531 633 3585 genere
647 3515 723 3571 redit
731 3516 768 3576 ad
778 3515 909 3586 speciem,
917 3519 946 3570 et
986 3520 1068 3575 istius
1080 3528 1174 3591 partes
1184 3534 1235 3589 per
1242 3517 1417 3588 voluptatum
1428 3514 1552 3570 ludibria
1563 3520 1696 3582 currunt,
1707 3520 1734 3569 et
1743 3527 1788 3586 per

142 3604 269 3682 loquitur
295 3604 471 3661 solummodo
496 3621 530 3661 ex
558 3621 679 3676 persona
701 3604 945 3675 reprobaremus
986 3609 1138 3680 spatiosam
1150 3605 1374 3669 viamincedunt,
1390 3619 1452 3675 quse
1466 3605 1546 3659 duoit
1560 3605 1598 3659 ad
1614 3606 1784 3668 mortemat-

143 3693 245 3765 quibus
255 3695 285 3754 iu
297 3693 480 3766 sequentibus
489 3694 572 3765 plura
584 3693 773 3753 eritdieturus
787 3713 792 3747 :
805 3694 880 3764 quod
891 3700 946 3749 sta·
987 3714 1041 3770 que
1054 3697 1118 3752 ideo
1135 3695 1268 3750 vocabulo
1283 3708 1381 3749 eorum
1403 3709 1516 3751 summa
1533 3693 1785 3765 comprehenditur.

142 3782 195 3838 tim
210 3784 416 3849 manifestatur,
431 3800 495 3839 cum
510 3783 640 3839 subditur
656 3801 663 3840 :
680 3785 713 3838 iii
728 3786 811 3841 cciou
832 3788 948 3851 ronpus'r
989 3786 1044 3842 Sed
1054 3786 1129 3857 quod
1144 3786 1250 3840 dictum
1264 3789 1308 3838 est
1326 3782 1362 3839 de
1374 3785 1465 3857 primo
1479 3784 1617 3848 adventu,
1640 3785 1731 3853 potest
1745 3795 1787 3834 re-

144 3872 176 3926 dc
187 3875 250 3927 lucu
261 3876 388 3945 usquead
396 3875 489 3943 [renos
500 3888 647 3940 equorum.
661 3872 758 3929 Sancti
768 3873 843 3930 enim
859 3873 947 3944 pressi
988 3876 1055 3932 ferri
1069 3881 1097 3928 et
1110 3875 1146 3928 ad
1155 3873 1320 3928 seeundum.
1332 3874 1473 3929 iudicium
1484 3872 1591 3942 quippe
1602 3871 1730 3925 itstnrum
1743 3883 1788 3940 per

144 3962 946 4033 nonsanguinemdesereddunt,sedpurissimurnvinum,
988 3949 1788 4035 angelosexercendumnuilusignoratquiattenditquod

146 4050 947 4123 quodinDorninicisapothecisreconditur.Reprobivero,
989 4053 1128 4108 Dominus
1136 4053 1204 4111 dicit
1212 4052 1246 4107 de
1256 4057 1384 4122 ternpore
1397 4050 1504 4114 messis,
1515 4050 1560 4103 vel
1566 4049 1604 4104 de
1612 4048 1787 4104 messoribus.

147 4144 214 4214 quia
229 4142 397 4199 videbantur
411 4143 487 4201 intra
501 4142 652 4198 Ecclesiam
665 4158 736 4205 esse,
746 4148 774 4197 et
785 4157 840 4196 non
856 4148 946 4208 erant,
989 4143 1037 4197 Ait
1044 4142 1121 4196 enim
1140 4160 1146 4196 =
1167 4141 1266 4196 Massia
1280 4138 1392 4211 quidem
1406 4139 1618 4196 consummatio
1634 4143 1678 4193 est
1691 4136 1787 4202 saecull,

148 4231 227 4290 missi
236 4232 265 4285 in
274 4233 375 4297 lacum,
387 4231 553 4301 sanguinein
563 4229 818 4298 reddideruntmoe
827 4230 950 4296 eatinis-
961 4248 1128 4325 nmessores
1141 4236 1237 4284 autem
1249 4229 1343 4299 angeli
1358 4234 1432 4282 sunt.
1450 4227 1592 4282 Parabola
1607 4244 1720 4300 quoque
1729 4228 1790 4281 sira·

148 4319 301 4377 delitatem.
313 4320 432 4390 Sanguis
442 4321 517 4373 anim
528 4321 638 4373 diverso
649 4318 731 4380 modo
741 4319 910 4390 intelligitur
918 4322 949 4375 in
990 4320 1101 4375 nicrum
1121 4319 1186 4373 huic
1201 4319 1261 4372 loco
1271 4317 1411 4387 congruit,
1425 4332 1476 4370 nec
1498 4332 1556 4371 non
1574 4316 1659 4382 iliud,
1678 4316 1742 4387 quia
1755 4314 1790 4368 si·

149 4407 950 4478 sacroeloquio:aliquandosignifieatpropagntionemhu·
990 4409 1056 4463 mile
1070 4415 1113 4463 est
1126 4422 1243 4477 regnum
1271 4405 1406 4461 eoelorum
1427 4414 1539 4475 sagene
1564 4405 1660 4460 missae
1675 4403 1787 4468 inmari,

150 4497 452 4566 manesobolisutibi:
464 4499 598 4565 Quotquot
606 4496 782 4553 erediderunt
792 4499 824 4555 in
832 4499 951 4563 carrada
991 4498 1115 4552 omnium
1121 4512 1226 4568 genera
1237 4495 1355 4566 piscium
1364 4494 1559 4566 congreganti,
1576 4494 1614 4548 de
1631 4508 1689 4566 qua
1703 4494 1788 4562 elege-

150 4592 191 4654 dit
205 4594 243 4647 eis
255 4593 415 4660 potestatem
427 4589 499 4655 lilios
509 4585 689 4651 licificrioui
698 4599 755 4641 aen
764 4589 950 4652 crscupnini·
990 4594 1058 4641 runt
1067 4587 1154 4640 bonos
1170 4585 1199 4639 in
1213 4601 1289 4651 rasa,
1299 4585 1369 4639 nulli
1378 4583 1495 4638 dubium
1511 4584 1581 4654 quin
1593 4572 1700 4655 angeli,
1712 4579 1790 4636 malos

151 4683 209 4748 bur,
219 4682 264 4736 scd
273 4697 305 4735 cc
315 4681 369 4738 uec
379 4681 441 4739 nati
450 4679 515 4737 sunt
524 4676 618 4746 (loon.
628 4672 659 4742 1)-
673 4672 831 4742 aliquando
841 4674 949 4730 adulte·
990 4683 1083 4731 autem
1095 4676 1170 4729 toras
1178 4673 1381 4727 miseruntSed
1389 4673 1463 4744 quod
1471 4671 1512 4726 itti
1520 4672 1626 4726 iaotmi
1634 4677 1702 4726 sunt
1708 4669 1788 4726 offitio

151 4763 947 4839 riumethomicidium,utihi,tt'lrerorncasnnpninitus,
989 4761 1789 4830 ministeriorum,hoeestChristusetileolesiatecientpo

152 4861 222 4915 Deus
232 4863 302 4917 deur
312 4874 388 4915 meur
401 4859 453 4925 (Pa.
463 4860 500 4923 ι).
512 4849 671 4922 aliquando
683 4849 768 4908 etium
775 4858 890 4921 paccata
899 4871 950 4909 cuv
989 4861 1102 4910 testate.
1119 4853 1235 4907 Dicetur
1250 4868 1318 4922 ergo
1329 4853 1363 4906 de
1379 4849 1542 4921 angein,qui
1557 4850 1684 4904 habebat
1699 4848 1786 4903 taioeru

153 4952 224 5017 tere,
239 4954 272 5003 ut
285 4954 328 5003 est
340 4946 410 5007 illud
426 4965 432 5000 z
457 4945 579 5012 Sunpuis
593 4942 759 5007 senonicam
774 4944 862 5010 tctiprl
877 4944 949 5012 (Ore.
992 4943 1143 4997 acutamiu
1159 4957 1245 4996 manu
1255 4957 1317 5006 sua,
1329 4941 1357 4994 id
1367 4946 1420 5003 est,
1429 4931 1786 5010 judiciariempotestatem.

153 5038 200 5103 ir).
215 5035 334 5105 Sanguis
348 5035 514 5105 sanguinem
529 5030 631 5102 tangit,
648 5045 711 5083 cum
726 5038 839 5100 peccato
854 5049 953 5102 pecea-
992 5034 1059 5087 Falx
1073 5032 1148 5086 enim
1170 5031 1309 5102 quidquid
1323 5030 1429 5095 incidit,
1443 5029 1519 5084 intra
1543 5045 1573 5082 se
1602 5025 1789 5101 colligitque

153 5129 214 5178 tum
231 5123 370 5192 adjicitur.
385 5123 543 5195 Aliquando
557 5119 764 5184 infidelitatem,
777 5127 808 5176 ut
819 5121 872 5186 iric,
885 5127 914 5174 et
924 5121 952 5175 in
994 5121 1122 5175 videlieet
1137 5136 1254 5176 eramen
1268 5118 1355 5174 divini
1367 5117 1464 5189 judicii
1475 5118 1571 5172 nullus
1582 5118 1659 5173 salet
1672 5117 1785 5172 eradere

153 5212 409 5280 Euodu,eurnaquae
417 5213 447 5265 in
458 5212 624 5282 sanguinem
635 5225 773 5266 conversae
781 5209 951 5267 referuntur.
992 5209 1073 5265 intra
1083 5211 1173 5280 ipsam
1189 5198 1291 5280 quippe
1306 5215 1414 5266 sumus,
1424 5222 1593 5278 quocunque
1607 5207 1704 5277 fugere
1717 5217 1788 5259 cone·

154 5303 248 5360 aaron
263 5316 329 5378 ergo
344 5303 458 5365 cornuis
468 5304 499 5356 dc
514 5305 586 5364 lucu,
595 5298 623 5352 id
637 5303 679 5355 est
691 5303 836 5366 peecatum
852 5299 952 5354 iniide-
993 5317 1070 5357 mur.
1089 5299 1173 5358 ilecto
1184 5314 1249 5368 ergo
1262 5297 1348 5367 judex
1362 5301 1497 5351 venturus
1512 5296 1614 5350 isicem
1629 5281 1724 5349 tenere
1738 5305 1788 5363 per

155 5391 244 5453 utatis
268 5391 304 5450 da
322 5403 455 5459 pressura
469 5390 667 5446 tribulationis.
693 5395 813 5449 Tueatur
827 5391 902 5445 enim
916 5392 951 5455 de
992 5388 1185 5459 hibetur,quia
1195 5402 1257 5440 eum
1272 5386 1462 5454 potentialiter
1472 5385 1507 5439 ed
1518 5386 1617 5440 omnia
1631 5378 1788 5448 obsistati-

154 5482 308 5555 vins,quod
323 5479 468 5551 egreditur
479 5479 514 5536 da
536 5478 617 5534 bonis
631 5482 781 5554 uvis,quod
790 5480 953 5536 reconditur
994 5494 1048 5551 que
1060 5482 1163 5533 cuneta
1176 5475 1326 5535 lnddondo
1340 5473 1507 5531 circumdet.
1531 5473 1613 5531 Unde
1627 5472 1787 5530 Rumam
