3818 6104
438 279 631 339 aneosrtto
646 283 687 338 IN
698 281 962 340 neocalarsm.
982 312 1015 325 -
1030 281 1102 347 ΗΒ.
1116 279 1157 339 11.
1537 278 1608 340 loos

109 408 345 464 ioutruoodtttum
350 407 424 461 omit
431 407 505 460 mibi
512 409 601 470 Pater,
609 410 648 462 sic
654 408 769 475 sactum,
779 409 1063 478 Aconsersationem,
1076 415 1105 466 et
1116 411 1156 466 sic
1165 410 1202 465 ad
1212 414 1346 466 aeternam
1357 406 1610 479 perrenitbealitu-

109 495 773 567 amattheus.xrvt.VoluntatemitaquePatris
813 495 1609 572 dinem,nunquidergorequaleseruntinsuturo,quinon

109 585 235 658 ‚quando
244 584 535 656 pronobisadmortis
543 584 702 654 passionem
711 600 773 655 per·
812 585 1610 660 equaliterviceruntinpraesenti?Nonuuquequiestetto

109 690 159 730 ena
177 673 281 728 dicitur
293 673 451 727 communis
465 673 590 739 resectio,
607 671 673 743 quia
691 673 772 725 κρίνον
814 676 1612 742 cstetlodtffertinctorttote,stcctresurrectiomortuorum

109 762 192 819 icitur
212 777 369 816 commune.
391 760 463 815 ltem
481 766 575 815 coenat
591 761 688 831 itaque
709 776 773 814 cum
816 760 840 829 (l
854 762 914 816 Gor.
930 768 986 832 xv).
1002 765 1205 829 Verumtamen
1222 765 1366 820 sciendum
1381 768 1433 829 est,
1452 762 1519 834 quia
1537 763 1613 833 quod

109 857 215 925 tcaput,
225 856 253 906 et
264 848 392 905 membra
400 867 465 905 cum
475 850 577 921 capite,
588 850 655 921 quia
664 848 776 904 etUhri·
815 849 939 905 illitales
953 856 983 907 et
995 854 1156 909 caterinen
1168 854 1313 909 habebunt
1326 853 1357 907 in
1370 869 1410 918 se,
1424 850 1568 906 habebunt
1582 852 1613 907 ia

109 946 224 997 tuusest
235 957 286 1012 pro
294 939 400 1005 electis,
411 943 439 993 et
450 939 531 993 electi
544 938 776 993 moriunturcum
817 939 939 1008 praelatis
952 940 1020 996 suis.
1032 942 1086 1007 Qui
1099 959 1166 1013 ergo
1180 959 1231 1014 per
1244 959 1274 997 ae
1284 958 1341 997 uon
1351 939 1529 1012 judicabunt,
1538 940 1614 1011 judi·

109 1037 129 1087 it
139 1030 193 1102 ipsi
208 1029 357 1101 perficiant
376 1028 549 1083 voluntatem
564 1028 666 1082 Patris,
684 1025 777 1081 Pascit
816 1024 922 1080 oabunt
942 1027 1040 1099 ntique
1061 1046 1112 1100 per
1138 1045 1203 1084 suos
1226 1029 1400 1101 prepositos.
1424 1029 1516 1085 Tanta
1537 1026 1614 1083 enim

109 1125 183 1185 istus,
196 1119 262 1189 quia
273 1117 417 1172 illuminat
430 1133 482 1171 nos
493 1117 548 1171 lide
560 1132 622 1170 sua.
633 1115 777 1170 Pascimus
817 1114 872 1168 erit
882 1114 912 1168 in
924 1114 980 1169 illis
1001 1116 1133 1184 charitas,
1160 1123 1192 1172 ut
1206 1118 1280 1188 quod
1292 1116 1410 1188 quisque
1419 1116 1520 1172 uiderit
1534 1115 1563 1171 in
1574 1117 1614 1170 al-

109 1207 205 1264 cissim
217 1207 372 1270 Christum,
384 1205 452 1277 quia
461 1205 638 1260 laetificamus
650 1220 715 1258 eum
726 1219 777 1258 uos
818 1208 890 1266 tero,
901 1219 985 1258 suum
993 1204 1119 1276 deputet.
1132 1205 1253 1276 Ideoque
1260 1205 1335 1276 quod
1345 1221 1401 1259 non
1410 1203 1524 1260 habebit
1532 1206 1562 1260 in
1572 1222 1612 1274 se,

109 1294 512 1368 iaetopere.Dicaturitoque
524 1312 531 1347 z
543 1293 778 1362 Sipuiroudierit
818 1289 933 1346 habebit
945 1293 977 1347 in
996 1293 1096 1360 altero,
1111 1294 1208 1365 sicque
1228 1310 1326 1349 omnes
1346 1294 1427 1348 electi
1445 1299 1615 1365 potestatem

109 1403 184 1453 eom,
195 1390 220 1439 et
233 1387 374 1453 operuerit
388 1384 460 1437 mihi
468 1385 602 1452 januam,
614 1382 725 1435 intrabo
740 1380 777 1433 od
817 1378 962 1436 habebunt
973 1381 1004 1437 in
1019 1382 1153 1455 praelatis,
1162 1383 1236 1437 sicut
1250 1382 1336 1436 etiam
1350 1380 1436 1436 habet
1447 1387 1616 1453 potestatem

118 1476 226 1530 canobo
240 1475 380 1540 ououipso,
393 1476 417 1525 et
428 1474 609 1540 ipsemecum,
621 1486 654 1525 ac
667 1469 692 1523 si
705 1468 778 1523 dice·
818 1472 909 1523 toturn
924 1486 1027 1542 corpus
1038 1471 1161 1525 hominis
1174 1471 1252 1542 loqui
1266 1487 1317 1541 per
1326 1486 1367 1531 os,
1381 1470 1474 1525 videre
1489 1487 1540 1541 per
1554 1487 1618 1527 ocu·

109 1563 144 1628 tui
153 1562 296 1634 operando
306 1560 464 1614 etamando
473 1575 618 1615 sermones
627 1557 776 1613 meosfue-
818 1555 871 1623 los,
886 1557 986 1613 audire
1007 1575 1059 1630 per
1080 1575 1174 1627 aures,
1200 1560 1311 1614 odorari
1330 1576 1382 1630 per
1399 1576 1492 1626 nares,
1508 1558 1621 1632 operari

109 1656 193 1715 nitus,
210 1655 238 1704 et
251 1650 288 1703 ad
306 1648 516 1719 percipiendam
533 1663 603 1702 meae
624 1644 778 1701 divinitatis
819 1661 871 1715 per
892 1662 1002 1715 manus,
1026 1663 1090 1702 oum
1108 1648 1221 1719 singula
1240 1648 1369 1703 membra
1387 1646 1510 1703 habeant
1527 1649 1620 1703 olllcia

109 1732 162 1795 rem
184 1738 328 1803 dilatatus,
345 1737 421 1791 hunc
434 1752 485 1807 per
498 1737 639 1790 internam
660 1734 782 1805 gratiam
792 1724 884 1800 Baua,
897 1734 964 1806 quia
977 1737 1051 1807 quod
1061 1737 1283 1809 unumquodque
1297 1736 1455 1791 membrum
1466 1736 1621 1792 nonhabet

109 1867 114 1894 ‚
133 1825 275 1882 irradiabo
288 1830 317 1879 et
335 1823 451 1879 coeuabo
465 1840 530 1879 cum
543 1824 601 1889 illo,
617 1828 647 1879 et
660 1823 708 1877 ille
722 1837 783 1877 me·
823 1821 853 1876 in
867 1838 906 1889 se,
922 1823 1007 1881 habet
1028 1825 1058 1880 in
1078 1827 1177 1882 altero.
1194 1826 1249 1880 Sed
1267 1831 1300 1881 nt
1313 1826 1349 1880 ad
1364 1826 1437 1880 hanc
1453 1826 1621 1896 dignitatem

109 1915 143 1971 lia
165 1915 195 1969 in
218 1913 344 1968 faciendo
363 1914 538 1968 voluntatem
560 1912 665 1974 Patris,
682 1915 711 1966 et
732 1926 784 1981 ego
824 1912 969 1983 perveniat
983 1913 1116 1980 Ecclesia,
1132 1914 1163 1968 in
1185 1914 1239 1968 hac
1262 1913 1375 1969 iuterim
1396 1913 1623 1985 peregrinatione

109 2004 197 2075 tuipse
221 2003 291 2057 meis
305 2001 547 2074 compassionibus
568 2005 784 2072 oouoorpoffllus
825 2009 975 2065 humiliata
991 2011 1090 2081 gemit,
1111 2027 1162 2066 uec
1180 2012 1282 2082 quaerit
1300 2012 1475 2067 celsitudinis
1499 2012 1624 2081 culmen,

117 2092 312 2149 delectabitur.
822 2096 871 2153 ubi
889 2103 950 2154 tota
968 2099 1026 2154 rita
1044 2105 1206 2155 sanctorum
1226 2099 1431 2155 humiliationis
1444 2101 1554 2156 obtinet
1572 2116 1624 2155 no·

109 2185 193 2246 iocrit,
204 2182 310 2249 somam
324 2184 408 2235 ittam
421 2182 511 2236 sedero
521 2199 627 2237 tamum
642 2187 674 2238 tn
685 2185 783 2238 throno
823 2203 898 2242 oneri.

109 2269 144 2324 ιὶιι
161 2268 281 2323 thronus
299 2275 342 2323 est
360 2269 441 2323 sedes
452 2269 566 2340 judicis.
582 2271 637 2325 Per
650 2271 784 2325 thronum
864 2276 916 2344 Qui
930 2277 1008 2331 hobel
1017 2292 1127 2341 ctorem,
1137 2276 1167 2330 id
1179 2281 1223 2331 est
1235 2277 1451 2348 intelligentiam
1462 2278 1564 2343 cordis,
1575 2294 1630 2333 aa·

109 2358 134 2413 ia
149 2357 312 2427 designatur
327 2363 462 2429 potestas,
476 2358 506 2411 in
521 2374 577 2428 qua
590 2359 700 2414 venturi
721 2363 786 2413 sunt
827 2365 897 2429 diat,
910 2363 940 2418 id
953 2370 996 2420 est
1010 2365 1151 2435 intelligat
1164 2367 1233 2434 quid
1248 2365 1371 2434 Spiritus
1391 2368 1465 2420 dicct
1484 2368 1623 2424 Ecclesiis.

109 2446 279 2518 diudicium
294 2463 358 2500 cum
375 2447 466 2517 capito
488 2463 556 2514 suo:
572 2447 765 2518 dicaturergo
781 2464 787 2500 ε
831 2453 986 2524 Hicaperte
994 2453 1332 2525 monstratur,quiaquod
1342 2456 1494 2527 unicuique
1504 2454 1632 2511 Ecclesiae

109 2534 155 2591 ait
169 2540 346 2588 tentamento
356 2533 494 2589 diabolico
506 2540 535 2589 et
546 2535 686 2591 desideria
698 2536 790 2590 carnis
831 2541 937 2597 dictum
952 2547 1004 2605 est,
1020 2543 1150 2597 omnibus
1166 2542 1296 2597 Ecclesiis
1304 2543 1476 2613 generaliter
1490 2544 1621 2599 convenit

109 2622 175 2679 uam
189 2623 269 2677 illum
286 2623 385 2678 sedere
400 2624 430 2677 in
444 2624 547 2678 throno
560 2640 633 2691 meo,
650 2624 678 2679 id
689 2630 741 2692 est,
751 2625 792 2678 fu·
832 2630 994 2685 Notandum
1009 2636 1103 2685 autem
1119 2631 1193 2702 quod
1216 2647 1272 2686 non
1296 2632 1364 2685 dicit
1383 2631 1510 2702 angelus,
1532 2619 1644 2687 audiat'

109 2729 157 2768 um
174 2728 294 2783 regnare
313 2717 342 2766 et
359 2711 389 2766 in
401 2711 507 2782 judicio
519 2712 656 2783 judicare·
672 2712 751 2768 Sicut
765 2717 791 2766 ti
831 2720 898 2791 quid
912 2721 1001 2775 Filius
1021 2721 1096 2775 dicat
1110 2721 1243 2785 ecclesiis,
1258 2737 1321 2777 curn
1337 2721 1497 2792 specialiter
1513 2721 1544 2775 in
1569 2737 1632 2792 per·

118 2801 271 2865 diabolum,
288 2805 313 2854 ct
326 2801 385 2854 sedi
394 2817 458 2855 oum
473 2804 553 2855 Patre
570 2818 628 2857 nico
641 2805 674 2856 in
692 2802 791 2855 throno
831 2823 901 2863 sona
914 2807 991 2863 illius
1006 2808 1146 2880 apparuit,
1156 2809 1204 2864 sed
1219 2809 1287 2880 quid
1301 2809 1417 2881 spiritus
1430 2809 1515 2864 dicat.
1529 2810 1561 2865 In
1574 2826 1630 2882 quo

110 2890 149 2945 cii
172 2891 232 2960 ipse
257 2889 410 2955 di³b⁰lu¹¹h
434 2889 502 2960 quia
522 2890 595 2944 Sicut
617 2890 738 2960 legimus
760 2889 791 2942 in
831 2897 946 2951 nomine
964 2895 1076 2952 trinitas
1090 2904 1151 2952 tota
1164 2897 1343 2969 intelligitur,
1357 2899 1424 2969 quia
1437 2915 1557 2971 quorum
1572 2915 1631 2954 una

109 2979 151 3046 ΠΟ,
163 2977 281 3032 lentavit
290 2994 354 3031 eum
366 2977 456 3032 itibus
466 2978 567 3043 modis,
577 2979 626 3032 sed
641 2989 790 3048 Bupeffltffl
832 2993 875 3041 est
883 2985 1049 3045 substantia.
1058 3002 1116 3040 una
1125 2987 1261 3057 operatio,
1270 3003 1328 3041 una
1337 2990 1366 3042 et
1375 2987 1479 3042 locutio
1488 2994 1541 3043 est.
1549 2988 1630 3052 Quod

109 3068 151 3123 llo.
162 3066 243 3123 Unde
255 3073 279 3121 et
289 3070 382 3135 carpeti
393 3067 753 3121 mordentesmtntstrobont
763 3068 819 3138 cic
831 3075 897 3129 enin
911 3074 1025 3129 nomine
1038 3073 1154 3145 spiritus
1174 3080 1235 3130 tota
1249 3075 1423 3146 signifipetur
1433 3077 1556 3144 trinitas,
1572 3078 1629 3134 ρο.

110 3154 788 3227 1v).VicitJndaeos,quieummortitradiderunt,
830 3163 924 3219 minus
937 3163 968 3217 in
978 3162 1129 3233 Evangelio
1139 3164 1310 3230 manifestat,
1327 3165 1440 3220 dicens:
1457 3169 1583 3235 Spiritus
1592 3172 1630 3222 est

120 3251 185 3317 post
208 3250 264 3298 tres
283 3244 344 3298 dies
366 3244 475 3298 devicta
489 3249 578 3298 morie
593 3243 746 3298 resumit
760 3243 790 3297 in
830 3254 910 3315 Deus,
925 3257 951 3306 ct
964 3268 1006 3307 eos
1020 3255 1070 3320 qut
1083 3253 1203 3306 odorant
1217 3268 1291 3318 eum,
1307 3256 1338 3306 tn
1359 3256 1463 3322 spiritu
1477 3260 1503 3309 et
1516 3258 1631 3310 ueritate

109 3351 130 3388 n
141 3334 275 3389 victurus-
288 3333 374 3387 Sedet
383 3337 412 3386 ei
426 3332 568 3385 issiht0110
583 3332 683 3399 Patris,
696 3332 725 3386 id
736 3336 788 3397 esi,
831 3346 934 3410 oportet
947 3342 1066 3395 adorere
1080 3342 1171 3410 (toan¹
1188 3341 1237 3410 u).
1254 3341 1412 3413 Aliquando
1435 3350 1530 3399 autem
1543 3344 1631 3399 Filius

109 3423 140 3477 lis
146 3423 188 3477 illi
198 3428 226 3477 et
235 3426 390 3476 coeternus
398 3425 495 3474 monet
503 3420 532 3474 in
543 3420 641 3474 eudem
652 3420 788 3491 polentia-
830 3430 883 3484 Dei
893 3429 1017 3500 loquitur
1026 3429 1061 3483 de
1072 3445 1123 3484 sua
1134 3429 1281 3484 diuinitate
1299 3432 1467 3503 specialiter.
1482 3433 1561 3487 Unde
1571 3438 1628 3488 est:

109 3517 171 3566 mi
184 3525 323 3581 quemque
336 3508 411 3579 qu⁰d
423 3523 497 3562 ”¹¹⁰⁸
511 3509 630 3562 “³⁰⁰¹ss
641 3507 791 3578 judicialia
834 3519 941 3588 Oportet
954 3519 1058 3572 Filium
1069 3519 1191 3572 lerninis
1201 3522 1273 3586 poti,
1285 3523 1420 3588 crocitet,
1436 3523 1510 3574 sotori
1523 3526 1548 3574 ct
1560 3538 1630 3590 sepc-

109 3618 116 3655 t
131 3599 308 3668 intelligitur,
319 3613 383 3651 cum
396 3596 426 3650 in
438 3597 588 3667 EvangeliO
603 3597 724 3667 legimus
737 3597 792 3651 DO-
833 3609 884 3661 liri
894 3606 1002 3674 (eliottb.
1012 3611 1094 3673 xxvi),
1103 3606 1178 3676 quod
1189 3607 1365 3662 solummodo
1375 3608 1411 3662 ad
1423 3624 1487 3663 eum
1496 3608 1631 3679 pertinet,

109 3689 203 3743 iconie
229 3686 402 3766 discipulis:
432 3687 478 3738 Vos
497 3688 546 3754 oui
564 3689 650 3739 seculi
667 3689 729 3739 eolis
748 3702 791 3739 mo
833 3694 960 3765 quamvis
975 3699 1004 3748 et
1023 3694 1082 3747 haec
1101 3694 1162 3747 sine
1177 3694 1283 3764 Spiritu
1304 3693 1358 3748 dici
1372 3711 1428 3749 non
1443 3695 1561 3766 possint.
1578 3695 1631 3750 llic
1711 3698 1713 3703 ’

113 3785 183 3841 uxi.
197 3782 249 3831 etc·
267 3776 299 3830 ln
314 3773 498 3846 sequentibus
508 3789 619 3844 quoque
631 3772 695 3827 libri
707 3774 792 3843 huius
832 3788 928 3838 autem
943 3799 976 3837 ex
989 3798 1109 3853 persona
1127 3782 1241 3837 ueiens
1256 3782 1388 3854 loquitur.
1410 3782 1535 3854 Ideoque
1545 3782 1630 3839 veroa

109 3884 114 3920 ι
126 3865 223 3936 viginti
240 3870 360 3936 quatuor
374 3863 498 3926 thronos,
516 3861 706 3916 duodenarius
715 3862 791 3916 enim
832 3872 897 3927 Filii
912 3870 996 3926 uerba
1010 3877 1078 3926 sunt
1092 3871 1182 3926 Patris
1197 3878 1226 3926 et
1240 3872 1360 3943 Spiritus
1374 3873 1473 3930 sancti.

109 3952 419 4021 usxnrvredditlnquo
426 3967 543 4005 numero
551 3949 794 4020 comprehendun·
1138 3995 1254 4052 CAPUT
1273 3997 1320 4052 IV·

109 4042 324 4115 iespatriarchae,
333 4040 657 4111 etapostoli.omnesque
665 4038 791 4110 perfecti,

109 4131 250 4186 aDomino
261 4129 370 4184 venturi
385 4133 451 4183 sunt
465 4127 661 4196 adjudicium.
677 4128 749 4182 Nam
764 4127 793 4181 in
869 4122 930 4176 Post
941 4121 996 4176 bac
1006 4123 1074 4175 uidi.
1088 4120 1151 4175 Mos
1171 4127 1215 4176 est
1234 4123 1435 4195 prophetarum
1448 4125 1631 4197 antiquorum

109 4220 144 4274 ha
167 4217 335 4290 patriarchis
363 4233 461 4272 omnes
493 4217 592 4271 Patres
618 4215 732 4287 perlecti
764 4216 794 4270 in
834 4209 949 4264 visionis
963 4225 1021 4264 suu
1038 4216 1166 4282 tempora
1184 4210 1342 4266 describere
1360 4228 1410 4284 per
1423 4230 1514 4284 reges,
1530 4221 1560 4269 et
1577 4231 1632 4271 uu-

109 4310 278 4365 lestamento
286 4307 638 4378 comprehenduntur:per
647 4300 794 4359 duodecim
835 4314 945 4352 merum
960 4314 1111 4365 annorum,
1132 4303 1160 4353 et
1182 4300 1335 4370 mensium,
1355 4306 1384 4356 et
1403 4301 1487 4356 etiam
1503 4301 1627 4362 dierum.

109 4413 139 4452 os
151 4412 250 4450 omnes
260 4396 289 4449 in
298 4394 385 4460 Nouo,
398 4394 471 4449 sicut
487 4410 539 4465 per
548 4393 694 4448 duodecim
705 4381 828 4446 tribusIl
837 4386 917 4441 Unde
932 4387 1058 4442 Ezechiel
1069 4387 1139 4443 dicit
1153 4405 1159 4441 :
1175 4388 1208 4442 In
1227 4405 1301 4443 anno
1322 4390 1431 4461 quinto,
1445 4393 1633 4464 transmigra·

109 4501 205 4541 omnes
227 4489 335 4555 gentes.
356 4483 465 4538 Dicitur
483 4483 578 4553 itaque
593 4499 666 4537 unus
677 4481 796 4535 thronus
836 4475 921 4530 tionis
930 4475 1067 4541 Joachim,
1079 4477 1107 4530 in
1120 4479 1326 4549 mensequinto
1344 4479 1453 4534 decima
1466 4481 1512 4535 dic
1529 4483 1633 4537 mensis

109 4575 189 4639 riter,
198 4579 314 4644 propter
325 4588 411 4627 unam
425 4577 594 4643 potestatem
604 4569 796 4640 judiciariam.
837 4566 943 4620 sactum
952 4565 988 4619 ud
997 4582 1027 4619 se
1037 4566 1151 4620 uerbum
1162 4567 1284 4621 Domini.
1298 4567 1433 4622 Similiter
1441 4569 1632 4635 Daniel,anno

109 4662 292 4719 orduodecim
304 4666 419 4733 propter
430 4660 630 4732 perlectionem
644 4660 796 4713 electorum
837 4654 921 4709 tertio
933 4654 1014 4726 regni
1028 4654 1297 4720 Nabuchodonosor,
1307 4661 1358 4710 etc.
1370 4657 1427 4711 Iste
1436 4664 1530 4710 autem
1546 4673 1633 4713 novus

109 4751 213 4807 icaturi
228 4755 303 4804 sunt.
320 4750 457 4805 Dicuntur
471 4748 570 4819 viginti
584 4754 715 4819 quatuor,
730 4763 797 4818 pro·
837 4743 975 4815 propheta
987 4749 1099 4815 tempus
1113 4760 1170 4798 suae
1181 4742 1334 4815 prophetiae
1343 4760 1519 4815 nequaquam
1532 4746 1635 4802 descri-

109 4839 186 4911 squi
209 4839 238 4892 in
257 4844 377 4910 utroque
394 4838 574 4892 Testamenta
595 4835 710 4907 perfecti
733 4850 797 4890 cum
838 4832 879 4887 bit
892 4849 943 4904 per
955 4837 1094 4904 tempora,
1109 4832 1137 4886 id
1150 4840 1194 4887 est
1214 4849 1261 4902 per
1283 4848 1371 4886 annos
1385 4837 1436 4887 ant
1449 4849 1570 4901 menses,
1584 4837 1634 4890 sed

109 4945 120 4985 o
134 4928 317 4999 adjudicium
327 4933 393 4982 sunt
407 4926 527 4981 venturi.
541 4925 595 4980 Sed
611 4942 674 4980 cum
688 4929 799 4979 constet
838 4926 950 4976 tantum
963 4921 1136 4976 mentionem
1149 4920 1216 4974 facit
1228 4920 1312 4975 unius
1321 4921 1387 4988 diei,
1399 4938 1461 4976 cum
1472 4922 1540 4978 dicit
1555 4939 1563 4979 :
1582 4925 1635 4980 Fui

109 5034 135 5073 m
144 5033 242 5072 omnes
252 5017 301 5088 qui
311 5017 434 5082 vincunt,
446 5014 475 5069 in
486 5014 665 5084 judiciorum
679 5013 798 5069 Domino
840 5011 870 5066 in
882 5010 984 5082 spiritu
993 5009 1022 5064 in
1031 5009 1075 5064 die
1085 5008 1240 5076 Dominica,
1248 5010 1323 5064 unde
1332 5010 1416 5065 datur
1425 5011 1557 5084 intelligi,
1568 5016 1638 5087 quie

120 5117 197 5167 sant,
209 5106 258 5161 sed
267 5111 378 5160 tanturn
388 5103 579 5176 perfectiores,
590 5103 691 5157 merito
701 5100 801 5173 qnaeri-
841 5115 953 5154 omnem
977 5098 1050 5153 hanc
1074 5097 1247 5169 prophetiam
1272 5115 1329 5153 una
1351 5098 1398 5154 die
1417 5100 1495 5157 vidit.
1516 5103 1639 5177 Ideoque

109 5212 151 5252 are
170 5196 217 5249 hic
238 5194 372 5250 Dominus
394 5192 548 5264 promittat,
568 5191 616 5264 qui
630 5192 736 5258 vicerit,
757 5191 801 5246 ia·
842 5187 917 5259 quod
930 5186 1043 5250 dicitur,
1059 5191 1122 5258 post
1137 5186 1196 5241 haec
1216 5187 1281 5253 vidi,
1297 5204 1353 5242 non
1367 5188 1405 5243 ad
1419 5189 1639 5251 vicissitudinem

109 5286 173 5342 lum
190 5285 288 5339 sedere
310 5284 340 5338 in
354 5284 456 5337 throno
470 5299 533 5338 meo
553 5300 559 5336 ε
586 5286 615 5336 et
629 5287 660 5336 ut
677 5280 802 5352 apertius
842 5282 1001 5347 temporum
1024 5275 1201 5330 referendum
1221 5281 1275 5341 est,
1293 5277 1342 5331 sed
1362 5278 1398 5331 od
1413 5280 1540 5336 ordinem
1554 5284 1639 5338 visio·

109 5378 128 5435 t,
142 5389 282 5445 ponamus
297 5372 368 5427 duos
381 5371 510 5426 homines
523 5370 575 5424 sub
585 5370 722 5440 exemplo,
736 5385 803 5439 qno·
843 5381 922 5420 num.
939 5365 1041 5418 Postea
1053 5362 1161 5417 scilicet
1173 5380 1258 5435 quam
1267 5366 1397 5436 superius
1407 5369 1523 5436 viderat,
1532 5371 1602 5425 sidit
1611 5378 1640 5426 ct

109 5459 681 5533 ruspassusestproChristo‚alterautem
692 5462 803 5513 tantum
844 5455 900 5509 ista
918 5468 979 5524 qua
1000 5451 1137 5523 sequitur.
1154 5452 1231 5508 Vidit
1253 5462 1347 5510 autem
1364 5457 1418 5512 hoc
1436 5475 1492 5515 non
1507 5475 1639 5530 corporeo

109 5564 151 5607 tm
169 5555 198 5605 et
215 5548 357 5605 incentiva
374 5550 479 5620 caruis,
494 5547 724 5618 mundanamque
739 5544 806 5601 vicit
845 5542 959 5616 intuitu,
980 5541 1032 5598 sed
1052 5547 1158 5613 mente,
1181 5544 1254 5600 sicut
1271 5550 1337 5616 post
1352 5546 1518 5603 videbimus.
1533 5549 1567 5603 lit
1584 5562 1641 5604 core

128 5650 266 5712 Parnoi..
289 5648 408 5712 cxvll.
1145 5728 1151 5735 .
1182 5726 1185 5730 ⁸
1480 5638 1520 5703 32
1621 5742 1637 5752 η
