3818 6104
130 278 182 338 au
601 289 809 346 suessano
829 291 868 346 nv
887 290 1051 348 tessun
1070 292 1300 357 eneaearnu.
1717 294 1770 354 tu
1865 255 1868 260 ¹

128 403 353 463 tumuntsancta
367 418 529 469 sanctorum
544 420 570 468 et
594 415 745 479 Cherubin,
770 432 832 486 quae
857 422 1036 481 nuncdnus,
1052 426 1081 473 et
1092 418 1227 474 intulistis
1246 420 1275 473 in
1291 419 1416 483 dentum,
1440 422 1469 472 et
1491 418 1634 474 exsailluri
1658 419 1769 475 illud.»

128 495 237 563 tquakt
262 497 425 566 solitudine,
437 507 563 556 torretur
576 510 655 565 metu,
679 505 855 575 perfunditur
870 506 930 576 plu-
970 506 1066 560 Dicam
1084 509 1194 578 (inquit)
1211 507 1297 561 aliud.
1314 507 1387 576 quod
1404 506 1480 560 vobis
1494 508 1604 562 accidit.
1622 512 1692 564 Cum
1711 509 1770 579 jam

129 582 186 637 ¹55⁸·
970 597 1093 651 metendi
1108 600 1219 667 tempus
1234 598 1362 665 instaret,
1378 603 1407 649 et
1417 596 1559 650 frumenta
1572 610 1619 651 tos
1634 597 1662 651 in
1678 597 1772 652 titani·

164 696 175 719 ·
189 673 225 727 Et
238 678 390 737 auac,luec
398 678 466 733 dicit
477 678 613 735 Dominus
624 681 797 736 exercituum
813 699 818 734 :
833 683 928 753 ponite
970 683 1021 738 bus
1034 690 1131 739 tenere
1146 686 1293 756 putaretis,
1311 685 1468 738 messuistis
1488 698 1590 740 vacuos
1613 682 1730 750 culmos,
1742 695 1772 743 et

129 761 212 817 celaia
228 768 321 818 vestra
332 781 420 837 super
433 768 492 822 vics
505 773 620 823 vestras.
640 786 653 821 t
669 770 741 834 Quia
753 771 867 840 linquit)
883 770 927 825 di·
969 773 1066 828 inanes
1081 774 1198 844 stipulas
1213 773 1272 827 sine
1284 773 1381 843 granis
1396 774 1596 845 congregastis.
1610 772 1664 829 Sed
1679 774 1770 829 ethoc

129 849 212 904 eriis:
240 851 373 908 Nondum
394 858 744 926 esttempusaediiiccnda
759 859 858 913 domus
874 860 927 913 Do·
968 860 1042 930 quod
1065 861 1101 915 de
1122 860 1231 931 magnis
1245 862 1351 916 acervis
1364 861 1503 915 modicum
1528 863 1622 917 lueret
1637 864 1768 929 electum,

129 938 213 1003 miui;
229 939 407 997 considerate
419 958 482 1015 que
495 945 609 1003 fecistis.
623 952 651 1001 et
666 962 728 1017 quea
750 948 825 1017 pessi
847 949 925 1002 estis.
967 964 1030 1002 curn
1042 949 1207 1003 intulissetis
1220 950 1249 1002 in
1263 949 1360 1004 domos
1371 954 1487 1015 vestras,
1499 946 1591 1005 silleri
1608 950 1686 1015 illud,
1696 957 1725 1005 et
1735 952 1769 1006 ex

130 1027 225 1082 Omnis
237 1029 313 1085 enim
323 1032 405 1087 labor
415 1040 508 1088 vester
520 1035 628 1089 nullmn
645 1036 736 1105 protuit
746 1035 849 1090 habere
861 1051 927 1106 pro-
969 1052 1032 1091 mea
1045 1037 1149 1091 virtute
1163 1037 1319 1109 dispersum
1332 1043 1360 1092 et
1370 1036 1406 1092 ad
1418 1034 1537 1093 nihilum
1554 1039 1699 1094 redactura
1714 1042 1768 1094 est.

129 1122 252 1171 reatum.
969 1125 1211 1196 Spiritueliterilli
1224 1126 1259 1179 ad
1285 1122 1406 1196 amplius
1425 1124 1587 1198 respiciunt,
1607 1132 1636 1181 et
1659 1124 1770 1181 minora

162 1205 354 1263 ‹Seminastis
360 1213 490 1275 multum,
504 1213 676 1268 etintulistls
686 1230 813 1284 patema
824 1215 928 1268 etmul-
968 1213 1118 1284 recipiunt,
1129 1214 1177 1284 qul
1192 1213 1227 1268 de
1238 1215 1296 1268 suis
1311 1212 1440 1285 operibus
1454 1215 1616 1284 gloriantes,
1632 1218 1769 1271 sternam

128 1296 185 1346 tum
199 1295 296 1351 minus
311 1313 394 1367 quam
410 1301 554 1366 severatis,
571 1302 733 1372 collegistis.
754 1304 815 1356 Non
830 1310 926 1357 temen
969 1303 1126 1356 mercedem
1141 1302 1194 1356 sibi
1209 1301 1279 1356 salso
1295 1318 1311 1356 a
1326 1303 1446 1357 Domino
1461 1304 1637 1373 pollicentur.
1654 1320 1664 1355 t
1680 1305 1771 1369 Quam

128 1385 344 1450 potestisdicere
355 1404 360 1438 :
373 1388 439 1442 ldeo
450 1389 552 1443 tarnem
569 1397 704 1452 secumm,
717 1392 792 1461 quod
807 1392 836 1444 in
847 1407 927 1445 exer·
968 1389 1003 1441 ob
1017 1406 1130 1444 causam
1146 1390 1214 1444 dicit
1234 1390 1370 1445 Dominus
1384 1390 1568 1455 exercituum,
1585 1392 1651 1462 qaia
1669 1392 1769 1446 domus

127 1470 213 1523 cende
228 1478 308 1526 terro
321 1475 446 1544 agricola
456 1478 632 1532 cessaverit«
646 1479 824 1544 Comedistis,
832 1485 860 1533 et
870 1495 926 1533 non
968 1494 1031 1531 mea
1045 1480 1158 1532 deserta
1181 1485 1232 1539 est,
1254 1484 1280 1532 et
1304 1496 1351 1531 vos
1367 1478 1507 1533 festinatis
1529 1476 1724 1551 unusquisque
1739 1479 1770 1534 in

127 1559 191 1612 estis
206 1562 320 1629 satiati;
336 1563 454 1630 bibistis,
466 1572 495 1620 ct
507 1583 562 1620 non
575 1568 643 1621 estis
656 1567 801 1634 inebriati3
816 1568 927 1638 operui·
966 1562 1081 1620 domurn
1094 1584 1202 1621 suam.»
1212 1567 1328 1637 Mystico
1343 1566 1382 1620 ilii
1394 1566 1422 1621 in
1437 1568 1553 1622 domum
1563 1579 1643 1621 suam
1658 1562 1771 1623 deserto

126 1647 173 1700 etis
185 1665 246 1714 vos,
265 1656 295 1704 et
308 1667 365 1706 non
375 1654 694 1724 autumniautumni
709 1657 852 1711 mercedes
863 1672 926 1710 con·
966 1653 1051 1707 domo
1066 1656 1116 1709 Dei
1131 1655 1327 1726 festinant,qui
1343 1654 1493 1709 mundanis
1507 1654 1709 1726 cupiditatibus
1727 1668 1771 1709 ca·

126 1738 262 1807 gregavit,
287 1741 364 1795 misit
388 1758 436 1797 ecs
457 1744 486 1796 in
501 1744 642 1798 sacculum
659 1751 814 1815 pertusum.
834 1764 845 1796 ι»
863 1746 924 1798 Non
935 1722 958 1788 Β
968 1743 1018 1813 pti,
1035 1750 1064 1797 et
1078 1745 1197 1798 terrenis
1212 1744 1320 1798 actibus
1333 1742 1470 1814 occupati,
1484 1742 1623 1815 templum
1639 1740 1690 1797 Dei
1703 1754 1770 1798 con·

127 1830 219 1879 tamen
234 1830 352 1897 potestis
365 1831 460 1885 dicere
473 1833 663 1887 voluntarium
676 1833 763 1886 tuisse
774 1834 923 1902 jejumum,
967 1837 1077 1886 struere
1088 1833 1245 1902 negligunt.

127 1913 170 1966 sed
185 1916 254 1984 quio
266 1932 366 1986 parvos
376 1919 484 1974 tructus
497 1922 740 1991 congregaveratis
762 1922 790 1974 in
815 1922 924 1975 horrea.
1005 1939 1016 1970 ι
1032 1921 1152 1990 Propter
1161 1921 1222 1984 hoc,
1233 1936 1374 1991 supervos
1383 1916 1516 1990 prohibiti
1527 1922 1595 1974 sunt
1604 1919 1707 1974 accline
1718 1918 1770 1973 da-

128 2001 228 2056 tiuum
253 2003 374 2065 bibistis.
386 2008 436 2061 sod
451 2024 507 2062 non
518 2017 628 2062 tanturn
645 2008 719 2079 quod
732 2009 873 2062 suliiceret
891 2011 926 2063 ad
968 2014 1031 2061 rent
1045 2024 1147 2069 rorem,
1164 2015 1193 2062 et
1206 2013 1282 2062 terro
1297 2007 1436 2078 prohibita
1453 2012 1540 2061 estne
1555 2008 1636 2062 daret
1648 2023 1766 2078 germen

128 2090 310 2146 exhilaranda
320 2094 405 2147 corde
419 2096 588 2165 potantium.
607 2096 701 2164 ipsum
716 2112 828 2166 quoque
842 2098 926 2150 vesti·
967 2110 1060 2149 suum.
1079 2116 1091 2143 n
1111 2098 1173 2150 Non
1187 2096 1277 2149 solum
1304 2095 1416 2166 linquit)
1430 2090 1492 2148 call
1507 2096 1630 2166 pluviem
1646 2110 1703 2149 non
1717 2092 1770 2150 de·

129 2188 252 2234 mentum
263 2194 321 2235 non
335 2184 427 2252 potuit
438 2183 528 2251 trigas
543 2183 647 2252 pellere
661 2190 711 2236 aut
724 2184 926 2242 calefacere&
967 2184 1079 2250 demnt,
1090 2185 1138 2238 sed
1150 2200 1200 2238 nec
1209 2198 1301 2237 rorem
1313 2180 1425 2254 quidem
1438 2180 1771 2248 matatlnum‚utarentes

129 2269 186 2337 quis
200 2272 299 2320 autem
313 2270 456 2323 mercedes
470 2278 698 2340 congregaverat,
714 2272 770 2325 sire
792 2273 821 2325 ln
840 2289 926 2341 nego·
967 2272 1028 2340 agri
1042 2272 1149 2325 modico
1161 2273 1261 2327 saltem
1276 2272 1394 2325 humore
1409 2268 1768 2344 temperarentur.'l'ypice,

128 2354 251 2417 tiatiom,
268 2370 319 2409 seu
335 2358 509 2411 mercenaria
530 2374 625 2421 manu,
650 2360 756 2413 trustra
779 2360 924 2425 laboravit,
967 2358 1030 2411 cult
1045 2369 1111 2414 sunt
1125 2360 1253 2430 apostoli.
1275 2372 1368 2413 rorem
1387 2360 1415 2413 et
1431 2358 1554 2430 pluriam
1570 2352 1703 2415 doctrinae
1718 2374 1771 2414 cre-

129 2443 190 2512 quia
205 2445 440 2514 omnespecuniae
451 2446 726 2507 defluxeruntvetutt
738 2449 766 2501 ln
782 2457 926 2519 pertusum
968 2445 1056 2499 lestis.
1078 2454 1168 2507 tense,
1183 2448 1266 2500 idest
1290 2447 1450 2501 auditorum
1470 2444 1601 2501 cordibus
1624 2444 1772 2502 infunden-

130 2532 265 2584 ttcculam
273 2533 928 2607 missae.Spiritualiteriilicordasuperviassues
969 2538 1018 2586 tes.
1038 2536 1173 2589 l’rohibiti
1191 2541 1256 2588 sunt
1272 2536 1333 2589 cmii
1356 2549 1392 2589 ne
1416 2534 1517 2589 darent
1537 2550 1640 2599 rorem,
1656 2528 1770 2606 quando

131 2620 294 2689 ponunt,qui
303 2616 409 2692 absque
418 2623 524 2692 judicio
535 2624 711 2678 discretionis
726 2626 796 2679 nihil
806 2627 921 2689 faciunt,
969 2623 1081 2691 pertalis
1096 2623 1110 2676 J
1114 2624 1198 2677 udteis
1214 2623 1328 2678 verbum
1339 2624 1438 2677 salutis
1454 2623 1651 2693 spernentibus
1666 2641 1768 2694 praece·

131 2707 170 2776 qui
182 2714 251 2762 ante
272 2710 376 2763 mentis
391 2704 486 2765 oculos
500 2712 645 2765 lucernum
661 2712 735 2765 verbi
751 2713 799 2766 Del
812 2730 924 2784 semper
967 2719 1044 2781 ptum
1059 2709 1434 2782 estapostolis,ut,euntesin
1450 2711 1584 2764 mundum
1595 2712 1768 2778 universum,

130 2794 233 2850 babent.
251 2798 373 2852 Multum
387 2805 482 2853 eutem
491 2801 621 2859 seminet,
631 2802 680 2854 sed
696 2817 794 2871 parum
807 2802 920 2871 colligit,
965 2800 1151 2870 predicarent
1163 2801 1303 2870 gentibus.

132 2886 170 2955 qui
184 2886 213 2940 ia
227 2887 436 2957 praedicationis
451 2904 535 2959 opere
549 2889 661 2943 assidue
677 2889 925 2955 laborat;sedmi-
1004 2907 1015 2938 ι
1045 2888 1080 2943 ut
1104 2890 1196 2942 vocavi
1221 2888 1375 2943 siccitatem
1398 2898 1483 2958 super
1507 2893 1622 2953 temam,
1640 2877 1768 2960 etsuper

133 2973 230 3029 nimum
245 2990 280 3030 ex
288 2975 450 3030 auditorum
461 2977 516 3030 ilde
526 2984 555 3030 et
563 2978 727 3048 operatione
736 2979 857 3033 fructum
865 2994 926 3049 per·
966 2982 1085 3037 montes,
1097 2983 1127 3030 ct
1140 2992 1224 3046 super
1238 2976 1374 3039 triticum,
1388 2981 1511 3047 etsuper
1520 2976 1626 3042 vinum,
1641 2980 1669 3030 et
1683 2990 1768 3047 saper

132 3062 275 3133 apludam
286 3065 424 3119 eosverbo
439 3071 468 3119 et
481 3067 609 3136 exemplo
618 3060 820 3120 scandalizatos
830 3074 925 3121 osten·
944 3066 954 3091 ¹
967 3065 1070 3127 oleum,
1080 3072 1109 3119 et
1119 3064 1405 3136 quaecunqueproiert
1414 3066 1529 3127 humus,
1541 3070 1569 3119 et
1580 3076 1667 3136 saper
1676 3065 1766 3120 homi·

134 3150 174 3206 dit,
189 3152 329 3217 Comedlt,
359 3159 388 3207 et
411 3168 467 3207 non
486 3159 647 3222 saturatum
664 3154 742 3220 bibit,
758 3162 786 3209 et
809 3172 866 3210 non
880 3157 925 3210 in·
966 3168 1025 3217 nes,
1042 3162 1071 3208 et
1082 3170 1166 3224 super
1174 3147 1313 3223 jumenta,
1325 3159 1445 3224 etsuper
1454 3153 1699 3209 omnemlaborem
1710 3164 1769 3208 ma.

135 3238 257 3306 ebriatur,
275 3243 323 3312 qui
338 3248 415 3297 recta
429 3258 490 3313 quae
509 3245 595 3298 novit.
616 3258 673 3298 non
693 3252 834 3316 operetur.
853 3245 924 3299 Hinc
966 3256 1063 3295 nuum.
1078 3242 1225 3297 »Vocatur
1234 3243 1345 3296 siccitas
1355 3242 1536 3313 primosuper
1545 3238 1767 3308 tetram,deinde

135 3327 257 3384 women
275 3329 344 3384 dicit
360 3349 366 3383 ε
382 3332 480 3386 iustus
493 3332 624 3396 comedit,
641 3338 669 3386 et.
686 3334 775 3403 replet
796 3334 921 3387 animam
963 3346 1050 3400 super
1063 3346 1158 3385 omma
1171 3344 1233 3402 quae
1248 3331 1355 3402 profert
1366 3331 1479 3394 humus,
1491 3321 1668 3385 edultim'um
1680 3320 1766 3402 super

134 3430 212 3484 mara,
225 3425 327 3473 venter
339 3425 433 3473 autern
456 3420 606 3491 impiorum
623 3420 824 3478 insaturabilis.
851 3423 922 3476 Con·
962 3419 1089 3473 homines
1104 3426 1133 3473 et
1145 3432 1230 3490 super
1240 3422 1379 3489 juntenta,
1397 3420 1472 3490 quia,
1488 3420 1663 3490 precedente
1676 3420 1760 3486 tame,

133 3509 509 3577 musteromercedesin
518 3517 661 3580 pertusum
673 3511 813 3564 sacculum
823 3511 919 3573 mittit,
961 3508 1086 3577 proiecto
1102 3524 1187 3579 super
1201 3508 1329 3561 tornines
1344 3514 1372 3561 ct
1382 3509 1511 3576 tumente
1525 3523 1600 3561 mors
1613 3509 1696 3571 venit,
1712 3509 1766 3562 sle·

133 3593 170 3664 qui
180 3597 318 3650 vinetum
329 3612 415 3666 opera
425 3605 539 3668 proptor
548 3599 763 3653 ostentationem
773 3614 850 3653 vanae
859 3600 920 3667 glo·
961 3612 1015 3665 que
1025 3597 1099 3650 idem
1109 3597 1221 3666 gladius
1233 3610 1406 3666 quacunque
1418 3611 1517 3650 monas
1529 3595 1674 3650 hominurn
1685 3595 1762 3651 labo·

133 3684 170 3739 ris
182 3685 304 3756 peregit,
322 3686 365 3738 tel
386 3685 434 3755 qui
458 3687 492 3740 de
506 3687 613 3757 rapinis
627 3686 833 3758 eleemosynam
849 3687 921 3741 indi·
961 3692 1080 3746 noverat,
1097 3685 1245 3738 consumit.

133 3772 252 3838 tentibus
266 3771 377 3826 tribuit.
393 3773 526 3844 Operitur
536 3781 643 3835 autera.
660 3780 689 3828 et
702 3790 735 3828 ex
755 3775 848 3828 calore
863 3792 919 3828 non
998 3792 1012 3824 s
1029 3773 1063 3827 Et
1077 3774 1182 3827 aedicit
1196 3772 1357 3840 zorobabel,
1373 3772 1449 3826 tilius
1468 3772 1614 3839 salathiel,
1627 3778 1656 3827 ct
1670 3772 1762 3838 iesus,

133 3856 237 3922 breim.
255 3861 304 3932 qui
318 3861 440 3916 divinem
453 3863 630 3933 sapientiam,
648 3878 703 3933 qua
724 3870 842 3918 ornetur
859 3869 888 3917 et
904 3880 921 3916 e
961 3863 1034 3916 tilius
1043 3862 1188 3928 Iosedech,
1200 3862 1468 3930 sucerdosmegnus.
1486 3867 1515 3914 et
1529 3861 1761 3932 omnrsrellquiee

134 3950 235 4004 natiue
258 3949 364 4019 frigore
386 3950 562 4013 defendatur,
581 3951 689 4022 accipit.
707 3952 755 4005 sed
780 3952 873 4022 tepide
892 3958 921 4005 et
962 3950 1056 4021 populi
1071 3966 1164 4004 vocem
1181 3948 1292 4003 Domini
1306 3949 1355 4002 Dei
1368 3949 1421 4013 sui,
1438 3955 1467 4002 et
1479 3948 1564 4002 verba
1583 3950 1677 4018 aggaei
1693 3963 1758 4019 pro-

134 4034 260 4093 lesidiose
274 4052 338 4093 eam
351 4039 537 4109 exsequendo,
552 4040 653 4093 caloris
668 4041 744 4094 illius
758 4041 851 4110 gretia
866 4041 921 4111 pri-
963 4038 1292 4110 pnetmsicutmisiteum
1303 4036 1438 4090 Dominus
1447 4036 1521 4089 Deus
1527 4036 1664 4089 eorumad
1672 4035 1758 4107 ipsos,

135 4130 211 4180 vuar.
961 4136 991 4182 et
1001 4128 1099 4181 timuit
1112 4127 1231 4197 populus
1243 4142 1260 4178 a
1273 4125 1343 4178 secie
1359 4123 1478 4178 Domini.
1488 4124 1659 4194 »Diligenter
1668 4128 1759 4179 atten-

162 4216 249 4270 succ
259 4216 329 4270 dicit
338 4216 474 4270 Dominm
482 4219 666 4271 exercituum:
681 4218 779 4271 Ponite
787 4217 921 4271 cordave-
961 4216 1094 4279 dandum,
1110 4215 1185 4285 quod
1199 4229 1256 4268 non
1278 4212 1429 4267 Zorobabei
1452 4228 1504 4266 neo
1527 4213 1609 4266 iesus
1629 4212 1759 4267 sacerdos

136 4306 277 4375 tromper
291 4303 350 4358 vias
363 4310 479 4358 vestrm.
494 4305 642 4359 ascendite
657 4305 686 4358 in
703 4311 834 4369 montem,
851 4302 1289 4376 por·Dtimuissedicuntur,sed
1299 4301 1624 4372 populestimuitaiacie
1634 4300 1757 4365 Domini,

137 4394 182 4445 uu
192 4392 310 4462 lignum,
324 4398 354 4446 et
365 4393 632 4447 edificetedomum.
647 4394 850 4448 »Considerate
861 4394 917 4463 (in-
959 4401 1079 4463 uterque
1092 4393 1166 4447 enim
1190 4391 1332 4446 Christum
1352 4390 1500 4460 significet,
1516 4390 1565 4461 qui
1589 4394 1632 4444 est
1656 4402 1708 4444 rex
1729 4394 1758 4445 et

138 4480 192 4548 qaltt
209 4488 310 4536 canem
323 4492 386 4553 que
400 4482 507 4553 geritis,
528 4490 557 4537 et
570 4483 664 4537 relicte
680 4500 747 4536 cure
761 4490 916 4536 vestrarum
958 4484 1089 4536 sacerdos
1103 4483 1133 4535 in
1152 4481 1260 4536 duabus
1273 4480 1381 4534 naturis
1405 4478 1455 4532 Dei
1477 4484 1505 4532 et
1521 4478 1643 4533 hominis
1658 4484 1687 4532 et
1700 4492 1758 4533 una

138 4565 265 4635 manum,
279 4571 422 4625 ascendite
438 4571 467 4624 in
482 4576 605 4624 montem
615 4573 762 4631 Libanum.
776 4572 917 4642 procidite
957 4587 1085 4641 persona.
1098 4570 1285 4625 Audientibus
1296 4584 1363 4638 ergo
1377 4566 1528 4621 Zorobebel
1538 4566 1644 4621 etletu
1653 4580 1757 4635 magno

138 4653 207 4724 lgna,
218 4667 248 4715 et
260 4659 397 4713 edificate
412 4659 527 4713 domum
540 4674 643 4713 meam.
658 4678 668 4711 t
682 4660 715 4714 Et
736 4661 914 4731 acceptabilis
955 4660 1100 4713 sacerdote
1113 4659 1196 4713 verbe
1211 4657 1331 4719 Domini,
1348 4655 1443 4709 timuit
1455 4655 1515 4708 sola
1526 4647 1757 4723 mutamusque

139 4744 266 4813 aluerit,
283 4748 514 4818 etgloristcabor‚
536 4748 604 4802 dicit
624 4749 769 4803 Dominus.
800 4765 814 4802 o
844 4749 916 4813 Quid
958 4748 1079 4801 necdum
1094 4747 1224 4801 invirum
1239 4746 1392 4816 perfectum
1407 4740 1760 4803 evamrceataciettont—

139 4837 300 4908 nunttgna
310 4843 433 4900 tantum,
450 4852 506 4890 non
521 4837 627 4907 lapides
639 4836 720 4906 jubet
731 4838 833 4902 atterri,
850 4837 919 4891 illud
960 4834 1000 4899 ni,
1017 4835 1046 4889 id
1059 4842 1103 4889 est
1113 4835 1306 4905 indignatione
1316 4833 1385 4902 ejus,
1398 4829 1632 4900 quonlamvultus
1645 4829 1758 4885 Domini

140 4928 173 4978 etl
182 4926 250 4994 quod
264 4925 376 4979 llebmi
388 4924 496 4987 dicunt,
521 4925 588 4994 quio
602 4932 664 4995 post
687 4926 832 4979 incensum
846 4931 919 4979 teru-
959 4938 1046 4995 super
1058 4925 1192 4978 iacientes
1207 4922 1288 4975 mala.

139 5009 200 5078 plum
212 5014 333 5084 parietes
345 5019 550 5079 remanserant,
566 5013 706 5067 etidcirco
720 5013 796 5082 ligna
809 5018 920 5068 tantum
998 5032 1011 5065 t
1024 5013 1058 5066 Et
1071 5013 1141 5066 dixit
1151 5015 1280 5081 Aggasus,
1291 5008 1405 5062 nuntius
1415 5006 1528 5061 Domini
1537 5006 1573 5061 de
1588 5007 1697 5065 nuntiis
1703 5008 1761 5063 Do·

140 5099 167 5151 td
177 5102 360 5173 cocugnanua
372 5102 531 5155 necessarie
542 5108 623 5155 erant
638 5119 644 5154 ε
662 5102 787 5172 Mystice,
803 5102 833 5155 in
844 5118 921 5156 mon·
961 5101 1041 5163 mini,
1052 5102 1155 5172 populo
1165 5100 1269 5153 dicens.
1284 5117 1299 5149 ι
1315 5098 1353 5151 lix
1365 5097 1418 5150 hoc
1431 5097 1493 5150 loco
1502 5096 1618 5167 quidam
1629 5110 1757 5167 sumpse-

138 5190 185 5242 tem
199 5192 356 5253 ascendere,
372 5196 417 5245 est
430 5191 609 5244 altitudinem
632 5191 731 5244 divine
751 5191 921 5260 contempla·
961 5196 1028 5242 runt
1040 5203 1174 5247 errorem,
1194 5191 1325 5256 putantes
1339 5189 1473 5255 aggaeum
1496 5184 1630 5255 angelum
1655 5190 1759 5240 nemra

138 5274 208 5332 bouis
219 5280 355 5334 virtutum
369 5280 539 5350 prolectibus
557 5278 700 5341 scandere,
716 5294 748 5331 ac
761 5278 922 5332 testimonia
961 5277 1056 5341 luisse,
1072 5283 1101 5330 et
1115 5275 1236 5346 quadem
1260 5272 1356 5327 divim
1380 5273 1588 5343 dispensatione
1601 5273 1757 5329 numanum

139 5362 330 5438 Scripturas-um
343 5368 493 5439 quaerendo
507 5367 640 5431 incidere,
652 5374 684 5420 ut
694 5367 759 5421 inde
771 5366 923 5421 aediiicetur
962 5380 1063 5435 corpus
1074 5362 1386 5433 assumpsisse,propter
1397 5362 1449 5414 hoc
1459 5361 1532 5432 quod
1543 5360 1663 5416 dicitur:
1685 5356 1758 5413 Dixit
1791 5383 1793 5387 ·

138 5455 256 5526 tenplum
271 5456 442 5527 acceptabile
455 5456 584 5510 Domino.
962 5456 1093 5523 Aggasus,
1105 5452 1221 5505 nuntius
1236 5450 1358 5505 Domini.
1371 5451 1429 5503 lloc
1439 5449 1513 5502 idem
1524 5449 1596 5502 etde
1610 5446 1757 5507 uacuis

171 5545 362 5617 nltecpeaistls
378 5546 414 5600 ad
429 5544 560 5616 amplius,
577 5549 607 5599 et
619 5560 685 5599 ecce
699 5543 805 5599 iactum
816 5547 860 5597 ost
873 5542 924 5595 mi·
962 5540 1037 5596 etde
1051 5541 1159 5594 ioanne
1170 5538 1296 5612 llaptietu
1305 5538 1466 5610 opinentur.
1475 5533 1690 5591 Sodcoioudam.
1704 5540 1756 5583 na·

1734 5616 1849 5748 Ι
