3818 6104
90 237 201 299 ,risi
370 315 371 319 Ν
586 238 1103 317 rxrosmorusroourrsm.
1123 240 1246 304 -s-srs.
1261 239 1324 300 nr.
1699 233 1771 297 alas

137 375 188 425 aut
210 370 311 426 inutile
324 374 483 443 projectum
497 375 592 437 tuerit,
609 379 784 429 consumant.
802 374 882 439 Quod
909 371 1062 433 sitellam
1074 376 1148 430 ilaus
1164 368 1248 429 Pater
1260 373 1356 428 omnis
1371 376 1504 444 operatus
1514 374 1565 438 est,
1574 365 1706 437 celestii,
1716 375 1777 425 ter·

131 458 211 515 bonae
226 476 290 515 aves
312 477 345 514 ex
359 461 490 518 carnibus
514 463 707 534 reproborum,
723 462 752 516 id
778 469 821 517 est
841 463 931 516 sancti
972 463 1083 528 restria,
1103 463 1223 518 visibilia
1234 469 1263 516 et
1282 460 1446 518 invisibilia.
1466 458 1673 527 lnlracmanu,
1689 460 1776 513 idest

130 549 368 620 praedicatoresex
378 545 933 623 damnationeimpiorum,quiavidelicet
972 552 1001 606 iu
1016 553 1121 607 virtuto
1137 552 1220 607 Verbi
1235 551 1279 605 sui
1292 550 1385 612 habet,
1403 556 1432 605 et
1446 550 1501 604 vim
1516 549 1701 614 discretionis,
1716 560 1774 618 quo

130 642 306 692 tormentum
320 639 472 710 impiorum
487 641 664 712 aspicientes,
677 640 713 693 de
727 640 870 711 ereptione
878 654 931 694 sua
973 643 1074 694 cuncta
1100 654 1152 694 suo
1181 637 1375 694 moderamine
1388 640 1538 708 temperat,
1555 640 1584 691 et
1605 638 1776 707 potestatem

131 727 254 797 amplius
272 727 452 796 laetabuntur,
464 728 586 783 saturari
596 733 758 794 narrantur,
771 728 931 799 specialiter
970 727 1169 795 inevitabilem,
1195 725 1369 793 quaomnia
1395 725 1483 796 cingit
1506 731 1591 797 atque
1616 722 1778 797 complecti·

131 819 175 867 est
188 813 403 886 intelligendum
417 822 553 887 tanquam
569 817 710 871 diceretur
724 835 729 870 :
759 817 798 870 Eo
812 817 933 872 interne
973 820 1032 874 ttrr.

130 905 377 975 contemplationis
391 905 539 960 dulcedine
552 906 672 960 interius
689 905 828 960 satiantur
840 904 928 970 electi,
1008 907 1042 960 itt
1051 907 1231 975 apprehendit
1239 908 1397 971 draconem,
1408 906 1714 972 serpentemontiquum
1724 902 1775 971 aaut

131 1008 187 1063 quo
198 992 381 1063 reproborum
392 999 534 1049 tormenta
546 995 669 1049 exterius
683 993 932 1065 conspiciuntque
972 999 1011 1048 ost
1019 995 1144 1047 diabolus
1154 999 1180 1046 ol
1189 998 1314 1047 satanas.
1323 987 1528 1062 Hocquomodo
1538 989 1575 1044 sit
1584 991 1702 1051 facturo.
1712 990 1778 1062 ipse

109 1079 226 1134 divina
240 1080 430 1135 misericordia
446 1088 604 1137 evaserunt.
634 1083 705 1136 ilino
728 1081 817 1136 isaias
844 1082 928 1137 dicit:
972 1080 1144 1145 manifestat,
1170 1081 1218 1150 qui
1234 1079 1301 1134 dicit
1313 1079 1343 1133 in
1357 1078 1524 1148 Evangelio:
1542 1079 1612 1133 Gom
1626 1079 1708 1146 fortis
1727 1093 1776 1131 or·

129 1168 164 1222 iti
176 1174 260 1222 eruut
270 1185 356 1237 usqam
365 1172 401 1224 ud
413 1174 566 1225 sotietatem
579 1174 694 1225 cisionis
708 1174 786 1224 omni
793 1174 874 1224 corui
884 1173 928 1239 lis.
974 1174 1065 1222 situlus
1075 1171 1406 1229 custoditotrinmsoam,
1417 1171 1448 1222 ln
1455 1183 1521 1236 poce
1531 1173 1597 1222 sunt
1606 1174 1639 1223 to
1651 1182 1775 1237 quapor-

132 1261 215 1324 exili·
233 1257 318 1320 Quasi
335 1258 410 1311 enim
423 1253 567 1313 damnatio
580 1258 774 1330 reproborum,
789 1257 867 1312 cibus
890 1263 933 1312 est
973 1258 1050 1312 sidet.
1062 1259 1094 1313 Si
1109 1263 1202 1311 aalma
1217 1258 1573 1325 [ortiorillosuperuenions
1588 1259 1687 1310 uicerit
1697 1258 1773 1325 earn}

130 1344 294 1408 electorum,
311 1346 378 1415 quia
404 1362 458 1416 quo
472 1346 612 1400 cruciatus
628 1359 725 1400 sorum
740 1346 933 1401 indesinenter
972 1348 1071 1414 [briem
1087 1350 1155 1414 ligat
1179 1352 1202 1400 et
1218 1349 1350 1399 uniuerso
1363 1359 1447 1399 ormo
1458 1348 1516 1413 ejus
1530 1348 1633 1412 cistert,
1643 1350 1667 1399 et
1686 1345 1775 1414 spotia

129 1432 280 1502 aspiciunt,
297 1450 330 1487 eo
345 1435 465 1505 amplius
486 1434 586 1489 divinae
608 1436 851 1505 contemplationis
864 1451 933 1506 gau·
972 1439 1030 1503 mres
1043 1433 1327 1501 distributlltuc.r1).
1343 1433 1406 1503 lpse
1418 1433 1492 1486 enim
1506 1432 1535 1486 in
1548 1433 1642 1486 carnis
1654 1431 1771 1487 humill·

130 1519 184 1574 diis
195 1520 388 1591 pertruuntur.
397 1524 437 1577 Do
448 1539 503 1594 quio
513 1540 564 1594 per
572 1523 875 1577 Psalmistamdlcitur:
893 1524 932 1576 Vi·
971 1528 1030 1578 tate
1040 1538 1188 1595 apparens,
1201 1523 1323 1593 primum
1336 1523 1438 1576 tortam
1456 1521 1591 1591 alligavit,
1612 1521 1714 1575 deinde
1725 1534 1776 1574 cos

130 1611 234 1664 mbulet
244 1614 316 1678 justi
330 1615 354 1664 ct
369 1614 513 1679 timebunt,
525 1618 550 1665 et
561 1628 643 1680 super
655 1628 717 1667 enm
732 1613 861 1666 ridebunt
876 1615 932 1680 (Pa.
973 1613 1021 1682 qui
1031 1613 1145 1669 lustum
1156 1613 1277 1666 rasairre
1287 1611 1352 1665 fecit
1365 1625 1432 1664 vasa
1446 1611 1654 1666 misericordia.
1671 1610 1774 1678 Draco,

130 1698 254 1765 silQuia
262 1699 336 1753 enim
342 1700 499 1770 voluptates
505 1701 603 1755 mundi
611 1707 746 1772 tanquam
754 1682 962 1772 aquenum-B
972 1698 1228 1771 serpens,diaboius
1240 1704 1269 1753 et
1283 1705 1396 1753 satanas
1410 1700 1476 1753 licet
1489 1699 1572 1769 plura
1581 1698 1638 1751 sint
1647 1698 1772 1764 nomina,

130 1791 238 1851 serunt,
253 1780 363 1842 lnvidlre
378 1789 524 1843 ardoribus
551 1794 750 1854 aestuaverunt,
766 1805 800 1843 ac
813 1789 930 1844 luxuriae
971 1804 1061 1842 unum
1075 1793 1171 1843 tamen
1186 1788 1317 1842 eumdem
1328 1787 1618 1857 hostemsiguiticont.
1630 1785 1775 1849 Quidraco

129 1873 266 1928 fetoribus
290 1875 505 1930 tubernaculum
533 1877 657 1948 corporis
680 1874 723 1932 sul
753 1882 928 1948 sparserunt,
955 1879 1130 1949 appellatur
1143 1884 1257 1949 propter
1272 1876 1390 1932 nocendi
1406 1877 1553 1942 malitiam,
1568 1888 1694 1946 serpens,
1710 1888 1775 1945 pro·

130 1962 215 2032 digne
224 1964 254 2017 in
266 1969 399 2033 stagnum
412 1965 486 2034 ignis
501 1966 625 2019 ardentis
640 1969 669 2019 et
690 1961 834 2036 sulphuris
855 1966 929 2021 mitti
970 1972 1033 2038 pter
1047 1967 1162 2021 fallendi
1176 1966 1320 2031 astutiam,
1345 1966 1487 2037 antiquus,
1505 1969 1620 2037 propter
1633 1960 1731 2034 iniqua
1745 1964 1774 2016 et

129 2064 195 2104 cum
210 2052 258 2106 iilo
271 2052 464 2122 perhibentur,
490 2069 575 2124 quam
599 2054 634 2108 ad
659 2054 718 2109 iraec
741 2055 930 2125 perpetranda
970 2055 1122 2109 exercitata
1136 2055 1262 2121 consilia,
1277 2054 1379 2125 quibus
1398 2054 1434 2109 ab
1448 2055 1529 2109 initio
1540 2067 1643 2108 nocere
1655 2052 1713 2107 trau
1727 2051 1774 2106 de·

129 2140 304 2196 incentorem
320 2142 488 2196 babuerunt.
505 2142 585 2206 Quod
600 2146 695 2198 autem
709 2160 766 2198 non
792 2144 841 2211 ait,
863 2145 928 2199 mit·
971 2142 1159 2197 sinit.Dicitur
1174 2159 1285 2213 quoque
1295 2142 1465 2208 diabolus,id
1476 2148 1519 2196 est
1528 2143 1661 2196 deorsum
1670 2141 1770 2204 fluens,

129 2235 235 2292 tentor,
246 2230 295 2284 sed
306 2235 469 2297 missisunt,
481 2231 634 2285 secundum
646 2231 798 2304 Scriptura
806 2233 930 2288 auctori-
971 2230 1037 2300 quia
1048 2229 1174 2301 quotidie
1188 2226 1223 2283 de
1235 2228 1367 2283 cordibus
1379 2226 1437 2283 ruit
1450 2228 1586 2282 fidelium.
1615 2227 1689 2291 Quis
1706 2238 1772 2281 vero

129 2323 219 2371 tatem
230 2317 398 2389 posuitque
412 2320 484 2373 solet
494 2315 636 2390 preterito
651 2320 812 2391 profuturo
827 2322 878 2386 uti,
897 2327 931 2377 ut
971 2319 1082 2373 Christo
1097 2326 1126 2373 et
1139 2318 1268 2373 Ecclesiae
1283 2319 1459 2384 adversatur,
1467 2310 1590 2381 samum,
1608 2315 1637 2370 id
1653 2320 1697 2370 est
1710 2331 1776 2370 coa·

128 2412 173 2459 est
183 2405 265 2459 illud:
277 2394 415 2461 socerum
424 2422 525 2462 osanna
537 2404 610 2462 tricos
625 2414 650 2461 et
665 2410 744 2477 pedes
756 2424 827 2463 meos
842 2410 925 2478 (Psoi.
970 2411 1078 2462 erarem
1092 2408 1258 2478 appellatur.
1272 2407 1305 2461 Et
1318 2409 1490 2474 tepentium
1497 2414 1648 2474 perennes
1658 2407 1775 2468 militet

128 2496 199 2562 xxi),
217 2501 412 2566 praeoccupata
426 2496 540 2566 quidem
554 2497 715 2552 narratione
741 2498 816 2569 quod
837 2499 929 2554 adbuc
970 2499 1048 2550 misit
1063 2512 1125 2549 eom
1137 2499 1169 2549 in
1178 2496 1318 2564 abyssum.
1332 2493 1507 2548 Millenarius
1518 2506 1654 2546 numerus
1663 2493 1693 2545 iu
1702 2491 1775 2546 Scri·

128 2583 258 2636 futurum
273 2590 398 2638 extremo
409 2589 536 2656 tempora
560 2585 683 2656 positum
706 2591 758 2652 est,
774 2587 929 2641 certissime
969 2591 1054 2656 ptura
1067 2598 1118 2654 pro
1132 2584 1304 2654 perfectione
1314 2583 1355 2636 rei
1374 2581 1497 2653 ponitur.
1513 2580 1595 2635 Unde
1607 2587 1651 2634 est
1667 2597 1673 2632 :
1696 2579 1775 2633 i'orbs'

127 2670 293 2726 retinemus.
970 2675 1043 2742 quod
1052 2675 1196 2726 maratonii
1212 2675 1242 2725 in
1251 2674 1330 2726 mitto
1336 2674 1525 2739 generationes
1535 2667 1776 2739 (Ps.crv).Namat

432 2744 549 2801 CAPUT
566 2746 627 2802 XX·
971 2762 1126 2816 secundum
1138 2762 1302 2815 secularem
1316 2759 1485 2831 sapientiam
1495 2758 1637 2830 perfectus
1647 2756 1772 2827 sst,quia

166 2850 200 2903 in
222 2851 280 2903 uidi
294 2848 382 2903 alium
403 2852 535 2918 angeium
550 2852 753 2906 dsscendentem
763 2854 795 2906 de
807 2852 870 2908 cour
883 2854 931 2906 hu·
972 2854 1129 2904 constater
1147 2849 1264 2903 denario
1273 2848 1302 2903 iu
1322 2843 1353 2902 se
1367 2840 1563 2918 multiplicato⁴
1584 2845 1682 2901 Decios
1696 2845 1772 2899 enim

130 2939 236 2992 beatem
250 2941 353 2992 clasem
362 2940 464 3007 abyssi,
478 2940 502 2991 ct
514 2944 640 2993 catenant
654 2955 787 3008 magnoni
800 2945 832 2995 ln
843 2955 931 2995 monn
972 2941 1038 2996 deni
1047 2943 1248 2996 oentumllunt·
1259 2942 1327 3005 Quae
1335 2942 1394 3011 jam
1404 2942 1559 3011 liguranon
1571 2937 1773 3011 quadrata‚sed

130 3042 193 3081 sua.
206 3028 288 3082 Nunc
301 3027 451 3081 revertitur
461 3027 497 3081 sd
511 3028 703 3098 superiors,id
717 3033 760 3084 est
772 3029 808 3084 ad
822 3046 856 3084 ea
869 3045 931 3101 que
941 2986 963 3055 C
972 3031 1056 3101 plana
1068 3035 1119 3083 est.
1131 3029 1230 3084 Decies
1244 3035 1339 3085 autem
1353 3034 1467 3084 centum
1482 3029 1570 3094 mille,
1581 3028 1629 3099 qai
1637 3038 1776 3082 wmarus

130 3119 198 3169 anta
208 3116 358 3169 adventurn
368 3113 472 3168 Olrristi
482 3111 646 3181 secundum,
658 3117 818 3171 factasunt.
830 3116 864 3171 In
879 3119 931 3171 hac
970 3119 1002 3172 in
1017 3118 1196 3172 altitudinem
1210 3130 1328 3189 surgens
1345 3116 1464 3173 solidam
1483 3108 1605 3188 figuram
1618 3116 1721 3170 reddit.
1738 3115 1775 3170 Et

131 3204 208 3257 enim
221 3203 369 3275 prophetia
382 3217 438 3257 non
452 3202 931 3276 servaturordohistoriae,Aageius
971 3207 1035 3261 ideo
1050 3207 1095 3261 hic
1107 3222 1243 3260 numerus
1262 3211 1379 3278 propter
1401 3206 1446 3260 sui
1473 3206 1675 3277 perfectionem
1688 3210 1776 3258 omne

130 3298 226 3347 autem
242 3292 372 3346 hioidem
396 3287 506 3362 estqui
531 3299 560 3346 st
582 3309 679 3363 supra,
692 3290 722 3347 id
737 3300 781 3348 sst
795 3293 931 3350 Dominus
971 3295 1113 3367 significat
1138 3300 1250 3366 tempus
1271 3296 1324 3350 hoc
1338 3306 1504 3367 praesensa
1527 3292 1639 3349 Domini
1667 3291 1774 3346 scilieet

130 3380 582 3452 iesuschristus,quiaproplieta
591 3385 804 3449 manicomitii
815 3388 931 3453 anseius
971 3385 1102 3456 passione
1122 3398 1211 3455 usque
1230 3385 1265 3438 ad
1280 3386 1366 3439 finem
1380 3380 1484 3451 saculi,
1503 3387 1531 3438 et
1543 3384 1586 3438 hic
1604 3386 1697 3438 totum
1721 3397 1777 3453 pro

131 3471 298 3542 appellatur.
312 3471 367 3524 Sed
378 3487 433 3541 quo
445 3471 600 3538 descendit,
613 3471 661 3543 qui
674 3471 853 3544 ubiquesstl
866 3474 931 3545 lpse
970 3478 1052 3546 parte
1069 3474 1192 3544 positum
1216 3478 1268 3538 est,
1294 3474 1361 3543 quia
1381 3473 1460 3527 milis
1477 3472 1544 3526 suni
1566 3470 1775 3542 quantumlibet

131 3558 435 3629 enimperproplretam
445 3559 823 3629 dicitzdclnmetterromopo
832 3565 931 3631 impleo
970 3568 1083 3632 tempus
1094 3561 1224 3615 Ecclesiae
1235 3562 1406 3631 exprimunt,
1414 3561 1443 3613 id
1456 3563 1500 3614 est
1509 3575 1599 3629 usque
1608 3559 1644 3613 ad
1653 3568 1774 3628 regnum

132 3649 200 3719 (ier.
215 3652 301 3715 xxiii).
317 3647 353 3701 Et
368 3648 435 3718 quia
449 3653 527 3701 extra
541 3649 642 3702 celum
656 3655 683 3702 et
697 3654 805 3704 terram
820 3655 931 3704 nonest
970 3649 1147 3706 antichristi.
1162 3650 1195 3703 in
1209 3649 1262 3702 hoc
1272 3653 1400 3718 tempore
1413 3648 1518 3725 ligatus
1536 3648 1580 3701 est
1592 3646 1720 3700 diabolus
1743 3645 1775 3700 iit

129 3737 218 3802 locus,
232 3736 520 3791 descensioilliusnon
531 3737 660 3790 estaliud
675 3753 759 3808 quam
775 3739 931 3809 assumptio
970 3737 1082 3810 abysso,
1104 3737 1134 3790 ld
1151 3740 1203 3802 est,
1213 3737 1243 3791 in
1266 3734 1397 3791 cordibus
1409 3726 1567 3790 infidessum
1583 3738 1611 3789 et
1625 3733 1774 3789 homiuum

129 3824 317 3879 humanitatis
328 3825 416 3878 :unde
429 3825 581 3895 Apostolus
590 3827 630 3879 ait
642 3840 648 3879 i
662 3825 787 3892 Quicum
799 3830 830 3880 tn
838 3829 932 3894 formo
971 3842 1176 3898 perversorum,
1193 3825 1242 3880 ubi
1254 3829 1283 3879 et
1297 3826 1366 3880 latet
1378 3829 1407 3878 et
1421 3829 1616 3896 regnatusque
1627 3824 1661 3878 ad
1672 3823 1776 3878 aciens

130 3917 255 3969 Delasset
265 3930 321 3968 non
331 3916 629 3982 repiinumorbitrotus
640 3920 677 3968 est
691 3932 744 3969 esso
758 3932 785 3969 se
799 3919 931 3983 speculem
972 3922 1033 3971 tum
1048 3914 1337 3986 Antichristi,quand0
1352 3915 1475 3969 solvetur
1492 3914 1526 3968 de
1541 3928 1591 3968 suo
1607 3929 1729 3979 carcere,
1745 3915 1775 3969 et

130 4003 193 4068 ileo,
210 4005 255 4055 sed
267 4005 440 4071 seniotipsum
450 4006 606 4056 exinanivit
614 4006 646 4056 in
658 4006 874 4059 similitudinem
882 4006 931 4058 lio·
971 4005 1105 4077 procedet
1118 4004 1153 4058 ad
1173 4009 1285 4075 apertas
1301 4002 1490 4074 blasphemias
1504 4006 1532 4058 et
1546 4003 1769 4075 persecutiones

130 4092 243 4142 niteam
257 4090 347 4157 suctus
356 4095 381 4142 st
392 4091 489 4143 babitu
500 4094 629 4144 inventus
639 4092 932 4158 cenomanensium
975 4095 1029 4149 Sed
1043 4094 1146 4148 mirum
1162 4101 1205 4148 est
1220 4092 1360 4164 quomodo
1379 4092 1408 4146 in
1422 4092 1556 4164 abyssum
1570 4093 1645 4147 mitti
1659 4091 1772 4155 dicitur,

130 4182 304 4246 senectipsmu
314 4179 403 4245 factus
413 4180 676 4246 obedr'ensnspurod
683 4186 933 4247 memonasterium
973 4199 1037 4238 cum
1070 4182 1109 4237 ibi
1134 4185 1200 4236 ante
1226 4186 1309 4246 esset,
1338 4181 1405 4251 quia
1433 4180 1562 4236 videlicet
1585 4180 1668 4252 Juxta
1698 4181 1775 4252 quod

131 4271 225 4319 autem
250 4269 340 4319 crucis
355 4268 453 4333 (Pirit.
474 4272 514 4332 nl.
543 4264 670 4322 Deculo
696 4269 934 4341 descenditque
973 4288 1047 4343 saepe
1077 4271 1206 4342 superius
1245 4270 1350 4325 dictum
1382 4275 1434 4339 est,
1468 4271 1575 4341 ejectus
1599 4285 1616 4324 a
1643 4269 1776 4325 fidelibus

129 4354 513 4426 humefactus,psulominus
528 4356 563 4410 ab
578 4357 684 4427 angelis
703 4343 1096 4419 minoratusest.Datrocius
1118 4360 1203 4431 coepit
1229 4359 1370 4414 dominari
1392 4359 1422 4414 iu
1450 4356 1519 4416 suis.
1546 4359 1580 4415 ln
1608 4360 1718 4427 cluunt,
1745 4359 1776 4414 id

130 4444 327 4499 Glarisautcm
340 4443 444 4515 abyssi,
457 4445 588 4499 discretio
603 4447 780 4517 intelligitur,
793 4450 933 4519 quaDeus
974 4454 1025 4513 est,
1043 4454 1210 4520 potestatem
1229 4444 1390 4519 egrediendi
1405 4448 1446 4503 illl
1471 4448 1626 4516 interdixit,
1648 4464 1685 4504 ne
1708 4446 1775 4503 alibi

131 4533 932 4607 omnipotensaliquandoreprobasseevirepermittitcon·
972 4555 1086 4610 gressus
1108 4537 1240 4609 nequities
1255 4538 1396 4604 extendat,
1421 4538 1476 4592 nisi
1502 4554 1557 4610 quo
1580 4540 1719 4594 occuitum
1746 4543 1776 4591 et

130 4628 177 4676 tra
193 4622 353 4686 Ecclesiam,
379 4628 517 4692 quantum
548 4624 601 4677 scit
623 4624 691 4678 utile
711 4627 881 4681 :etiterum
896 4644 933 4682 ne
971 4629 1080 4699 justum
1095 4627 1145 4681 Dei
1159 4627 1297 4697 judicium
1323 4626 1479 4697 permittat.
1503 4628 1537 4681 Et
1556 4630 1677 4694 signavit
1691 4639 1775 4694 super

106 4785 110 4792 ι
130 4715 243 4764 tantum
254 4716 373 4764 noceant
384 4716 520 4781 quantum
531 4713 637 4778 volunt,
649 4712 758 4769 aditum
771 4716 933 4786 egrediendi
974 4718 1067 4782 itiam,
1084 4715 1113 4769 id
1139 4718 1182 4770 est
1196 4715 1341 4787 sigillavit,
1358 4720 1389 4768 ut
1413 4728 1447 4768 ea
1474 4711 1559 4768 etiam
1584 4727 1645 4784 quse
1669 4713 1720 4768 sub
1744 4728 1775 4768 se

131 4806 161 4854 et
175 4799 294 4853 nocendi
322 4799 362 4853 eis
386 4800 494 4854 adimit.
515 4801 641 4872 abyssus
656 4803 731 4857 enim
748 4806 888 4875 profunda
906 4810 934 4860 et
974 4804 1068 4871 habet,
1079 4803 1187 4859 lateant
1198 4805 1289 4859 iilum,
1305 4800 1338 4859 ln
1351 4804 1403 4857 hoc
1418 4803 1492 4857 enim
1503 4800 1632 4857 diabolus
1647 4800 1776 4872 signatus

131 4888 282 4943 tenebrosa
308 4889 449 4959 significat
462 4891 546 4944 corda
561 4890 712 4962 impiorum
734 4893 892 4960 hominurn,
904 4894 933 4949 et
974 4902 1017 4950 est
1034 4914 1040 4950 ε
1060 4892 1124 4963 quia
1153 4892 1201 4962 qui
1225 4892 1282 4946 sint
1299 4890 1342 4944 rel
1366 4906 1400 4944 ex
1425 4890 1468 4943 his
1485 4904 1555 4961 quos
1568 4894 1655 4955 tenet,
1671 4891 1716 4945 vel
1742 4906 1777 4946 ex

132 4977 206 5031 sicut
222 4992 254 5031 ex
270 4977 339 5030 clari
357 4978 483 5048 aperitur
496 4979 599 5034 ostium
614 4986 642 5034 et
662 4981 766 5054 iterum
781 4983 931 5050 clauditur,
975 4984 1019 5036 his
1033 4997 1103 5052 quos
1118 4981 1222 5045 amisit,
1241 4979 1289 5050 qui
1303 4979 1337 5033 ad
1353 4979 1506 5033 electorum
1521 4987 1670 5035 numerum
1688 4980 1778 5053 perti·
1876 5046 1882 5058 ¹

131 5067 172 5120 sic
186 5065 371 5131 diabolus‚vei
385 5068 446 5136 eJ'us
461 5068 586 5122 membra
601 5070 684 5123 modo
706 5071 802 5124 saevire
815 5071 933 5141 permit·
974 5074 1071 5135 neunt,
1100 5084 1152 5123 nec
1179 5069 1239 5139 ipse
1263 5067 1458 5123 diabolusnec
1473 5067 1691 5125 membralllius
1706 5069 1777 5125 scire

132 5160 242 5220 tantur,
257 5154 421 5210 modoexire
432 5157 624 5227 prohibentur.
638 5159 693 5211 Per
714 5163 843 5213 catenam
858 5175 933 5225 vero,
976 5165 1104 5232 possunt,
1119 5157 1168 5213 sed
1183 5157 1231 5211 ille
1245 5158 1321 5211 solus
1340 5173 1357 5210 a
1374 5155 1429 5227 quo
1444 5152 1569 5210 inclusus
1583 5161 1706 5215 tenetur.
1721 5159 1779 5213 uli-

131 5242 304 5298 inesitabiiis
320 5245 373 5299 liei
383 5251 507 5315 potestas
522 5247 762 5317 exprimitur,quae
773 5247 936 5302 omniacin·
977 5248 1089 5319 quando
1103 5247 1179 5302 enim
1192 5246 1308 5318 quidam
1322 5262 1354 5300 ex
1367 5244 1412 5299 his
1423 5244 1470 5318 qui
1482 5245 1544 5317 ejus
1567 5261 1628 5301 esse
1649 5246 1781 5302 videbam

131 5334 182 5404 git,
195 5334 290 5386 omnio
304 5333 511 5404 complectitur,
528 5351 611 5404 quam
629 5334 713 5389 habet
730 5335 759 5389 in
776 5349 871 5397 uranu,
884 5337 936 5391 hoc
977 5343 1034 5402 tur,
1050 5335 1143 5390 subito
1158 5335 1194 5391 ad
1208 5336 1361 5390 electorum
1378 5348 1529 5389 numerum
1542 5340 1711 5390 transeunt:
1729 5334 1780 5388 ali-

134 5428 177 5476 est
190 5422 219 5475 in
235 5428 373 5493 potestate
386 5422 470 5477 Verbi
492 5438 543 5492 per
558 5420 632 5492 quod
656 5424 752 5477 omnia
772 5424 935 5492 factasunt,
979 5424 1171 5498 quandovero
1194 5441 1228 5478 ex
1246 5422 1290 5478 his
1312 5424 1361 5495 qui
1376 5423 1532 5480 dominium
1558 5427 1619 5496 eius
1634 5421 1781 5478 evaserant
1890 5446 1898 5455 ·

133 5526 185 5583 per
199 5527 285 5583 quarn
298 5512 360 5583 ipse
372 5513 488 5568 virtutes
504 5516 533 5567 st
544 5512 681 5567 muscula
692 5512 767 5581 lecit,
785 5516 837 5584 per
851 5528 937 5585 quam
977 5513 1014 5569 ad
1027 5526 1183 5584 eumquem
1196 5512 1382 5592 deseruerant
1395 5504 1781 5570 revertuntur.llribtritcnim
