3818 6104
127 240 182 334 lbb
342 280 533 337 datuurus
552 279 797 337 HALBERSTAT.
817 279 932 335 detsc.
953 280 1032 338 OPP.
1053 282 1145 337 PARS
1164 281 1184 336 l.
1207 312 1240 324 -
1259 281 1446 341 comus.
1467 282 1559 339 atuh
1713 281 1766 339 lbi

130 419 193 459 cum
207 403 327 474 peccatis
341 403 480 459 ultionem
493 405 769 470 feccrit,visitabitin
782 404 855 460 bono
864 411 961 476 gre-A
971 407 1116 479 temporis,
1131 413 1209 462 retc.
1221 407 1411 462 Nihilominus
1420 405 1523 462 hoecab
1537 405 1702 463 ilebroeisad
1710 406 1769 463 lla·

132 508 196 563 gem
216 493 430 558 suum,domum
441 493 524 558 luda,
539 495 566 548 id
582 501 625 548 est
639 495 747 565 eosqui
762 495 851 548 Deum
867 509 933 548 voce
975 495 1101 551 clrabaeoa
1114 496 1284 559 referuntur,
1293 495 1366 567 quod
1377 496 1516 568 superatis
1526 495 1657 551 hostibus
1669 495 1769 551 domus

22 647 29 655 ,
130 587 160 636 et
174 580 487 637 moribusconfrtentur.
505 583 539 637 Et
553 590 638 654 ponet
656 599 704 636 eos
723 582 805 653 quasi
828 598 932 653 equum
973 582 1059 652 Juda,
1075 584 1160 639 idest
1175 585 1236 640 dua
1251 583 1354 652 tribus,
1368 590 1398 639 et
1418 584 1519 639 domus
1544 583 1661 654 loseph,
1676 583 1704 638 id
1728 590 1770 638 est

130 668 236 739 gloriae,
254 670 319 740 quia
336 670 493 740 praesidebit
506 670 555 731 eis,
570 678 599 725 ct
613 680 692 742 reget
704 672 776 737 illos,
793 678 821 726 et
835 671 862 727 in
877 670 932 725 illis
972 672 1071 727 decem
1094 672 1184 729 tribus
1210 673 1401 740 salvabuntur,
1416 679 1446 728 et
1459 672 1498 727 sic
1511 672 1681 745 gaudebunt
1691 672 1772 744 quasi

131 757 270 811 mirabilis
293 758 449 829 apparebit.
468 758 509 813 Do
527 759 570 813 his
592 761 671 830 equis
689 760 824 832 propheta
838 757 929 812 dixit:
973 760 1042 816 ebrii
1056 762 1133 818 vino.
1153 762 1231 817 Tunc
1244 779 1356 834 quoque
1368 759 1552 819 sociabuntur
1565 762 1771 819 duaeetdecsm

131 845 183 908 Qui
194 846 412 917 ascenditsuper
418 863 504 917 equos
519 853 593 914 tuos,
615 854 644 902 et
658 849 801 920 equitatus
813 853 879 902 tuus
889 864 933 902 sa·
971 849 1137 922 tribusque
1146 850 1375 905 subllieroboam
1383 850 1420 905 ab
1432 850 1552 906 invicem
1561 856 1702 923 separate
1711 853 1772 908 fue·

130 933 214 988 altas.
972 945 1045 1004 rant,
1060 945 1089 993 et
1114 944 1181 994 tunc
1209 944 1293 994 erunt
1318 939 1392 994 sicut
1409 940 1525 994 fuemut
1543 945 1701 1011 antequam
1720 957 1768 997 eos

168 1043 180 1075 r
198 1024 236 1078 Ex
249 1025 319 1096 ipso,
331 1042 343 1077 r
360 1024 386 1078 id
400 1025 505 1096 estqui
519 1031 605 1096 ponet
615 1042 663 1080 eos
671 1026 752 1097 quasi
761 1042 864 1096 equum
873 1025 932 1095 glo·
972 1026 1107 1081 Dominus
1118 1027 1295 1098 proiecisset.
1316 1027 1380 1082 Filii
1396 1043 1508 1099 quoque
1527 1044 1630 1083 eorum
1644 1028 1772 1083 videntes

129 1111 179 1166 riae
197 1130 266 1175 suae,
290 1114 345 1168 erit
362 1115 516 1184 «angelus,
533 1135 545 1164 v
562 1114 649 1169 idest
668 1116 808 1185 perfectus
831 1115 931 1185 aliquis
972 1116 1129 1187 triumphos
1143 1122 1302 1187 parentum,
1317 1115 1490 1171 letabuntur
1502 1117 1531 1170 in
1547 1116 1681 1173 Domino.

129 1201 176 1272 qui
196 1203 273 1256 velut
291 1203 363 1273 lapis
386 1202 529 1272 angularis
544 1203 698 1259 continebit
719 1209 748 1258 et
760 1203 928 1257 confortabit
1007 1203 1155 1259 «Sibilubo
1171 1204 1221 1266 eis,
1238 1211 1266 1259 ct
1280 1204 1457 1275 congregabo
1476 1205 1551 1270 illos,
1572 1205 1643 1277 quia
1662 1205 1768 1260 redemi

129 1289 297 1343 constitutos
306 1289 334 1343 in
346 1290 510 1343 certaraiue.
533 1290 567 1345 Et
578 1308 591 1343 s
602 1307 634 1344 ex
650 1291 710 1362 ipso
723 1314 736 1339 u
751 1291 825 1346 erit«
841 1291 930 1362 paxil·
970 1308 1028 1358 eos,
1044 1298 1073 1347 et
1091 1293 1282 1363 multiplicabo
1297 1310 1344 1347 eos
1361 1293 1434 1347 sicut
1448 1298 1532 1347 antea
1547 1294 1665 1349 fuerant
1679 1293 1770 1348 multi·

129 1376 204 1430 lus»
226 1377 341 1430 lrurnilis
356 1377 457 1449 aliquis
472 1378 501 1431 in
516 1379 647 1442 Ecclesia,
664 1385 798 1434 ettarneu
813 1396 865 1434 sua
879 1396 928 1450 pa·
970 1381 1075 1452 plicati,
1101 1389 1130 1436 et
1152 1381 1296 1436 seminabo
1320 1397 1368 1436 eos
1383 1382 1412 1435 in
1432 1382 1552 1452 populis.
1580 1400 1593 1433 s
1612 1382 1767 1437 Sacratiore

129 1463 230 1519 tientia
244 1465 368 1536 reliquos
387 1467 467 1536 quasi
480 1473 626 1522 extensum
641 1468 783 1522 sustinens
801 1467 930 1522 taberna·
971 1484 1055 1523 sensu
1065 1468 1190 1523 sibilabit
1200 1470 1345 1532 Dominus,
1358 1469 1386 1523 id
1396 1474 1440 1524 est
1448 1469 1561 1540 signum
1571 1469 1660 1524 faciet
1669 1469 1714 1523 his
1724 1470 1767 1541 qui

131 1552 225 1607 culurn
253 1554 288 1607 Et
301 1574 312 1605 r
327 1570 358 1606 er
369 1553 430 1624 ipso
441 1571 523 1611 arcus
533 1555 652 1626 praelii,v
666 1557 694 1610 id
704 1564 748 1611 est
753 1556 930 1627 predicator,
972 1558 1094 1628 peccabo
1107 1558 1219 1612 fuerant
1233 1558 1363 1629 dispersi,
1380 1565 1413 1612 ut
1427 1558 1461 1611 ad
1479 1557 1571 1628 ipsum
1590 1558 1720 1612 redeant.
1738 1557 1767 1613 ta

129 1643 223 1713 jacula
241 1643 467 1698 comminationis
482 1646 673 1716 peccatoribus
687 1647 852 1702 immittens.
869 1665 882 1699 s
897 1647 933 1702 Et
972 1646 1098 1717 loquitur
1112 1647 1140 1701 in
1164 1646 1332 1716 Evangelio:
1352 1667 1364 1698 ι
1380 1646 1480 1701 Venite
1493 1646 1528 1700 ad
1544 1662 1590 1700 me
1605 1645 1767 1717 omnesqui

131 1747 165 1785 ex
181 1731 240 1802 ipso
255 1733 415 1802 egredietur
429 1735 520 1788 omnis
535 1741 646 1789 exactor
659 1736 775 1795 simul.»
788 1737 836 1807 qui
850 1736 930 1808 quasi
941 1714 1340 1788 Blaboratisetoneratiestis.
1351 1735 1582 1804 rOongregantur
1592 1734 1769 1804 autem.quia

131 1826 214 1890 cogat
226 1821 362 1886 nolentes,
379 1827 407 1875 et
421 1823 514 1893 exigat
530 1829 561 1877 ut
575 1824 687 1879 Christo
702 1824 932 1896 subdanturper·
971 1823 1107 1877 Dominus
1121 1822 1241 1877 redemit
1255 1840 1303 1877 eos
1321 1823 1445 1894 pretioso
1459 1822 1597 1893 sanguine
1607 1822 1770 1880 suo.llulti-

130 1907 224 1963 territi
244 1909 393 1964 formidine
405 1911 513 1981 judicii,
529 1929 593 1967 curn
609 1914 729 1968 audiunt
747 1920 852 1985 quanta
866 1915 931 1969 infl·
972 1911 1121 1982 plicantur,
1138 1911 1203 1982 quia
1219 1910 1294 1966 sicut
1308 1917 1392 1965 antea
1405 1911 1517 1965 fuerant
1531 1910 1726 1982 multiplicati,
1742 1910 1771 1965 id

131 1995 242 2051 delibus
256 1997 313 2052 sint
324 1999 460 2069 supplicia
474 2009 638 2072 preparata.
972 2006 1016 2056 est
1028 2002 1182 2055 secundum
1197 2000 1271 2070 quod
1282 2000 1316 2053 ad
1333 1999 1476 2054 llbraham
1497 1999 1606 2053 dictum
1623 2005 1669 2054 est
1685 2016 1691 2051 :
1710 2020 1721 2050 ι
1739 2001 1770 2054 ln

170 2103 184 2139 a
203 2085 238 2140 at
250 2093 334 2141 erunt
347 2088 428 2159 quasi
442 2089 538 2149 fortes,
554 2091 751 2146 conculcantes
765 2093 855 2146 lutum
876 2093 932 2147 via·
972 2090 1080 2144 semine
1089 2096 1138 2144 tuo
1154 2088 1355 2143 benedicentur
1364 2105 1461 2143 omnes
1467 2094 1596 2159 gentes.»
1610 2088 1645 2142 Et
1655 2089 1772 2159 tlposto-

132 2190 195 2228 rum
209 2174 239 2229 in
254 2176 626 2249 proelio,etbellabunt.quia
637 2179 772 2235 Dominus
782 2198 845 2235 cum
856 2181 929 2238 eis.»
973 2179 1017 2233 lus
1032 2197 1037 2232 :
1056 2198 1067 2230 r
1086 2179 1229 2249 Quotquot
1241 2194 1274 2231 ex
1289 2177 1343 2232 lide
1356 2183 1423 2231 sunt
1440 2175 1569 2241 Abrahae,
1593 2176 1624 2231 hi
1638 2177 1691 2230 filii
1705 2182 1772 2231 sunt

132 2262 204 2316 Cum
222 2263 328 2318 fuerint
341 2281 391 2334 pro
404 2264 515 2320 Christo
529 2267 665 2337 martyrio
673 2268 808 2333 coronati,
817 2270 931 2325 etdrxe·
972 2267 1100 2322 Abrahae.
1115 2286 1126 2319 r
1140 2266 1438 2337 Seminanturquoque
1449 2265 1478 2319 in
1488 2263 1609 2336 populis,
1622 2270 1656 2319 ut
1670 2264 1700 2319 in
1710 2281 1772 2319 om-

132 2351 190 2405 riut
216 2368 279 2407 curn
300 2352 450 2407 Psalmista
466 2373 471 2407 :
490 2354 519 2408 Si
538 2355 693 2410 consistant
711 2356 857 2412 adversum
886 2375 932 2414 me
971 2357 1054 2411 nibus
1067 2355 1199 2427 gentibus
1210 2354 1352 2410 Christum
1364 2352 1696 2425 annuntientsicutipse
1703 2370 1773 2423 pra-

131 2444 233 2503 costra,
247 2445 300 2495 etc.
311 2440 367 2496 Sed
382 2442 434 2497 hoc
447 2442 508 2496 loco
516 2442 624 2499 Hebraei
634 2451 785 2516 exponunt,
798 2447 873 2516 quod
883 2447 932 2502 illa
971 2444 1044 2515 cepit
1059 2459 1065 2493 :
1081 2464 1093 2495 ι
1110 2444 1216 2497 Euntes
1230 2441 1257 2494 in
1272 2441 1409 2495 mundum
1429 2441 1602 2506 universum,
1617 2440 1772 2512 predicate

132 2529 290 2600 persecutio
306 2546 368 2600 quae
383 2531 397 2584 J
402 2531 487 2585 udaeis
508 2533 627 2602 contigit
649 2532 701 2588 sub
713 2535 860 2600 Antiocho,
882 2553 932 2607 per
973 2532 1153 2603 Evangelium
1167 2530 1244 2585 omni
1258 2535 1403 2586 creature.
1421 2549 1433 2582 v

133 2617 244 2688 culpam
258 2618 407 2688 contigerit
423 2620 633 2690 magistrorum,
654 2628 683 2675 ct
703 2621 766 2676 ideo
782 2623 935 2679 visitaverit
1013 2640 1025 2671 ι
1041 2621 1075 2674 Et
1088 2620 1122 2673 de
1137 2619 1220 2688 longe
1230 2617 1453 2672 recordabuntur
1465 2618 1529 2675 mei-
1541 2617 1775 2682 ”Quibuslerbiss

133 2722 219 2777 super
231 2706 332 2770 hircos,
348 2707 377 2761 id
392 2713 435 2762 est
447 2709 591 2778 populum,
602 2714 630 2764 ct
645 2711 793 2766 tradiderit
804 2729 852 2766 eos
862 2728 932 2782 gen·
971 2715 1070 2779 gentes
1084 2708 1313 2778 innuuntur,quae
1327 2708 1409 2777 longe
1423 2712 1567 2777 erantprae
1576 2706 1747 2761 infidelitate
1758 2723 1776 2759 a

131 2793 217 2857 tibus,
229 2802 327 2866 postea
335 2796 489 2851 visitaverit
501 2814 616 2868 gregem
629 2815 711 2853 suum
722 2800 836 2855 domum
849 2802 863 2856 J
867 2802 931 2870 uda,
974 2799 1046 2864 Deo;
1059 2797 1094 2851 de
1109 2796 1216 2879 quibus¹
1227 2795 1378 2852 Psalmista
1396 2813 1419 2848 :v
1432 2795 1664 2850 Reminisceutur
1672 2801 1702 2850 et
1711 2808 1775 2850 cort·

132 2884 294 2939 suscitando
312 2884 368 2939 illis
385 2886 487 2939 ludam
504 2886 694 2942 Machabaeum
710 2893 739 2942 et
753 2895 869 2944 caeteros
887 2891 935 2962 qui
976 2890 1120 2940 vertentur
1128 2884 1165 2938 ad
1172 2884 1333 2949 Dominum,
1350 2873 1774 2955 »θὶῆΰίῐῐῑῡΐῒΰίθΐὶηῑρθῦθθ-

134 2972 215 3043 quasi
231 2988 320 3043 equus
330 2973 427 3043 gloriae
439 2974 563 3029 fuerunt.
580 2976 660 3044 Quod
676 2993 741 3031 vero
754 2977 858 3033 dicitur
874 2998 880 3033 :
896 2980 934 3033 Ex
975 2974 1022 3029 tis.
1040 2999 1048 3021 ι
1068 2974 1102 3028 Et
1115 2973 1207 3026 vivent
1221 2989 1284 3027 cum
1295 2973 1360 3027 tiliis
1374 2972 1443 3035 suis,
1455 2992 1468 3020 ι
1485 2972 1542 3026 illis
1556 2972 1691 3027 videlieet
1704 2988 1774 3043 quos

132 3059 193 3131 ipso
208 3062 325 3131 angelus
339 3068 369 3117 et
382 3079 415 3117 ex
425 3063 485 3133 ipso
500 3063 628 3133 paxillus,
644 3067 779 3135 angulum
794 3067 933 3138 interpre-
975 3062 1316 3134 praedicandogenuerunt
1326 3060 1563 3115 Christo.Talibus
1574 3060 1644 3115 dicit
1654 3061 1774 3131 Aposto-

134 3158 231 3206 tantur
245 3152 352 3222 regiam
368 3158 546 3224 potestatem,
563 3155 638 3222 quod
653 3155 723 3209 duos
737 3157 858 3226 parietes
867 3173 933 3212 con·
975 3153 1019 3206 lus
1035 3169 1058 3203 :r
1067 3150 1212 3220 Tanquam
1226 3149 1349 3220 parvulis
1360 3149 1390 3202 in
1403 3148 1524 3215 Christo,
1535 3149 1578 3202 lac
1587 3147 1772 3221 vobispoturn

132 3240 240 3305 tineat;
252 3241 468 3312 paxillumvero,
477 3243 675 3296 sacerdotium.
689 3243 727 3297 Ex
738 3244 798 3315 ipso
812 3252 931 3311 exactor,
974 3239 1048 3304 dedi,
1065 3255 1121 3294 non
1136 3254 1238 3292 escam.
1257 3257 1269 3288 r

133 3328 161 3383 id
174 3335 217 3383 est
228 3346 325 3384 omnes
340 3329 402 3383 aliae
416 3329 539 3384 minores
553 3330 716 3400 dignitates,
728 3340 760 3386 ut
769 3333 806 3387 sit
815 3349 931 3388 sensus:
1012 3350 1025 3376 a
1040 3328 1074 3382 Et
1088 3331 1271 3390 revertentur,
1284 3330 1313 3381 et
1327 3325 1459 3380 reducam
1474 3340 1522 3379 eos
1537 3325 1573 3379 de
1587 3332 1666 3381 terra
1688 3327 1774 3399 AEgy·

133 3416 219 3472 Nulla
228 3417 283 3471 erit
297 3416 430 3487 dignitas,
445 3434 506 3487 quae
519 3434 574 3471 non
588 3418 672 3482 illius,
687 3419 714 3472 id
729 3426 773 3474 est
785 3420 864 3475 luda
874 3422 936 3475 Ma·
976 3417 1027 3487 pti,
1045 3437 1055 3466 r
1070 3416 1098 3469 id
1108 3422 1152 3470 est
1165 3416 1200 3470 de
1214 3414 1338 3470 tenebris
1353 3414 1529 3485 ignorantiae,
1549 3415 1699 3485 inquibus
1719 3417 1776 3471 dia·

134 3505 238 3560 chabaei
254 3505 421 3575 disponatur
435 3504 565 3562 arbitrio.
976 3503 1055 3559 bolus
1070 3510 1178 3574 regnat.
1196 3522 1210 3555 e
1226 3504 1261 3558 Et
1273 3504 1308 3557 de
1321 3503 1444 3574 Assyriis
1459 3502 1638 3573 congregabo
1647 3520 1696 3558 eos
1715 3505 1775 3560 »de

76 3574 83 3588 ⁶
172 3614 183 3646 r
197 3594 445 3648 Etconfundentur
459 3610 621 3648 ascensores
633 3611 769 3666 equorum
786 3602 815 3649 ct
829 3597 936 3651 confor-
976 3593 1095 3664 superbo
1108 3609 1192 3647 seusu
1208 3593 1286 3662 pravi
1298 3591 1438 3661 dogmatis
1452 3591 1680 3647 hamilcar-urna
1691 3593 1727 3647 Et
1741 3593 1776 3648 ad

105 3697 117 3714 ²
133 3682 199 3737 tabo
213 3682 327 3736 domum
346 3680 431 3747 Juda,
457 3689 486 3735 et
502 3683 616 3737 domum
632 3684 734 3755 loseph
754 3685 875 3739 salvabo
903 3686 936 3740 Et
975 3688 1080 3736 terram
1101 3680 1207 3735 Galaad
1218 3686 1247 3733 et
1261 3679 1359 3734 Libani
1374 3679 1511 3733 advlucarc
1522 3695 1580 3744 eos,
1590 3686 1620 3733 et
1634 3681 1779 3734 nouinve·

135 3774 358 3835 convertamus,
368 3769 433 3838 quia
444 3770 598 3824 miserebor
606 3788 703 3825 eorum
708 3778 752 3841 ,et
764 3780 847 3827 erunt
853 3774 936 3828 sicuti
976 3771 1071 3824 nietur
1080 3770 1120 3824 eis
1133 3767 1348 3823 locustalaad
1361 3768 1565 3838 interpretatur
1574 3767 1772 3823 testimonium

134 3856 371 3929 fueruntquando
386 3875 441 3913 non
459 3862 631 3931 projeceram
647 3878 703 3915 eos.
721 3862 779 3932 Ego
794 3863 867 3917 enim
884 3864 936 3917 Do·
977 3857 1243 3928 transmigrationis,
1264 3857 1384 3910 Libanus
1408 3856 1559 3910 dealbatio.
1589 3856 1779 3912 Reducuntur

134 3947 227 4002 minus
242 3948 317 4002 Deus
343 3964 440 4002 eorum
467 3949 614 4003 exaudiam
632 3967 689 4004 eos.
706 3970 718 4003 r
742 3952 804 4006 llveo
824 3967 935 4022 quoque
976 3963 1042 4017 ergo
1053 3946 1087 3998 ad
1103 3952 1209 3998 terrant
1223 3943 1390 4013 Galaad,qui
1406 3943 1440 3996 de
1455 3942 1616 3997 carnalibus
1624 3950 1780 3999 transeunt

131 4037 935 4112 juxtasuperioremaccipiendasuntintellectum,quando
976 4030 1783 4105 adspiritualiaetdeterrenisadcoelestia.hdducuutur

134 4133 163 4180 et
185 4126 425 4196 persecutionibus
451 4128 621 4181 confortabit
648 4130 784 4184 horninus
799 4136 936 4200 martyres
977 4124 1012 4177 ad
1026 4130 1131 4177 terram
1145 4120 1254 4177 Libani.
1271 4119 1320 4190 qui
1338 4119 1468 4188 deposita
1481 4119 1628 4189 nigredine
1644 4129 1782 4191 peccatto-

90 4207 97 4219 ‘
134 4227 210 4276 suos,
222 4220 251 4266 et
264 4213 419 4283 desperatis
434 4213 735 4283 praestabitaurilium,
747 4217 936 4271 tuncconfun-
977 4229 1051 4276 rum,
1067 4210 1235 4266 dealbantur
1254 4208 1433 4278 baptismate,
1448 4213 1544 4278 postea
1556 4208 1654 4263 educti
1668 4208 1706 4263 de
1716 4226 1785 4263 cor-

135 4299 238 4353 dentur
252 4315 414 4353 ascensores
425 4316 570 4371 equorum,
582 4303 610 4356 id
624 4308 667 4356 cst
681 4304 794 4373 superbi
810 4320 969 4391 persecu-D
978 4315 1055 4372 pore,
1071 4299 1286 4362 dealbabuntur,
1294 4296 1462 4367 accipientes
1476 4296 1703 4353 immortalitatis
1713 4315 1789 4353 can·

135 4392 221 4440 tores
237 4387 315 4441 Tunc
327 4387 493 4443 confortabit
505 4389 620 4444 doraum
646 4392 726 4455 luda,
744 4392 771 4446 id
791 4399 834 4446 est
856 4394 938 4447 confl-
978 4389 1072 4442 didam
1089 4388 1200 4442 stolam.

135 4478 227 4528 tentes
242 4473 404 4535 Dominum,
418 4480 447 4529 et
461 4475 576 4530 domum
588 4478 753 4550 loseph,qui
768 4485 867 4534 auctus
878 4480 936 4535 sive
1016 4499 1026 4525 ι
1044 4477 1078 4531 Et
1092 4476 1253 4530 transibunt
1273 4475 1301 4528 in
1323 4473 1409 4528 maris
1426 4473 1509 4539 freto,
1533 4476 1562 4527 et
1585 4474 1733 4544 percutiet
1751 4476 1785 4529 in

133 4563 234 4618 beatus
244 4564 457 4634 interpretatur.
977 4566 1049 4619 mari
1063 4566 1173 4630 fluctus,
1190 4570 1219 4618 et
1231 4563 1438 4618 confundentur
1450 4562 1545 4616 omnia
1557 4561 1702 4633 profunda
1725 4567 1781 4618 tlu-

173 4673 184 4706 v
202 4654 236 4710 Et
259 4658 345 4725 erunt
358 4655 437 4724 quasi
463 4654 550 4707 fortes
575 4654 717 4726 Ephraim,
744 4661 773 4711 et
796 4656 937 4712 laetabitur
976 4653 1070 4707 minis.
1083 4654 1117 4707 Et
1131 4650 1325 4706 humiliabitur
1339 4649 1577 4721 superbiahssur,
1591 4656 1622 4704 et
1633 4656 1775 4723 sceptrum

135 4758 183 4797 cor
197 4759 295 4798 eorum
310 4743 423 4813 quasia
442 4743 513 4806 vino,
531 4749 560 4797 et
573 4742 624 4797 filii
639 4760 736 4798 eorum
758 4745 891 4799 videbunt
909 4752 937 4800 et
976 4742 1090 4813 AEgypti
1102 4741 1222 4795 recedet.
1240 4738 1410 4794 confortabo
1430 4755 1477 4793 eos
1498 4738 1528 4792 in
1543 4738 1677 4804 Domino,
1700 4749 1728 4795 et
1747 4739 1773 4793 ia

136 4831 317 4900 laetabuntur,
329 4838 357 4887 et
372 4831 522 4887 exsultabit
542 4848 591 4885 cor
606 4849 703 4887 eorum
724 4833 754 4887 in
775 4835 902 4888 Domino.
923 4854 934 4886 v
978 4830 1161 4899 nomincejus
1170 4828 1364 4889 ambulabunt,
1377 4827 1448 4881 dicit
1458 4826 1622 4881 Dominus.»
1635 4829 1723 4882 Juxta
1734 4829 1773 4882 lit-

135 4917 329 4990 Ephraim,qui
344 4921 547 4993 interpretatur
561 4921 685 4985 ubertas,
697 4926 729 4975 ut
739 4922 798 4976 sint
812 4939 845 4977 eo
859 4923 937 4993 digni
978 4927 1067 4973 terarn
1082 4917 1195 4971 traditio
1211 4915 1401 4970 llaebraeorum
1417 4921 1469 4980 cst,
1487 4914 1560 4985 quod
1585 4917 1711 4986 populus
1729 4917 1773 4970 lu·

136 5007 260 5061 nomine.
290 5009 324 5062 Et
349 5009 519 5064 laetabuntur
542 5027 605 5064 curn
623 5009 744 5066 biberint
758 5011 854 5065 viuum
875 5012 938 5066 vitis
978 5007 1102 5061 daeorum
1112 5012 1210 5075 captus
1220 5004 1255 5057 ab
1265 5004 1388 5075 Assyriis
1397 5004 1612 5065 etaChaldaeis,
1623 5007 1773 5061 nonsolum

137 5111 217 5160 rerae,
238 5095 266 5149 id
288 5101 331 5149 est
344 5112 408 5150 curn
432 5099 499 5152 socii
509 5098 623 5155 fuerunt
639 5100 801 5170 passicnum
816 5100 933 5158 Christi,
979 5096 1008 5148 in
1022 5094 1117 5148 Medos
1132 5100 1161 5147 et
1172 5095 1284 5151 Persas,
1296 5092 1353 5145 sive
1367 5092 1396 5145 in
1407 5091 1578 5163 Babylonem
1590 5094 1715 5149 traditus
1726 5101 1775 5167 est,

136 5181 200 5236 Filii
211 5198 436 5253 quoqueeorum,
448 5184 856 5259 quibusloquiturflpostolus:
872 5189 938 5242 ‹li-
979 5183 1125 5237 sedetiam
1143 5182 1171 5235 in
1188 5180 1436 5252 septentrionalem
1452 5181 1562 5250 plagam
1575 5186 1604 5234 et
1614 5181 1644 5236 in
1657 5183 1777 5256 Bospho-

136 5270 194 5324 lioli
220 5271 284 5329 mci.
309 5286 380 5340 quos
394 5272 497 5326 iterum
518 5277 654 5342 parturio,
672 5295 685 5329 r
711 5285 777 5340 etc..
794 5283 822 5332 et
837 5276 938 5347 quibus
979 5288 1054 5337 rum,
1065 5277 1093 5325 ot
1107 5277 1248 5341 posteaex
1259 5276 1339 5341 parte
1353 5269 1418 5322 inde
1432 5276 1553 5331 vocatus,
1569 5268 1621 5322 Dei
1636 5287 1685 5325 eos
1695 5277 1779 5345 rcspi·

136 5359 288 5414 Psalmista
302 5359 371 5412 dicit
386 5377 392 5411 ε
410 5359 543 5421 allenite,
561 5363 620 5428 filii,
634 5366 729 5420 audite
744 5383 801 5422 rne.
824 5388 835 5414 a
851 5366 939 5420 Laeta·
979 5361 1071 5415 ciente
1081 5358 1337 5414 clementia.Ethoc
1346 5357 1471 5427 estquod
1483 5357 1528 5411 hic
1538 5356 1780 5418 dicitur:sTrans·

136 5447 253 5505 buntur.
263 5453 349 5501 etcor
367 5464 463 5502 eorum
482 5449 618 5518 gaudebit
631 5452 659 5505 in
676 5455 803 5521 Domino,
814 5454 939 5510 dicentes
979 5451 1060 5504 ibunt
1075 5450 1102 5502 in
1117 5449 1202 5502 maris
1216 5448 1297 5510 freto,
1314 5467 1325 5497 v
1340 5447 1368 5501 id
1384 5447 1469 5500 estin
1485 5452 1606 5515 augusto
1623 5451 1696 5503 inari
1710 5451 1780 5507 l’ro·

137 5532 347 5607 cumhpostolo
359 5550 365 5585 ε
377 5552 388 5583 ι
402 5533 464 5587 Non
476 5539 543 5588 sunt
552 5535 697 5605 condignae
707 5539 940 5609 passioneshujus
980 5539 1114 5612 pontidis,
1130 5537 1178 5592 ubi
1193 5536 1424 5606 augustissimum
1446 5533 1550 5589 fretum
1571 5533 1782 5598 Chalcedonam
