3818 6104
129 249 163 309 ιι
335 248 527 305 samoris
545 243 790 303 aucensem.
812 238 923 295 misc.
945 237 1024 292 err.
1047 239 1138 293 psas
1157 239 1180 298 ι.
1200 269 1233 280 -
1254 242 1445 300 cossam.
1465 244 1560 301 arsa.
1738 210 1773 304 ιι

127 395 199 437 num
212 378 303 434 Deum
316 391 411 439 suum,
422 380 451 429 ct
464 372 684 428 miscricordiam
694 374 779 437 atque
791 364 927 435 judicium
937 363 1075 423 ASensus
1104 372 1147 417 est
1163 384 1169 418 :
1183 366 1223 420 'l'e
1240 366 1353 422 teranto
1372 370 1402 423 in
1425 370 1531 425 scelere
1544 374 1575 424 et
1586 370 1733 442 gloriante
1747 371 1776 427 in

131 482 257 531 servam,
270 463 436 537 speraretin
450 462 569 516 Domino
584 461 642 514 Deo
652 474 703 511 suo
713 471 842 524 semper:
857 469 931 505 nunc
972 452 1152 505 multitudine
1161 453 1333 513 divitiarum.
1342 457 1484 511 intantum
1493 465 1526 512 ut
1535 459 1661 513 diceres:
1672 478 1686 512 ι
1696 460 1777 515 Dives

132 557 169 612 ad
185 555 328 627 Ephraim,
349 553 376 606 id
391 551 482 606 estad
496 551 593 603 decem
605 547 696 601 tribus
708 560 802 597 sermo
816 558 930 595 conver·
971 540 1086 593 effectus
1109 558 1182 601 sum,
1199 543 1292 596 inveni
1310 545 1415 599 idolum
1431 547 1536 607 mihi,v
1560 547 1628 601 licet
1650 550 1777 618 graviter

132 646 214 710 titur,
231 660 293 715 qua
307 642 441 697 Chanaan
454 639 641 710 appellantur
654 651 710 689 non
725 651 775 704 per
790 638 930 695 naturam,
973 645 1112 698 peccares,
1132 647 1185 699 ego
1200 632 1335 686 Dominus
1351 633 1425 687 [leus
1437 646 1514 697 tuus
1535 636 1584 705 qui
1599 636 1686 690 eduxi
1700 638 1778 692 tede

135 734 249 804 sedper
262 730 457 793 imitationem
471 731 551 798 Juxta
565 724 634 779 illud
649 723 724 794 quod
739 721 864 791 loquitur
878 720 933 772 Da
973 722 1050 770 terra
1064 718 1186 789 Egypti,
1197 720 1465 789 quandoserriebas
1479 722 1634 787 Pharaoni
1646 726 1780 781 etaedili·

135 822 194 877 niel
216 822 252 875 ad
273 818 479 892 presbyterum,
496 816 544 887 qui
563 814 661 885 utique
681 810 838 866 desemine
856 808 935 861 lude
975 805 1058 858 cabaa
1071 806 1106 859 de
1122 807 1182 860 luto
1203 817 1232 861 et
1253 810 1340 879 paleis
1354 811 1491 876 civitates,
1509 812 1603 867 adhuc
1616 812 1715 868 tribuo
1728 814 1779 869 trbr

134 916 220 967 erat:
236 910 368 964 «Samen
383 907 526 968 Chanaan,
547 910 576 957 et
598 919 654 955 non
669 900 752 963 Iuda,
770 898 875 968 species
889 897 936 951 de·
976 893 1136 965 locumpoer
1132 895 1259 962 ιιιιιιῑςιιι
1271 898 1497 953 undesubditur:
1506 900 1779 958 «Adhucsedcrete

137 999 260 1070 cepitte.
271 997 342 1050 »Et
335 1012 364 1049 ιιι
376 994 519 1049 Ezechiele
528 992 563 1045 ad
571 989 746 1044 Hierusalem
756 987 862 1040 dictum
870 987 936 1055 legi-
975 983 1094 1035 faciam
1087 1000 1116 1036 ιιι
1125 984 1324 1045 tabernaculis.
1337 988 1433 1042 sicut
1425 1005 1455 1042 ιιι
1468 988 1568 1042 diebus
1577 989 1777 1046 festivitatis.»

137 1104 203 1144 mus
214 1104 220 1139 :
230 1106 241 1136 ι
252 1086 337 1139 Pater
346 1091 413 1136 tuus
422 1084 785 1141 Amorraeus,etmatertua
795 1075 934 1128 cethea·
976 1070 1043 1124 Dies
1058 1071 1216 1127 festivitatis
1229 1078 1424 1146 scenopegiam
1439 1084 1529 1142 vocat,
1547 1095 1614 1149 qure
1627 1082 1780 1152 septimos

138 1176 279 1231 Stateram
294 1172 419 1227 dolosam
435 1171 510 1223 inter
521 1167 664 1238 Ephraim,
678 1171 776 1219 cantra
789 1162 877 1216 illud:
895 1161 938 1215 Sit
978 1159 1084 1213 Pascha
1093 1163 1435 1231 mensecelebmtur‚etin
1444 1167 1612 1222 memoriam
1620 1185 1681 1224 suae
1690 1187 1781 1241 egres·

137 1263 190 1319 tibi
197 1259 423 1334 equusmodius,
431 1259 580 1328 justusque
588 1250 937 1307 sextarius.«Calumniam
978 1246 1065 1301 sionis
1080 1249 1114 1302 de
1129 1256 1205 1303 terra
1219 1253 1341 1322 AEgypti,
1363 1254 1393 1308 in
1407 1254 1598 1310 tabernaculis
1612 1257 1782 1314 habitabant

137 1351 245 1413 dilexit,
258 1348 312 1403 rid
325 1353 369 1401 est
382 1362 437 1399 ιιοιι
451 1346 541 1398 solum
557 1343 656 1397 habuit
669 1346 803 1395 stateram
814 1340 938 1410 iniquam
980 1337 1031 1390 frlii
1044 1336 1140 1392 lsrael.
1155 1339 1234 1393 Sicut
1246 1341 1358 1412 (inquit,¹
1375 1359 1409 1397 eo
1423 1350 1550 1414 tempore
1564 1345 1599 1399 de
1613 1346 1739 1418 AEgypto
1754 1354 1781 1403 te

139 1455 174 1494 ac
194 1438 331 1501 dolosam,
357 1434 407 1489 sed
429 1434 514 1488 etiam
538 1430 708 1486 calumniam
732 1429 838 1494 dilexit,
853 1429 881 1482 id
896 1433 940 1482 cst
980 1425 1104 1491 libcrari,
1120 1429 1191 1483 etin
1206 1429 1393 1485 tabernaculis
1414 1450 1464 1503 per
1484 1434 1677 1505 quadraginta
1691 1452 1781 1491 anuos

140 1526 351 1599 oppressionem
360 1538 527 1594 pauperum,
539 1537 609 1592 quos
619 1536 670 1591 per
677 1519 833 1590 potentiam
843 1533 938 1588 exspo
978 1513 1106 1568 hahitare
1131 1515 1193 1578 feci,
1209 1518 1249 1572 sic
1269 1525 1298 1573 et
1320 1536 1395 1574 nuuc
1418 1521 1529 1587 faciam,
1545 1523 1671 1578 educens
1696 1525 1782 1580 tede

139 1615 227 1671 lim
980 1603 1150 1673 captivitate,
1167 1606 1241 1660 utin
1255 1607 1354 1661 diebus
1368 1609 1453 1663 etiam
1468 1610 1630 1666 festivitatis
1645 1629 1780 1685 scenope-

180 1703 328 1759 vEtdixit
341 1701 497 1773 Ephraim.
512 1701 715 1754 Verumtamen
729 1697 806 1751 dives
826 1690 1042 1771 effectungiae,
1059 1709 1137 1747 more
1151 1700 1263 1764 patrum
1285 1698 1428 1750 tuorum
1420 1714 1450 1751 ιιι
1463 1699 1656 1755 tabernaculis
1672 1702 1779 1767 sedeas,

142 1808 217 1850 sum
232 1791 343 1845 »Nunc
357 1788 533 1843 manifestius
553 1788 633 1858 ponit
655 1787 718 1857 quis
732 1785 769 1840 sit
791 1785 844 1839 iste
866 1784 941 1838 Cha·
981 1779 1005 1832 si
1019 1785 1131 1835 tantum
1144 1781 1243 1837 feceris
1254 1801 1316 1855 quae
1327 1802 1457 1857 preceps

141 1880 273 1946 naamid
287 1885 331 1934 est
352 1878 448 1932 decem
467 1877 635 1947 tribusque
655 1874 809 1928 dixerunt:
826 1873 942 1927 «Dives
1019 1869 1087 1923 ιΕι
1101 1870 1212 1925 locutus
1234 1889 1298 1926 sum
1318 1890 1403 1945 super
1417 1876 1579 1945 prophetas,
1600 1878 1661 1932 »id
1676 1884 1721 1934 est
1734 1897 1784 1951 per

142 1969 259 2025 effectus
272 1983 345 2032 sum,
363 1986 375 2018 ι
392 1966 420 2020 id
435 1972 478 2021 est
492 1964 622 2019 omnibus
639 1962 841 2033 temporalibus
861 1961 942 2015 bonis
982 1958 1143 2027 prophetas,
1155 1967 1188 2014 ut
1199 1962 1384 2032 perhloyseu‚
1395 1980 1446 2034 per
1456 1964 1745 2033 lsaiam,Jeremiam,
1755 1977 1783 2025 et

142 2056 268 2112 abundo.
284 2056 487 2110 Etestsensus
504 2071 509 2105 :
526 2054 589 2107 Non
604 2067 671 2105 curo
685 2051 870 2119 undecunque
885 2049 944 2103 hac
984 2052 1138 2100 ceteros«
1161 2048 1196 2102 Et
1217 2065 1269 2119 ego
1293 2050 1427 2105 visionem
1450 2052 1644 2124 multiplicavi.
1675 2058 1783 2113 »Unde

142 2145 214 2200 mihi
225 2142 463 2214 congregaverim,
475 2158 539 2196 curn
553 2148 648 2194 tamen
661 2138 780 2193 habeam
794 2137 868 2208 quod
883 2153 945 2207 pos·
984 2132 1073 2187 isaias
1088 2152 1094 2185 :
1111 2153 1126 2187 ι
1148 2136 1212 2189 Vidi
1237 2137 1387 2192 Dominum
1410 2141 1554 2194 sedentem
1578 2160 1667 2214 super
1682 2146 1783 2201 solium

143 2232 262 2287 aldeam.
286 2230 345 2284 Hoc
369 2228 467 2283 morbo
491 2228 621 2282 laborant
636 2227 727 2292 multi,
744 2226 810 2296 quia
832 2225 945 2279 divitias
985 2223 1134 2278 excelsum.
1150 2225 1210 2279 »Et
1220 2226 1318 2280 Daniel
1332 2245 1338 2279 ε
1351 2246 1364 2277 v
1376 2229 1552 2299 Aspiciebam
1567 2231 1596 2285 in
1610 2233 1674 2287 visu
1684 2236 1783 2300 noctis,

143 2336 215 2392 quas
229 2317 342 2381 habent,
359 2318 529 2389 pauperibus
544 2333 600 2371 non
615 2321 742 2386 erogant,
766 2331 817 2368 nec
837 2315 944 2384 probis
985 2318 1014 2364 et
1028 2328 1092 2365 ecce
1107 2312 1194 2367 Filius
1208 2314 1329 2368 hominis
1345 2316 1481 2372 veniebat.
1501 2337 1512 2367 ι
1529 2339 1540 2369 ι
1558 2320 1593 2373 Et
1607 2320 1637 2374 iu
1653 2322 1784 2378 manibus

143 2409 204 2464 Deo
217 2407 324 2479 gratias
337 2412 435 2476 agunt,
445 2405 480 2459 de
494 2406 596 2476 quibus
609 2405 743 2475 scriptum
759 2409 818 2456 est:
835 2402 944 2456 Diritiae
985 2400 1186 2471 prophetarum
1207 2403 1380 2458 assimilatus
1400 2422 1473 2459 sum.
1490 2427 1504 2454 ι
1518 2407 1556 2461 Ut
1573 2409 1666 2463 Adam
1686 2416 1785 2484 typum

145 2501 322 2568 congregatae
335 2495 394 2565 igni
408 2493 618 2548 comburentur.
637 2494 699 2547 Non
714 2492 790 2546 enim
803 2493 875 2545 frunt
888 2491 944 2544 illis
985 2489 1061 2543 illius
1075 2491 1176 2554 tenuit,
1194 2492 1241 2562 qui
1262 2492 1405 2547 dormiens
1428 2511 1461 2547 cx
1482 2511 1533 2549 suo
1549 2496 1638 2551 latere
1652 2497 1785 2556 formarit

145 2584 311 2656 redemptio,
325 2600 387 2638 curn
400 2582 544 2655 Scriptura
553 2582 636 2646 dicat
649 2581 945 2651 «Redemptioanimae
988 2577 1082 2641 Evam,
1092 2584 1124 2632 ut
1137 2580 1267 2634 Christus
1282 2581 1436 2635 Ecclesiam
1451 2583 1479 2637 in
1490 2599 1582 2649 cruce,
1594 2585 1669 2640 sicut
1681 2588 1783 2642 Jonas:

145 2676 199 2731 viri
219 2673 339 2747 proprie
362 2673 474 2737 divitie,
492 2680 550 2727 ret
570 2672 706 2726 Dominus
720 2671 755 2725 de
771 2669 944 2738 Evangelio:
987 2666 1061 2720 unde
1075 2667 1257 2722 Domrnus
1276 2670 1354 2725 Sicut
1367 2670 1421 2727 furt
1434 2673 1539 2726 Jonas
1532 2690 1562 2726 ιιι
1573 2686 1673 2729 ventre
1686 2677 1785 2742 ceti»

149 2781 163 2816 ι
181 2762 275 2818 Facite
289 2760 367 2817 vobis
385 2762 489 2815 amicos
507 2761 542 2815 de
561 2775 724 2814 mammona
742 2757 943 2828 iniquitatisn
986 2755 1059 2808 sieut
1073 2754 1160 2809 David
1175 2757 1224 2826 qui
1239 2759 1338 2812 stravit
1349 2760 1468 2824 Goliam,
1485 2762 1555 2816 sicut
1572 2761 1652 2817 lsaac
1667 2780 1787 2836 proquo

149 2851 280 2907 «Inveni
295 2850 402 2905 idolum
418 2850 496 2903 milri.
515 2848 754 2919 rlpsasdivitias,
770 2846 871 2918 quibus
887 2851 948 2900 erat
988 2844 1062 2898 aries
1083 2846 1246 2900 immolatus
1265 2854 1317 2912 est,
1334 2848 1368 2901 ad
1390 2865 1438 2903 eos
1453 2866 1564 2922 quoque
1579 2853 1627 2921 qui
1643 2854 1788 2909 hereticos

147 2940 279 3005 refectus,
293 2939 400 2993 idolum
415 2939 548 3009 appellat.
566 2938 644 2992 Sicut
658 2938 734 2990 enim
752 2936 858 3005 gulosis
873 2936 948 2989 Deus
988 2940 1055 2987 sunt
1065 2935 1162 2995 secuti,
1175 2934 1277 2988 dicitur
1287 2941 1319 2989 ut
1328 2944 1505 2992 reuertuntur
1515 2939 1549 2992 ad
1559 2940 1658 3005 Deum,
1671 2943 1721 3012 qui
1732 2958 1789 2996 ma·

147 3034 247 3082 venter
267 3032 319 3093 est,
347 3026 386 3080 ita
410 3031 439 3079 et
461 3026 553 3080 avaris
578 3042 677 3079 aurum
700 3025 805 3078 idolum
828 3029 880 3077 est.
896 3020 1547 3096 VelCgisrultpoenitentiampeccatorisquam
1556 3030 1789 3102 mortemlpsum

149 3122 227 3170 certe
238 3114 375 3168 veraciter
385 3114 439 3168 hoc
454 3113 559 3178 dicum,
574 3114 639 3183 quia
659 3113 734 3167 idola
743 3129 793 3183 pro
806 3113 863 3165 Deo
873 3113 948 3166 cole·
988 3112 1064 3164 enirn
1083 3128 1144 3164 esse
1165 3112 1211 3181 qui
1236 3128 1283 3165 eos
1307 3113 1433 3167 eduxerit
1453 3115 1487 3167 de
1503 3116 1632 3186 AEgypto,
1649 3118 1736 3173 idest
1754 3120 1789 3176 de

149 3202 228 3259 bant.
988 3199 1112 3253 tenebris
1131 3205 1159 3253 et
1182 3216 1277 3254 errore
1291 3202 1448 3271 gentilium,
1471 3204 1546 3256 credi
1561 3211 1683 3275 oportet.
1702 3208 1737 3262 Et
1754 3224 1789 3263 ne

189 3312 203 3346 ι
218 3292 323 3347 Omnes
332 3289 442 3345 labores
453 3290 509 3344 mei
518 3305 574 3345 non
585 3290 729 3345 invenient
741 3289 810 3344 mihi
820 3289 950 3360 iniquita·
989 3289 1106 3343 forsitan
1115 3290 1220 3359 peccati
1230 3307 1368 3345 memores
1376 3292 1483 3346 tardius
1491 3299 1669 3349 revertantur
1677 3316 1682 3348 :
1691 3298 1790 3352 Adhuc

150 3386 210 3437 tem
220 3396 304 3452 quam
311 3379 782 3452 pcccavi.»Sensusesthuidquid
791 3395 949 3448 peccavero,
989 3378 1101 3448 (inquitl
1118 3378 1215 3432 sedere
1234 3396 1281 3432 vos
1296 3380 1396 3433 faciam
1413 3381 1442 3433 in
1456 3381 1656 3446 tabernaculis,
1672 3385 1747 3439 sicut
1760 3387 1790 3441 iu

151 3470 219 3543 quia
241 3469 352 3525 divitias
374 3468 471 3535 habui,
487 3468 521 3521 ab
546 3468 597 3522 his·
610 3468 657 3538 qui
679 3485 742 3522 meo
760 3468 862 3522 auxilio
876 3467 951 3521 indi·
992 3463 1089 3519 diebus
1100 3466 1269 3532 festivitatis,
1281 3472 1313 3520 ut
1321 3468 1395 3538 quod
1405 3467 1472 3521 feeit
1481 3469 1629 3539 baptisma,
1642 3471 1694 3525 hoc
1705 3473 1791 3530 faciat

151 3565 230 3631 gent,
246 3574 303 3612 non
317 3557 386 3611 mihi
399 3556 595 3628 imputabitur.
612 3555 683 3620 Quia
697 3555 772 3609 enim
787 3555 867 3609 bouis
882 3555 952 3608 meis
993 3558 1022 3607 et
1032 3553 1206 3624 punitentia,
1215 3559 1244 3607 ct
1252 3555 1379 3609 habitent
1388 3557 1416 3610 in
1427 3557 1615 3612 tabernaculis
1625 3560 1789 3628 salvatoris,

105 3654 108 3661 '
152 3647 354 3717 indigentum
364 3662 409 3700 me
422 3661 472 3717 pro
483 3645 604 3716 peccatis
615 3645 684 3699 meis
694 3642 874 3708 accusabunt,
884 3643 952 3713 quin
994 3643 1046 3696 hoc
1058 3648 1100 3696 est
1114 3643 1143 3695 in
1156 3642 1288 3709 ecclesiis,
1298 3643 1333 3698 de
1346 3644 1447 3714 quibus
1461 3644 1582 3701 dicitur:
1596 3665 1609 3698 v
1626 3647 1752 3704 Plantati
1761 3651 1790 3705 ιιι

153 3734 249 3807 potius
263 3732 399 3788 laudabor
413 3733 525 3798 abillis,
541 3733 613 3787 sicut
627 3733 761 3804 scriptum
778 3737 821 3786 est
836 3751 842 3785 :
860 3733 893 3785 Et
905 3735 952 3803 qui
994 3730 1077 3785 domo
1088 3732 1209 3795 Domini,
1220 3732 1249 3785 in
1259 3732 1338 3787 atriis
1348 3733 1448 3788 domus
1458 3733 1508 3787 Dei
1518 3735 1606 3789 nostri
1620 3736 1789 3793 florebunt.»

153 3821 251 3894 iniqua
274 3822 373 3893 egerit,
387 3822 578 3877 benedicetur.
594 3823 658 3876 llaec
680 3822 755 3875 enim
770 3821 836 3888 duo,
852 3820 954 3876 diritiae
994 3819 1029 3872 Et
1043 3835 1078 3873 ue
1098 3825 1197 3890 putent
1211 3821 1413 3875 heresiarchas
1428 3827 1456 3875 et
1473 3823 1613 3893 principes
1628 3826 1733 3880 erroris
1748 3827 1793 3881 sui

155 3909 261 3966 scilicet
274 3915 303 3965 et
320 3911 489 3966 famulomm
504 3909 631 3976 ambitio,
648 3909 827 3964 accusatione
845 3915 952 3967 carent.
994 3908 1044 3962 Dei
1059 3908 1166 3963 locutos
1181 3909 1286 3979 Spiritu
1304 3927 1310 3961 :
1335 3910 1391 3980 Fgo
1405 3926 1479 3973 sum,
1493 3911 1594 3980 inquit,
1610 3913 1658 3983 qui
1681 3914 1793 3969 locutus

153 3999 241 4055 Diviti
249 3998 325 4054 enim
333 3999 447 4071 plurimi
457 4004 524 4054 sunt
533 3999 624 4053 amici,
637 3999 704 4053 llaec
713 3999 809 4054 omnia
817 3999 955 4054 hereticis
995 4014 1057 4051 sum
1071 3998 1107 4051 ad
1119 3998 1280 4069 prophetas,
1300 4004 1328 4052 et
1343 4014 1400 4053 non
1415 3998 1450 4052 ad
1466 4000 1615 4068 magistros
1629 4008 1748 4069 vestros,
1765 4010 1795 4058 et

155 4094 301 4160 aptantur,
312 4089 342 4143 in
355 4103 475 4159 quorum
489 4103 576 4142 manu
590 4094 633 4141 cst
644 4093 750 4142 statera
760 4088 857 4142 dolosa
869 4107 875 4141 :
889 4089 955 4158 quia
995 4102 1046 4154 ego
1063 4087 1184 4140 visiones
1198 4087 1389 4157 multiplicari,
1406 4094 1434 4141 et
1447 4088 1475 4140 in
1491 4103 1576 4141 manu
1589 4090 1794 4160 prophetarum

157 4176 954 4248 quoscunquepossunt,fraudulenterdecipiunt.Calum-
995 4176 1793 4245 eorumquisuntinEcclesiaconstituti,assimilatussum.

157 4264 351 4334 uiamquoque
360 4262 953 4335 diliguntdunrinnocentespersequuntur,
1033 4281 1044 4312 ι
1060 4262 1089 4316 Si
1103 4262 1208 4315 Galaad
1220 4263 1336 4327 idolum,
1348 4280 1414 4333 ergo
1425 4264 1531 4318 frustra
1543 4272 1639 4319 errant
1652 4266 1681 4320 in
1692 4268 1794 4338 Galgal

158 4354 188 4404 et
197 4350 411 4421 perpotentiam
421 4350 583 4420 opprimunt
595 4369 601 4416 ;
611 4350 658 4420 qui
671 4358 819 4420 postquam
830 4352 900 4405 alios
910 4354 987 4424 del)
997 4348 1086 4403 bubus
1101 4349 1288 4405 immolantes.
1307 4372 1320 4402 ι
1332 4352 1438 4406 Galaad
1453 4358 1482 4406 et
1494 4370 1574 4407 mons
1586 4361 1638 4418 est,
1653 4360 1682 4408 et
1695 4357 1794 4412 civitas

158 4437 293 4509 ceperint,
303 4436 394 4491 solent
405 4437 498 4491 dicere
512 4437 634 4491 :Diuites
644 4438 709 4492 tacti
719 4456 817 4493 sumus
830 4441 955 4495 multitu·
993 4439 1071 4509 juxta
1088 4439 1219 4492 eumdem
1231 4445 1354 4494 montem
1363 4441 1418 4494 sita
1427 4448 1504 4495 trans
1515 4443 1666 4496 lordanem
1676 4444 1705 4497 in
1715 4445 1794 4500 tribu

159 4526 226 4583 dine
240 4526 440 4597 discipulorum
465 4526 513 4597 qui
534 4543 586 4580 nos
607 4535 771 4598 sequuntur.
794 4530 956 4584 Invenimus
997 4525 1110 4590 Gad,de
1120 4543 1174 4597 qua
1186 4529 1315 4597 superius
1324 4529 1460 4598 legimus:
1474 4550 1484 4581 ι
1500 4530 1603 4585 Civitas
1614 4535 1794 4602 operantium

159 4616 268 4673 idolum
290 4614 381 4680 nobis,
401 4615 504 4670 idcirco
518 4616 560 4669 vel
574 4616 694 4670 maxime
709 4617 828 4671 hereses
842 4634 957 4689 compo·
997 4614 1114 4678 idolum,
1123 4616 1303 4687 supplantata
1313 4617 1459 4686 sanguine.
1473 4618 1592 4688 »Galgal
1602 4636 1666 4673 vero
1678 4620 1706 4675 ιιι
1716 4622 1795 4677 ιιιιιιι

160 4711 277 4770 ιιιιιιιιιι,
291 4710 324 4759 ιιι
338 4705 472 4760 devorent
486 4704 584 4759 domos
599 4704 755 4771 viduarum,
772 4722 833 4775 qua
846 4722 958 4776 semper
997 4704 1012 4757 J
1015 4703 1070 4758 uda
1081 4721 1166 4775 prope
1176 4705 1323 4765 Bethcl,de
1334 4723 1389 4776 qua
1399 4707 1591 4777 supradictum
1603 4721 1661 4761 ess:
1673 4728 1683 4759 ι
1696 4710 1797 4765 Omnis

161 4793 283 4859 discunt,
306 4799 335 4848 et
348 4810 491 4866 nunquam
508 4793 543 4848 ad
559 4793 706 4847 scientiam
720 4794 844 4849 veritatis
859 4812 959 4866 perre-
998 4793 1124 4865 nequitia
1146 4810 1244 4847 corum
1265 4794 1294 4848 ιιι
1319 4794 1428 4864 Galgal.
1453 4815 1465 4846 ι
1488 4796 1560 4859 Quia
1573 4812 1640 4866 ergo
1656 4803 1684 4850 et
1698 4798 1796 4853 decem

161 4882 253 4938 aiunt.
264 4882 300 4936 Et
309 4883 424 4952 pulchre
434 4883 473 4937 ait
485 4902 490 4937 :
501 4902 512 4936 ι
524 4882 622 4938 Inveni
633 4882 738 4936 idolum
749 4883 845 4938 mihim
857 4884 959 4939 Omnia
999 4883 1098 4947 tribus,
1114 4899 1175 4952 que
1196 4882 1390 4952 significantur
1411 4900 1461 4954 per
1482 4885 1598 4950 Galaad,
1615 4890 1644 4939 et
1657 4886 1719 4941 duae
1734 4904 1797 4958 quae

162 4970 239 5024 enim
251 4969 445 5025 haereticorum
456 4972 591 5042 figmenta
601 4972 675 5026 idola
685 4976 761 5033 sunt,
773 4977 801 5025 et
813 4971 847 5024 ab
862 4973 960 5043 impie·
999 4972 1194 5042 exprimuntur
1224 4987 1273 5040 per
1303 4971 1415 5041 Galgal,
1447 4972 1476 5025 in
1504 4972 1603 5027 iisdem
1629 4974 1697 5028 locis
1721 4974 1798 5030 idola

161 5063 222 5113 tate
235 5058 384 5128 gentilium
394 5056 463 5110 nihil
478 5059 627 5127 differunt3
644 5061 736 5115 solent
749 5067 833 5130 atque
847 5060 956 5116 dicere:
999 5058 1136 5123 colebant,
1147 5067 1223 5114 recte
1235 5059 1355 5114 dicitur:
1375 5081 1385 5110 ι
1404 5060 1433 5115 Si
1447 5061 1553 5115 Galaad
1570 5061 1684 5126 idolum,
1701 5087 1710 5111 ι
1728 5070 1795 5132 etc,

164 5145 306 5217 Quidquid
320 5145 421 5211 fecero,
440 5145 574 5216 quidquid
596 5165 678 5217 egero
695 5148 762 5203 mihi
787 5165 843 5202 non
857 5150 960 5220 poterit
999 5151 1027 5202 id
1047 5154 1090 5202 est
1112 5149 1134 5201 si
1158 5148 1253 5202 decom
1278 5148 1368 5203 tribus
1387 5148 1461 5202 idola
1481 5150 1586 5213 colunt,
1602 5167 1663 5220 quse
1678 5153 1796 5222 templo,

164 5235 408 5308 imputari.llabeo
419 5236 494 5289 enim
502 5235 613 5290 divitias
625 5247 888 5309 meas‚argumenta
901 5239 960 5310 phi·
999 5236 1200 5301 sacerdotibus,
1218 5243 1245 5291 et
1260 5237 1308 5291 Dei
1333 5237 1468 5305 religione
1483 5245 1588 5300 carent,
1603 5245 1698 5292 tamen
1720 5246 1762 5306 tu,
1779 5258 1797 5294 o

163 5324 355 5396 losophorum,
367 5323 456 5377 habeo
469 5324 677 5378 multitudinem
693 5329 798 5396 populi,
815 5345 899 5399 quarn
912 5327 959 5399 qui
1000 5325 1083 5387 Juda,
1097 5323 1203 5379 frustra
1216 5327 1304 5380 Deum
1319 5325 1502 5394 dereliquisti,
1518 5331 1546 5379 et
1560 5326 1588 5378 ιιι
1608 5327 1707 5396 Galgal
1722 5328 1799 5383 idola

139 5456 144 5465 .
166 5413 306 5485 aspexerit
317 5428 373 5465 non
385 5428 430 5464 me
443 5410 627 5465 arbitrabitur
638 5428 762 5482 peccare.
1001 5413 1151 5474 veneralia,
1170 5431 1234 5467 cum
1258 5413 1360 5467 habeas
1386 5414 1530 5484 templum,
1553 5417 1752 5482 sacerdotium,
1769 5423 1799 5474 et

205 5523 215 5552 ι
240 5500 298 5572 Ego
320 5500 455 5555 Dominus
476 5500 550 5555 Deus
572 5504 639 5554 tuus
654 5516 688 5554 ex
709 5506 786 5556 terra
804 5502 927 5576 Egypti.
944 5523 958 5559 ι
1001 5508 1101 5557 cetera
1113 5518 1175 5573 quae
1186 5503 1222 5556 ad
1237 5518 1333 5557 verum
1343 5501 1429 5555 ritum
1439 5501 1590 5573 pertinent.
1603 5503 1692 5559 Porro
1703 5503 1796 5574 boves,
