3818 6104
914 693 1254 828 diductius

479 990 671 1068 uetitum
694 991 803 1078 ΟΜ
826 992 869 1068 ΙΝ
894 993 988 1068 Hoc
1017 992 1150 1069 ΤΟΜΟ
1172 992 1295 1068 cxvtr
1319 991 1676 1070 CONTiidEthUR.

926 1245 1241 1277 —-0—-·

579 1528 748 1597 ricino
777 1529 1262 1598 HALBERSTATENSIS
1293 1528 1588 1598 EPISCOPU&

769 1685 912 1769 (Operum
932 1685 1040 1766 primu
1057 1686 1157 1766 portio
1177 1685 1395 1759 continuatio.)

417 1827 572 1894 Enarratio
587 1830 617 1892 in
631 1828 786 1895 duodecim
800 1830 959 1911 prophetas
979 1830 1111 1895 minores
1137 1873 1704 1894 ...............
1752 1829 1817 1894 Col.
1884 1833 1903 1895 9

477 1969 516 1983 -
595 1937 625 1996 in
643 1935 762 1999 Cantica
779 1936 960 1998 canticorum
982 1977 1709 2000 ...................
1841 1937 1902 2002 995

477 2075 514 2087 -
596 2043 627 2102 in
640 2040 676 2102 Ι).
690 2040 774 2103 Pauli
794 2040 940 2119 Epistulas
947 2084 1713 2106 ....................
1841 2043 1898 2107 361

473 2179 513 2191 -
592 2144 624 2208 in
642 2144 840 2227 Apocalypsin
852 2188 1713 2210 .......................
1839 2147 1899 2214 93ἵ

867 2390 1282 2428 ψ*

976 2644 1174 2711 MONITUM.

263 2848 271 2861 ·
287 2808 500 2873 Nonnuliorum
510 2805 699 2869 insturroedii
710 2804 936 2878 edendorum,
946 2807 1177 2886 nosteriiaymo,
1188 2805 1283 2869 citans
1293 2807 1472 2886 Scripturas,
1485 2807 1896 2893 versnsleviterimmntatos,

247 2888 309 2954 iuro
317 2888 473 2970 aliquoties
482 2886 670 2951 obtruncatos
685 2887 715 2948 in
730 2886 858 2949 niedium
869 2885 1038 2967 frequenter
1046 2886 1174 2950 adducit.
1187 2886 1247 2950 Res
1256 2887 1295 2952 ita
1307 2889 1413 2964 evenit,
1427 2890 1499 2965 sire,
1512 2890 1713 2954 memoriteret
1719 2889 1824 2952 Bibtiis
1831 2907 1896 2970 pro

246 2970 295 3033 oni
304 2969 342 3032 ab
351 2968 455 3041 ocutis,
467 2968 574 3045 saepius
585 2965 746 3044 scripserit;
760 2967 822 3029 sire
831 2981 869 3030 ex
879 2967 1000 3030 ilenraeo
1015 2974 1064 3032 ret
1078 2967 1179 3032 Graeco
1189 2976 1271 3032 textu
1281 2969 1372 3033 libros
1382 2983 1483 3033 sacros
1499 2968 1818 3049 interponentium
1832 2972 1895 3035 sive

247 3048 368 3111 tandem
379 3062 483 3110 versus
492 3063 563 3109 snos
573 3047 703 3111 hauserit
713 3062 752 3110 cx
761 3047 853 3109 veteri
862 3049 997 3112 versione
1007 3047 1092 3112 nobis
1103 3050 1260 3129 incognita.
1282 3048 1430 3128 Quidquid
1450 3051 1498 3126 sit,
1510 3049 1639 3114 demore
1658 3058 1770 3126 nostro,
1784 3051 1895 3130 scriptu

247 3127 418 3210 Hannonis,
431 3128 508 3191 sieut
517 3137 700 3200 ceterorum,
712 3127 826 3205 integra
837 3135 1005 3193 reverenter
1015 3131 1210 3205 servavimus,
1223 3131 1457 3210 quotiescunque
1467 3146 1574 3194 sensus
1584 3131 1740 3194 manifeste
1750 3145 1894 3194 erroneus

247 3224 307 3273 non
318 3209 405 3273 nobis
414 3209 559 3299 apparuit.
572 3209 663 3271 Porro
673 3206 817 3270 Monitum
825 3206 903 3272 istud
915 3209 1000 3290 piune
1010 3209 1134 3275 sutdeiet
1144 3224 1182 3273 ne
1192 3210 1384 3275 conturbetur
1403 3218 1533 3276 attentus
1551 3218 1581 3275 et
1599 3211 1768 3292 intelligens
1788 3213 1891 3288 tector,

247 3289 365 3370 qnando
374 3290 484 3369 aliquid
494 3288 671 3352 discriminis
681 3287 710 3350 in
725 3299 826 3354 nostra
836 3288 963 3380 editione
971 3307 1039 3356 eum
1056 3290 1184 3372 vulgato
1202 3290 1356 3372 percipiet.
1377 3290 1556 3359 Procedenti
1573 3291 1713 3359 votumini
1732 3305 1846 3357 necnon
1865 3297 1894 3355 et

247 3370 387 3450 presend
398 3370 594 3452 sequentique
606 3369 702 3435 vdent
711 3369 774 3437 haec
783 3369 916 3445 monitio.
