3840 6098
135 136 192 242 tblt
482 187 674 244 EXPOSITIO
694 188 733 243 IN
753 188 830 263 EPP.
852 189 879 247 S.
903 189 1020 244 PAULI.
1042 217 1075 230 -
1094 188 1133 243 IN
1153 187 1266 242 EPlST.
1286 185 1334 241 AD
1354 185 1440 241 ΗΘΜ.
1726 182 1779 245 370

170 308 309 365 'Osonibus
322 313 373 380 qai
385 284 562 374 sant'ltoma,
575 313 681 367 dilectis
694 315 743 367 liei
756 317 857 368 coeatis
871 315 1092 374 san-Arnando.
1109 315 1204 367 dioto
1227 318 1335 383 partem
1359 310 1453 382 accipe
1470 329 1476 363 :
1503 326 1593 381 nequa
1612 311 1685 367 enim
1702 316 1778 368 totus

134 400 197 451 ctis.
208 399 380 453 Dilectisllei
394 399 470 465 dicit,
481 399 508 452 id
521 407 564 454 est
579 401 674 455 electis
684 404 718 456 ad
736 404 818 457 iidem
834 408 862 457 et
875 420 938 473 gra·
978 403 1100 456 mundus
1114 402 1225 456 illorum
1240 401 1325 454 fidem
1340 399 1535 463 annuntiabat,
1555 400 1604 454 sed
1620 401 1777 472 perplures

134 485 217 542 tium.
235 488 316 552 Quod
327 495 422 543 autem
433 490 501 544 dicit
514 495 614 544 coeatis
629 496 741 557 satietis,
756 494 795 545 sic
810 494 939 546 videntur
979 489 1484 560 mundipartasdirnlgabaturnoram
1495 489 1777 558 fidemErangeliieos

134 573 196 630 haic
214 576 299 630 verba
318 594 429 645 sonare,
448 579 521 649 quod
540 580 600 650 jam
616 581 704 635 sancti
719 588 812 635 essent
826 582 937 650 quando
978 580 1144 650 percepisse,
1158 584 1191 632 ut
1204 584 1267 648 pote
1278 577 1324 648 qui
1339 583 1405 631 tunc
1418 577 1553 646 temporis
1563 594 1634 647 pene
1646 578 1776 633 omnibus

134 664 229 718 vocati
242 670 316 731 sunt,
332 666 451 721 sednon
466 669 604 723 convenit.
619 669 673 733 Qui
688 670 762 723 anim
778 676 859 724 erant
873 687 937 741 pec·
977 667 1109 738 gentibus
1124 666 1352 721 dominabantur.
1367 665 1409 719 ab
1423 664 1479 719 illis
1493 666 1541 736 qui
1549 666 1666 720 Romam
1683 667 1778 721 vanic-

134 756 248 806 catores
261 759 291 807 et
305 754 463 824 justissimi,
479 757 569 811 vocati
588 764 655 812 sunt
670 758 769 824 sancti,
787 758 815 811 id
830 764 873 812 est
887 758 938 812 ad·
981 756 1057 822 bant,
1075 756 1196 826 indeque
1206 755 1242 808 ad
1257 754 1370 825 propria
1388 754 1581 826 rependebant
1592 771 1691 809 eorum
1705 756 1776 810 tides

134 838 190 895 hoc
204 841 286 896 electi
300 847 329 896 et
342 843 432 897 vocati
451 851 528 915 sunt,
544 851 576 900 ut
595 854 690 902 assent
709 848 873 902 sanctificati
888 862 938 918 per
978 844 1075 898 multis
1084 842 1450 914 annuntiabaturgentibus.
1462 844 1538 897 Fides
1545 843 1648 897 dicitur
1655 859 1689 899 eo
1699 844 1774 915 quod
1787 868 1791 877 ·

134 927 321 1001 baptismum.
339 932 406 987 Tale
421 938 465 987 est
479 939 507 988 et
520 934 600 1000 illud,
615 936 689 1009 quod
712 937 742 990 in
761 937 869 991 cantico
888 938 937 990 Za·
979 934 1038 998 liat,
1051 933 1125 1004 quod
1140 933 1213 987 sicut
1227 932 1409 1004 promittitur,
1421 932 1461 986 ita
1474 930 1576 986 debeat
1589 931 1700 1003 impleri
1714 949 1720 986 ε
1733 932 1777 987 sin

135 1018 241 1073 charia
254 1020 342 1090 patris
355 1018 474 1075 ioannis
488 1022 629 1094 Baptista.
646 1025 779 1089 Visitacit,
796 1025 893 1094 inquit,
910 1029 937 1078 et
978 1028 1072 1078 autem
1088 1038 1143 1076 non
1157 1021 1242 1076 luerit
1254 1020 1417 1090 adimpleta,
1427 1019 1485 1090 jam
1501 1024 1611 1075 nonest
1624 1020 1703 1075 fides.

134 1107 201 1174 serit
215 1105 428 1176 redemptionem
439 1112 526 1177 piebis
539 1113 717 1177 stratheren.
730 1113 792 1164 Non
808 1112 883 1165 eninr
895 1113 936 1166 in·
1015 1114 1097 1167 Testis
1111 1115 1185 1165 enim
1201 1112 1273 1164 mibi
1287 1116 1325 1164 est
1339 1110 1418 1164 Deus.
1434 1109 1553 1164 Videtur
1567 1116 1665 1164 contra
1683 1111 1777 1166 Domi·

133 1195 213 1248 venit
226 1195 303 1250 illam
314 1213 375 1251 esse
384 1197 493 1268 plebem
506 1216 597 1263 suam,
613 1200 662 1254 sed
673 1199 810 1253 visitando
822 1205 850 1253 et
859 1201 935 1254 redi·
976 1202 1070 1255 nicum
1082 1206 1250 1272 praeceptum
1262 1201 1360 1270 jurare
1371 1199 1513 1271 apostolus
1523 1216 1578 1269 quo
1590 1199 1693 1255 dicitur
1703 1218 1709 1254 z
1721 1201 1777 1256 No·

133 1283 239 1336 mendo
258 1299 339 1337 suam
351 1284 417 1339 fecit
430 1303 499 1340 esse.
515 1287 676 1341 Notandum
694 1294 788 1342 autem
804 1287 871 1359 quia
884 1289 937 1341 ini·
976 1290 1026 1344 lite
1042 1291 1139 1360 jurare
1154 1289 1277 1343 omnino.
1291 1288 1345 1342 Sed
1361 1287 1427 1358 quia
1439 1286 1586 1341 veritatem
1600 1290 1706 1359 iurare,
1724 1305 1775 1344 ne·

132 1370 207 1425 tium
224 1372 307 1441 hujus
321 1373 450 1443 Epistola
472 1375 556 1446 longo
570 1377 688 1431 circuitu
707 1376 886 1439 distenditur,
903 1393 936 1430 ac
976 1379 1108 1434 cessitate
1117 1378 1369 1448 compellente,non
1379 1381 1422 1430 est
1431 1377 1638 1447 peccare,utab
1648 1377 1776 1448 Augusto

131 1474 185 1530 per
196 1460 248 1513 boe
262 1461 324 1530 eius
334 1461 475 1517 distinctio
485 1465 603 1519 solerter
613 1472 656 1519 est
668 1465 887 1520 consideranda:
901 1466 936 1519 si·
976 1468 1088 1522 dicitur.
1101 1468 1220 1522 Coactus
1233 1467 1383 1536 Apostolus
1393 1471 1426 1520 ut
1439 1466 1600 1519 crederetur
1611 1465 1637 1519 ei
1646 1464 1681 1519 ab
1694 1465 1776 1521 audi·

133 1547 252 1619 mulque
259 1550 876 1624 considerandumsalutationesEpistolarum
884 1554 935 1608 sub
976 1556 1093 1622 toribus,
1105 1556 1171 1610 dum
1180 1557 1259 1626 jurat
1268 1571 1323 1608 non
1335 1558 1440 1624 peccat.
1452 1553 1552 1609 Tutius
1561 1559 1657 1609 tamen
1668 1558 1777 1611 estnon

131 1636 227 1690 tertiis
249 1638 376 1707 personis
390 1640 551 1696 consistere.
568 1643 690 1712 Legatur
705 1659 772 1713 ergo
795 1660 846 1714 per
859 1626 966 1697 com·B
973 1646 1079 1716 Jurare,
1088 1644 1154 1715 quia
1162 1645 1210 1715 qui
1220 1644 1610 1714 nunquamjurat,nunquam
1619 1642 1775 1712 perjurium

132 1729 214 1778 mata
226 1741 260 1780 ac
273 1726 326 1780 sub
340 1727 565 1784 distinctionibus
581 1749 587 1783 :
604 1734 709 1785 Paulas
722 1748 816 1785 servus
832 1732 936 1786 Christi
975 1738 1128 1805 perpetrat.
1140 1735 1193 1790 Oai
1206 1735 1293 1787 servio
1305 1735 1336 1786 in
1350 1734 1453 1800 spirita
1466 1746 1533 1784 erico.
1549 1731 1613 1784 Non
1624 1730 1665 1785 ait
1676 1731 1774 1798 adoro,

131 1813 208 1878 lesa,
220 1820 287 1880 ete,
303 1831 401 1887 usque,
419 1818 452 1871 ln
474 1821 574 1886 quibos
595 1823 659 1873 estis
672 1825 698 1873 et
712 1836 757 1874 vos
771 1824 859 1874 vocati
871 1823 934 1874 lesa
976 1823 1024 1876 sed
1041 1826 1137 1876 servio.
1158 1822 1230 1876 Sunt
1243 1820 1356 1890 quidam
1369 1820 1417 1891 qui
1435 1835 1552 1890 corpore
1567 1825 1595 1873 et
1608 1835 1673 1873 voce
1689 1819 1775 1875 Deum

133 1900 248 1965 Christi,
265 1903 360 1975 ibique
373 1909 496 1976 ponatur
507 1907 598 1961 media
613 1907 764 1974 distinctio,
777 1909 878 1963 deinde
888 1909 935 1963 in·
976 1917 1027 1965 aut
1042 1911 1171 1965 homines
1196 1911 1259 1964 ficte
1273 1910 1401 1970 adorant,
1418 1908 1467 1962 sed
1487 1923 1544 1962 non
1559 1907 1669 1979 spiritu,
1685 1907 1713 1962 id
1733 1913 1776 1964 eat

132 1989 255 2059 feratur,
265 1992 398 2048 Omnibus
407 1998 458 2063 qni
466 2001 532 2048 sunt
542 1998 638 2059 dorne,
650 2001 750 2051 vocatis
762 2001 874 2063 satietis,
886 1997 937 2051 ibi·
976 2000 1079 2054 mentis
1090 2000 1200 2053 ellectu.
1212 1998 1278 2051 Plus
1288 2003 1330 2052 est
1340 2013 1406 2067 ergo
1417 1996 1519 2063 dicere,
1528 2000 1575 2050 cni
1583 1999 1670 2051 servio
1680 1999 1712 2051 in
1721 2000 1775 2065 spi·

133 2093 188 2149 que
202 2080 254 2134 fiat
267 2081 351 2152 plena
362 2082 515 2150 distinctio,
532 2089 560 2137 et
571 2084 757 2138 subaudiatur
770 2085 855 2139 tertia
869 2101 935 2156 per·
976 2085 1241 2159 rituquamadoro':
1250 2084 1775 2157 quiahieintelligiturservitiumamo-

135 2181 214 2232 aona,
228 2170 348 2223 salutem
362 2176 450 2242 optat.
462 2173 533 2226 Nam
550 2173 623 2243 quod
634 2173 771 2243 sequitur,
783 2173 879 2228 Gratia
894 2191 936 2228 oo·
976 2176 1015 2232 ris
1026 2182 1055 2230 et
1066 2177 1183 2246 integrae
1197 2173 1364 2229 dilectionis.
1380 2177 1413 2228 In
1428 2174 1575 2240 Eranpetio
1587 2175 1654 2227 Filii
1666 2176 1733 2242 ejus,
1745 2173 1775 2227 id

137 2255 184 2321 bis,
194 2264 275 2311 extra
283 2259 482 2314 salutationem
494 2268 547 2326 est,
556 2263 622 2332 quia
631 2263 753 2316 secunda
763 2279 882 2333 persona
893 2268 935 2317 est
976 2271 1019 2320 est
1037 2265 1235 2337 praedicatione
1249 2263 1364 2328 Christi,
1381 2261 1573 2333 Evangelium,
1594 2267 1626 2316 ut
1639 2261 1772 2330 diximus,

138 2342 170 2397 cd
192 2361 279 2416 quam
297 2346 381 2403 debet
402 2354 466 2419 post
488 2349 686 2404 salutationem
705 2350 824 2421 primam
844 2352 930 2422 loqui.
975 2356 1078 2409 bonurn
1100 2357 1236 2408 nantium
1252 2355 1335 2406 sonat
1366 2350 1437 2407 uicit
1458 2350 1557 2405 enim:
1578 2353 1773 2406 Paenitentiam

139 2431 232 2489 brutia
246 2437 320 2489 vobis
336 2442 359 2489 et
375 2453 467 2505 paaa
488 2440 540 2491 lieo
560 2440 640 2492 Patre
663 2445 755 2494 nostro
772 2445 798 2493 et
816 2441 933 2494 Dorrrino
973 2446 1055 2510 agite,
1072 2442 1302 2510 appropinquabit
1317 2456 1434 2507 repnum
1448 2441 1578 2493 calonem
1591 2437 1699 2508 (narrt.
1716 2442 1773 2507 ιιι).

140 2521 199 2575 lesa
209 2523 326 2586 Christo,
339 2524 473 2579 subaudis
487 2526 534 2579 sit.
551 2526 648 2580 Gratia
663 2527 749 2592 vobis,
763 2528 792 2582 id
806 2536 849 2582 est
864 2529 933 2583 fides
974 2530 1129 2585 Praedicare
1137 2545 1249 2601 quoque
1258 2528 1468 2599 conceptionem
1476 2533 1504 2581 et
1513 2526 1687 2581 nativitatem
1694 2527 1774 2582 Chri·

142 2613 165 2661 a
177 2611 252 2665 salus
262 2627 320 2682 qua
328 2614 514 2668 remittuntur
523 2620 637 2685 peccata
646 2621 772 2687 ternpore
783 2617 933 2688 baptisma·
973 2620 1009 2674 sti
1024 2619 1183 2688 etreliqua,
1199 2615 1416 2687 dispensationis
1431 2617 1492 2685 ejus
1506 2614 1641 2686 mysteria
1654 2630 1773 2688 evange·

142 2696 181 2762 tis,
196 2704 224 2752 ct
235 2715 288 2770 pax
303 2717 360 2771 qua
372 2703 587 2757 reconciliamur
596 2704 654 2758 Deo
668 2705 746 2758 Patri
762 2721 812 2775 par
821 2706 933 2776 sangui·
972 2709 1057 2762 lirare
1067 2715 1117 2763 est.
1130 2707 1206 2774 Quod
1215 2709 1274 2760 sine
1288 2707 1493 2758 intermissione
1509 2707 1673 2758 memoriam
1687 2707 1771 2758 vestri

145 2787 266 2841 uemlilii
274 2789 326 2842 sui.
335 2789 454 2852 Quidam
465 2791 506 2844 ita
516 2792 778 2863 roluntintelligere
787 2793 928 2861 distincte,
970 2799 1052 2865 sario,
1062 2812 1165 2865 semper
1175 2799 1206 2848 in
1215 2794 1387 2848 orationibus
1397 2795 1473 2846 meis.
1485 2792 1551 2847 Sine
1565 2793 1771 2846 intermissione

146 2879 172 2927 ut
182 2874 387 2949 dicaturgratia
401 2879 477 2933 robis
487 2896 504 2933 a
514 2881 571 2934 Deo
583 2882 676 2946 Patre,
692 2881 739 2953 qui
753 2883 842 2953 gratis
854 2884 931 2938 misit
971 2885 1047 2949 dicit,
1057 2886 1124 2956 quia
1134 2885 1210 2938 omni
1220 2883 1275 2948 die,
1285 2882 1361 2936 omni
1372 2887 1453 2935 nocte
1463 2880 1584 2935 orationi
1594 2880 1769 2950 incumbens,
1841 2942 1852 2957 ·

148 2960 244 3029 l'ilium,
260 2973 288 3020 et
305 2983 359 3038 pax
374 2983 391 3020 a
404 2967 523 3023 Domino
542 2970 608 3024 lesu
627 2970 748 3036 Christo,
768 2974 850 3042 cujus
865 2980 959 3043 pas-c
971 2990 1068 3029 eorum
1092 2972 1257 3026 memoriam
1280 2970 1408 3025 iaciebat.
1425 2971 1496 3024 Nam
1517 2971 1599 3024 aliter
1612 2969 1671 3024 haec
1684 2968 1769 3024 verba

150 3048 213 3105 bone
220 3055 433 3110 reconciliamur
442 3062 501 3111 tam
512 3058 570 3111 Deo
580 3075 665 3128 quarn
674 3060 798 3129 angelis,
814 3061 863 3114 sed
874 3076 930 3114 me·
970 3068 1045 3117 stare
1060 3079 1115 3116 non
1131 3061 1233 3127 valent,
1248 3060 1296 3131 qui
1310 3058 1482 3124 comedebat,
1494 3057 1660 3113 dormiebat.
1677 3058 1769 3114 Homo

152 3136 435 3215 liusutrumqueaDeo
443 3147 526 3200 Patra
534 3146 631 3202 datum
639 3147 815 3218 intelligitur,
823 3154 930 3203 utrum·
970 3150 1107 3222 siquidem
1132 3149 1257 3204 mortalis
1280 3153 1341 3202 erat
1361 3148 1453 3202 adhuc
1473 3148 1633 3218 Apostolus,
1650 3146 1769 3219 ideoque

154 3241 194 3295 qne
202 3244 217 3281 a
226 3229 306 3299 Filio,
318 3233 386 3302 quia
394 3234 486 3304 gratia
496 3241 525 3288 et
533 3251 586 3306 pax
597 3252 615 3288 a
624 3237 708 3290 Patre
717 3243 745 3289 et
754 3236 823 3290 Filio
833 3253 928 3308 aequa-
971 3240 1098 3294 mortalis
1107 3237 1532 3308 indigebatoperari.comedere
1540 3235 1767 3306 atquedormire.

154 3312 359 3375 literoousertur.
367 3322 488 3393 Spiritus
495 3324 584 3378 sancti
594 3340 659 3378 raro
668 3340 816 3396 personam
827 3325 929 3380 idcirco
970 3327 1020 3382 His
1030 3328 1105 3382 enim
1115 3325 1246 3381 omnibus
1256 3324 1363 3396 indiget
1375 3326 1458 3379 homo
1468 3325 1582 3380 mortali
1592 3324 1717 3395 tegmine
1726 3324 1768 3380 in·

156 3405 254 3473 micuit,
268 3409 333 3479 quia
345 3410 376 3463 in
390 3410 471 3465 donis
489 3413 547 3466 suis
565 3430 629 3467 eum
643 3414 882 3483 eomphrehendit,
900 3414 929 3468 id
969 3416 1064 3471 dutus.
1076 3416 1110 3471 In
1121 3417 1173 3470 hoc
1185 3432 1250 3469 vero
1263 3401 1331 3485 quia
1342 3414 1461 3469 orationi
1476 3413 1609 3476 instabat,
1621 3413 1651 3468 in
1662 3418 1769 3469 semet·

157 3498 189 3546 at
198 3494 222 3548 in
232 3499 322 3566 gratia
337 3504 366 3554 et
379 3516 456 3571 pace.
470 3501 519 3555 Ait
533 3503 608 3556 enim
623 3504 734 3556 Veritas
746 3503 929 3557 Samaritana
944 3528 951 3535 ·
969 3506 977 3560 i
981 3523 1030 3577 pso
1042 3505 1164 3577 primum
1174 3520 1259 3575 opere
1268 3503 1468 3575 praetendebat,
1477 3504 1551 3574 quod
1561 3505 1568 3556 i
1572 3520 1621 3574 pse
1631 3503 1696 3558 alibi
1707 3504 1767 3558 suia

158 3582 262 3640 auberi:
277 3587 308 3643 Si
321 3592 404 3643 scires
415 3591 521 3644 donrrm
536 3592 584 3645 liei
598 3594 689 3656 (ioan.
703 3597 753 3660 rr),
769 3591 797 3645 id
812 3597 855 3645 est
869 3593 930 3662 Spi·
969 3593 1144 3649 auditoribus
1154 3593 1326 3648 exhortando
1340 3597 1528 3663 praeeperat:
1543 3591 1610 3648 Sine
1626 3594 1768 3647 intermis-

160 3667 223 3726 n'tum
232 3682 370 3731 sanctum.
382 3677 453 3741 Quia
465 3680 541 3733 enim
555 3697 606 3751 per
619 3697 684 3734 eum
694 3680 827 3734 divinitus
838 3681 928 3735 hono·
968 3685 1052 3746 sione,
1062 3681 1201 3752 inquiens,
1214 3680 1460 3742 orateobseerans,
1473 3682 1498 3733 si
1508 3680 1642 3747 quomodo
1654 3679 1767 3734 tandem

161 3764 330 3827 murelecti,
343 3765 416 3832 ideo,
427 3771 460 3820 ut
472 3767 603 3834 diximus,
614 3769 644 3823 in
654 3769 734 3823 donis
748 3769 926 3838 intelligitur.
967 3771 1120 3839 aliqnando
1135 3783 1296 3836 prosperum
1311 3769 1364 3820 iter
1379 3767 1492 3820 babeam
1513 3769 1545 3821 in
1563 3771 1703 3822 voluntate
1717 3770 1768 3823 Dei

161 3844 231 3904 iratis
253 3853 338 3920 euim,
363 3854 392 3908 id
418 3862 461 3910 est
479 3857 607 3912 remissio
625 3863 813 3929 peccatorum,
843 3875 927 3929 quam
968 3859 1096 3912 veniendi
1113 3858 1150 3911 ad
1163 3873 1209 3910 vos
1223 3853 1249 3926 (l
1264 3856 1352 3908 Tiress.
1369 3858 1403 3918 v).
1422 3855 1452 3910 Si
1471 3856 1620 3925 quomodo,
1636 3857 1665 3911 id
1686 3861 1730 3913 est
1744 3857 1769 3913 si

162 3938 288 4010 eripiant
307 3943 454 3998 credentes
468 3945 497 3999 in
512 3947 621 4001 lavacro
633 3945 820 4018 baptismatis,
836 3953 859 4001 et
871 3964 928 4017 pac
969 3947 1062 4016 aliquo
1073 3946 1165 4007 modo,
1176 3944 1301 4006 tandem,
1309 3943 1345 3997 ad
1354 3942 1485 3997 ultimum
1497 3944 1539 3996 vel
1550 3944 1603 3997 vix.
1615 3945 1690 3999 Bene
1699 3945 1769 4001 dicit

162 4036 197 4090 ler
211 4044 284 4099 quam
298 4034 556 4089 reconciliationem
577 4042 731 4102 merentur,
748 4038 894 4107 aqualiter
911 4053 928 4090 a
969 4037 1110 4090 obsecrans
1125 4034 1148 4088 si
1160 4033 1254 4103 aliquo
1266 4031 1350 4085 modo
1361 4046 1525 4100 prosperum
1540 4035 1593 4085 iter
1606 4032 1721 4087 babeam
1735 4037 1767 4090 in

163 4113 204 4166 ata
212 4116 340 4175 'liinitate
353 4128 532 4192 prestantur.
969 4126 1108 4178 voluntate
1117 4124 1166 4177 liei
1176 4122 1303 4175 veniendi
1312 4121 1348 4174 ad
1357 4136 1413 4182 ooo,
1424 4119 1556 4190 quoniam
1572 4124 1639 4176 sunt
1652 4121 1767 4192 quidam

187 4202 294 4263 Ponam
304 4213 416 4279 qur'riem
429 4216 535 4280 pretias
544 4229 595 4280 apo
605 4214 658 4267 lieo
667 4230 726 4268 meo
737 4230 789 4282 pro
800 4216 928 4268 omnibns
970 4213 1018 4284 qui
1033 4212 1084 4267 Dei
1096 4210 1289 4282 permissione,
1301 4225 1357 4263 non
1368 4210 1521 4274 voluntate,
1534 4225 1701 4281 prosperum
1712 4211 1768 4267 iter

164 4289 220 4345 talis.
234 4297 290 4352 lluc
305 4315 396 4370 usque
409 4303 559 4356 salutatio:
575 4308 639 4372 post
651 4304 849 4358 salutationem
862 4294 959 4358 veroli
970 4301 1100 4356 videntur
1113 4301 1239 4370 accipere
1249 4299 1285 4353 ad
1300 4299 1414 4364 malum,
1423 4297 1447 4351 si
1462 4299 1573 4368 quando
1585 4299 1768 4356 homicidium

164 4383 365 4450 ltquturatatim
375 4395 469 4445 textus
478 4391 618 4463 Epistola.
628 4391 733 4446 Beatus
742 4394 891 4464 Apostolus
899 4393 928 4447 in
970 4395 1019 4445 aut
1032 4390 1145 4460 aliquod
1159 4389 1292 4443 festinent
1305 4388 1395 4442 scelus
1408 4388 1639 4458 perpetrare.Sed
1651 4390 1770 4460 Aposto-

165 4473 246 4530 aomo
258 4494 315 4534 auae
335 4479 469 4549 Epistola
486 4497 503 4534 a
523 4482 679 4552 gratiarum
699 4498 813 4536 exorsus
828 4488 871 4536 est
886 4499 930 4536 ac·
970 4479 1014 4532 lus
1028 4478 1124 4530 omnia
1138 4492 1272 4547 prospera
1284 4477 1345 4546 quae
1359 4476 1420 4530 sine
1434 4475 1577 4530 voluntate
1587 4477 1638 4531 Dei
1652 4477 1770 4532 veniunt

163 4553 225 4627 boue,
236 4566 390 4640 adimpleor
412 4570 508 4640 utiquc
530 4570 671 4624 mandatis
692 4571 751 4624 suis
773 4572 847 4642 quod
862 4572 932 4625 dixit
971 4567 1051 4622 nihili
1065 4566 1171 4637 pendit,
1182 4572 1211 4619 et
1223 4582 1273 4636 pro
1285 4564 1373 4619 nihilo
1385 4565 1511 4636 deputat.
1523 4566 1596 4620 Nam
1610 4566 1693 4620 aliter
1707 4582 1770 4637 pro·

164 4646 210 4705 tlibi
222 4672 226 4707 ε
238 4659 269 4712 ln
281 4659 411 4712 omnibus
425 4663 533 4725 pretias
543 4664 615 4727 apite
625 4661 653 4727 (Ι
666 4661 753 4713 Thess.
765 4665 800 4728 vt.
809 4661 928 4732 Gratias,
972 4672 1085 4727 sperum
1096 4656 1152 4709 iter
1160 4671 1190 4708 se
1200 4670 1281 4724 posse
1291 4652 1395 4707 habere
1404 4669 1460 4707 non
1470 4652 1596 4724 putabat,
1608 4653 1662 4707 nisi
1676 4654 1771 4708 volun-

162 4733 237 4809 inquit,
249 4761 308 4813 apo,
320 4747 349 4800 id
364 4752 408 4801 est
421 4747 518 4802 laudes
531 4748 621 4801 resero
634 4747 691 4802 Deo
705 4765 767 4802 meo
782 4766 833 4820 pro
843 4748 928 4804 vobis·
972 4750 1016 4799 tas
1032 4744 1091 4804 liei,
1107 4759 1169 4814 quae
1183 4743 1278 4796 omnia
1292 4742 1377 4802 novit,
1394 4747 1422 4794 et
1437 4741 1465 4795 in
1480 4740 1609 4794 omnibus
1624 4755 1675 4794 nos
1696 4756 1769 4811 praa·

159 4823 215 4885 ilem
232 4842 322 4889 autam
341 4835 422 4889 addit
440 4853 509 4898 meo,
532 4836 597 4907 quia
615 4853 679 4891 cum
695 4837 820 4892 omnium
834 4854 930 4892 rerum
973 4834 1049 4888 venit
1062 4833 1151 4894 bonis,
1164 4830 1423 4903 praeceditetloret,
1435 4828 1574 4883 illuccum
1584 4829 1709 4896 duceret,
1721 4829 1771 4885 ubi

158 4930 213 4974 unus
223 4923 257 4978 sit
268 4923 344 4980 Deua
355 4941 406 4995 per
419 4930 560 4989 naturam,
572 4942 605 4979 ao
618 4927 691 4996 quod
705 4925 742 4980 sit
752 4932 863 4981 creator
872 4943 931 4980 om·
969 4922 1093 4977 fructum
1107 4920 1229 4991 aliquem
1241 4917 1367 4972 haberet.

157 5005 223 5077 bum,
237 5013 291 5067 illis
303 5013 418 5085 proprie
431 5018 526 5068 tamen
538 5029 588 5084 per
601 5013 721 5083 gratiam
740 5015 814 5069 Deus
828 5014 931 5069 dicitur
1006 5012 1134 5065 Desidere
1146 5001 1224 5063 enim'
1236 5008 1326 5060 videre
1336 5023 1389 5058 cos.
1406 5004 1474 5059 Ideo
1488 5005 1557 5059 dicit
1569 5005 1729 5063 desiderare
1740 5025 1772 5064 se

153 5110 207 5161 me,
219 5101 290 5171 quod
304 5102 406 5155 merito
417 5101 483 5155 tidei
495 5106 524 5155 et
535 5101 653 5171 justitiae
667 5103 728 5172 ejus
738 5103 858 5157 cultores
870 5119 931 5157 esse
971 5099 1066 5154 venire
1080 5098 1116 5151 ad
1129 5098 1202 5159 illos,
1215 5102 1248 5149 ut
1262 5094 1324 5148 illos
1336 5093 1372 5147 ad
1386 5109 1511 5148 amorem
1529 5110 1612 5150 suum
1627 5096 1771 5164 excitaret,

148 5184 294 5255 pmiantur,
308 5189 383 5243 sicut
392 5189 474 5243 beato
485 5189 572 5243 Paulo
587 5189 706 5260 aliisque
719 5190 824 5245 Christi
841 5189 930 5243 fideli-
972 5194 1004 5242 ut
1013 5193 1042 5242 et
1051 5183 1403 5257 ipsidesiderarentillum.
1412 5183 1698 5239 Desiderabatautem
1708 5185 1774 5240 illos

145 5272 197 5330 bus.
211 5278 281 5332 ilinc
301 5279 424 5332 dicitur:
444 5279 498 5346 Epo
512 5295 574 5331 sum
595 5279 666 5332 Deos
686 5278 837 5338 Abrabam,
861 5279 931 5332 Deus
973 5277 1075 5339 ridere,
1090 5280 1121 5328 ut
1134 5272 1241 5343 aliquid
1251 5272 1349 5341 gratia
1361 5273 1566 5344 predicationis
1580 5278 1609 5327 et
1622 5273 1773 5327 miraculo·

141 5366 219 5431 lacae,
235 5372 260 5420 et
276 5369 348 5422 beas
361 5368 444 5422 Jacob
456 5368 546 5424 thaad.
568 5371 609 5428 11),
626 5383 676 5436 per
693 5367 813 5436 gratiam
827 5372 855 5420 et
869 5367 932 5419 vita
973 5383 1035 5420 rum
1047 5365 1101 5418 illis
1112 5362 1272 5432 largiretur,
1285 5362 1357 5416 sicut
1368 5363 1514 5433 sequentia
1525 5362 1715 5416 manifestant.
1726 5363 1775 5416 De·

135 5455 273 5511 meritum.
286 5456 358 5524 Onia
371 5456 437 5522 fides
451 5459 539 5509 restra
551 5457 744 5511 annuntiatur
759 5459 788 5508 in
803 5458 931 5508 anr'rerso
973 5454 1071 5512 sidero,
1084 5450 1185 5520 inquit,
1197 5452 1286 5506 videre
1297 5467 1341 5505 ros
1353 5471 1360 5505 :
1372 5455 1403 5503 at
1412 5453 1626 5523 aliquislpratie
1636 5451 1774 5519 spiritalis
1799 5524 1804 5533 Ι
