3818 6104
128 257 183 320 llll
338 248 530 313 harmotus
549 251 793 309 HALBERSTAT.
814 243 930 302 EPISC.
950 242 1029 309 OPP,
1050 245 1141 301 PARS
1159 243 1180 298 1.
1204 274 1236 285 -
1257 244 1555 302 COMMENT,B1BL.
1715 243 1769 301 120

129 387 215 453 Deus,
231 389 261 440 et
283 381 428 440 devorabit
450 380 582 452 abyssum
611 379 740 436 multam,
756 380 785 429 et
809 371 1045 442 eorireditAErgo
1058 377 1086 425 tu
1099 377 1195 425 contra
1205 371 1404 442 imperatorem
1417 369 1493 435 sacis,
1505 369 1626 442 Augusti
1637 370 1775 426 mandata

130 474 214 531 simul
225 477 344 545 partem.
356 477 385 525 et
396 470 470 525 dixi:
487 468 604 524 Domine
620 468 703 529 Deus,
717 465 836 536 quiesce,
849 460 932 515 ebse-
971 460 1139 513 contemnis,

132 579 189 619 cre.
200 562 269 626 Quis
280 558 428 615 suscitabit
437 557 532 621 laceb,
542 557 608 627 quia
618 556 750 626 parvulus
760 552 819 607 esti
835 551 932 604 Miser·
1010 568 1021 599 ι
1044 550 1078 602 Et
1091 547 1238 619 respondit
1250 548 1345 606 Amos.
1358 553 1386 601 ct
1395 547 1465 602 dixit
1478 547 1514 601 ad
1529 548 1675 603 Amasiam
1690 567 1696 602 ;
1709 550 1774 602 Non

95 620 102 641 ⁸
130 656 178 708 tus
193 656 235 706 est
248 649 384 704 Dominus
406 664 492 719 super
506 647 567 700 hoc.
584 645 638 699 Sed
658 649 686 698 et
708 642 782 696 istud
795 657 850 694 non
866 638 930 700 erit,
972 655 1034 693 sum
1050 639 1195 710 propheta,
1213 646 1242 691 et
1256 654 1311 692 non
1326 654 1388 691 sum
1404 637 1478 691 silius
1493 638 1646 709 prophetae,
1663 637 1713 691 scd
1729 654 1778 691 ar-

133 739 205 795 dixit
227 738 364 795 Dominus
388 737 472 791 Deus.
497 735 561 789 ilaec
575 731 698 788 ostendit
714 729 782 785 mihi
798 727 932 782 Dominus
973 730 1188 800 menteriusego
1199 747 1271 794 sum,
1284 729 1416 784 vellicans
1430 746 1600 801 sycomoros,
1613 736 1642 784 et
1652 730 1719 784 tulit
1731 746 1777 784 me

132 829 218 886 Deus.
237 848 249 879 ι
265 827 406 882 iudicium
429 825 531 897 quippe
554 824 588 876 ad
609 823 702 893 ignem
727 823 851 880 vocatur,
868 831 932 869 cum
975 819 1108 874 Dominus
1129 836 1193 872 cum
1216 835 1350 889 sequerer
1373 835 1498 888 gregem,
1515 825 1544 873 et
1562 818 1635 872 dixit
1649 819 1686 872 ad
1706 835 1775 872 me:

130 917 248 988 justitia
257 915 398 970 sententia
407 914 441 967 ad
453 905 563 984 plenam
576 918 687 966 aeternae
699 905 933 963 concremationis
973 907 1061 970 Vade,
1082 908 1219 978 prophete
1233 908 1266 961 ad
1282 907 1417 978 populum
1432 924 1525 961 meum
1542 905 1631 961 lsrael
1662 908 1778 980 »Syco-

134 1005 301 1071 ostenditur,
311 1003 463 1058 etmultam
472 1002 604 1073 abyssum
615 1001 740 1063 devorat,
749 996 933 1068 quiainiquas
974 1012 1068 1050 moros
1085 995 1200 1065 quidam
1224 998 1265 1049 ita
1287 996 1439 1059 disserunt,
1465 1001 1497 1051 ut
1521 997 1668 1068 sycamina
1692 997 1779 1052 velint

134 1099 219 1166 atque
228 1091 524 1164 incomprehensibiles
539 1091 685 1144 hominum
697 1093 806 1142 mentes
819 1100 934 1139 concre-
975 1085 1126 1155 appellare,
1134 1101 1224 1154 genus
1234 1083 1366 1138 arborum
1378 1101 1439 1155 quae
1451 1085 1481 1138 in
1496 1084 1646 1140 Palaestina
1660 1103 1779 1142 nascun-

133 1188 204 1250 mat,
216 1199 277 1254 quae
288 1198 466 1237 nunccoram
478 1179 639 1235 hominibus
650 1178 734 1231 etiam
746 1174 931 1247 superborum
973 1178 1020 1226 tur
1037 1173 1066 1226 in
1082 1173 1296 1243 campestribus,
1313 1179 1342 1227 et
1362 1179 1488 1243 agrestes
1508 1174 1631 1229 atterunt
1645 1175 1755 1230 tructus
1771 1195 1776 1229 :

135 1288 252 1343 operum
266 1271 410 1325 miraculis
422 1273 579 1323 coruscant.
591 1268 659 1322 Pars
671 1271 766 1319 autem
777 1264 876 1316 domus
889 1276 933 1314 ce
973 1261 1063 1332 quaesi
1074 1278 1128 1314 nan
1137 1261 1650 1327 vellicentur,amarissimascariculas
1661 1263 1777 1329 faciunt,

134 1360 267 1427 mediter,
289 1361 354 1432 quia
376 1359 438 1413 illos
460 1373 569 1428 quoque
590 1356 720 1425 gehenna
743 1353 867 1410 devorat,
885 1349 931 1419 qui
976 1349 1779 1422 etaquieeluscorrumpitur.Nebisautem,quiasolitudo

134 1464 210 1504 nune
224 1464 254 1503 se
269 1447 350 1519 quasi
363 1447 394 1500 in
416 1445 520 1500 sanetis
539 1443 648 1499 actibus
662 1444 697 1497 de
712 1441 865 1495 electorum
880 1454 934 1491 nu·
975 1438 1097 1508 inquam
1105 1438 1680 1510 morabaturAmosnullamhujuscemodi
1689 1442 1779 1512 gignit

136 1550 215 1590 mero
227 1552 288 1590 esse
301 1535 470 1606 gloriantur.
976 1526 1119 1586 arborum.
1136 1529 1225 1597 magis
1245 1529 1356 1604 videtur
1378 1528 1463 1582 rubes
1484 1529 1585 1594 dicere,
1611 1530 1660 1600 qui
1686 1530 1779 1585 ierunt

174 1648 186 1682 r
202 1629 237 1682 Et
252 1644 315 1682 ecce
329 1627 465 1682 Dominus
479 1630 556 1679 stans
570 1641 655 1696 super
669 1638 782 1676 murum
800 1619 892 1682 litum,
907 1623 935 1670 et
945 1633 1054 1704 Bmora
1065 1624 1093 1670 et
1108 1623 1252 1687 pastorum
1268 1617 1369 1670 tamem
1383 1633 1416 1671 ac
1431 1618 1575 1687 penuriam
1586 1619 1778 1673 consolantur.

135 1718 167 1772 in
180 1733 266 1772 manu
282 1718 342 1787 ejus
355 1715 442 1770 trulla
461 1713 643 1768 cementarii.
662 1713 696 1765 Et
716 1709 786 1764 dixit
800 1708 936 1763 Dominus
978 1708 1049 1760 Sunt
1060 1712 1088 1760 ct
1102 1706 1149 1758 alii
1162 1707 1209 1776 qui
1220 1722 1381 1778 sycomoros
1390 1723 1487 1760 omnes
1496 1707 1656 1761 fructuosas
1667 1707 1779 1762 arbores

136 1808 230 1862 adme
243 1825 249 1860 :
262 1805 335 1870 Quid
345 1810 376 1859 tu
391 1804 477 1865 rides,
489 1802 597 1857 Amos?
612 1802 646 1856 Et
659 1801 731 1855 dixi:
748 1798 874 1853 Trullam
887 1813 937 1850 rm·
977 1796 1150 1866 significasse
1164 1802 1304 1849 astruunt.

136 1894 279 1950 mentarii.
296 1894 331 1948 Et
345 1893 416 1947 dixit
428 1891 582 1946 Dominus:
598 1891 666 1945 Ecce
682 1906 733 1959 ego
746 1903 848 1960 ponam
864 1886 936 1940 trul-
1015 1904 1028 1936 a
1049 1886 1083 1940 Et
1098 1903 1171 1940 nunc
1185 1886 1251 1939 audi
1271 1885 1385 1940 verbum
1401 1885 1513 1939 Domini
1535 1903 1541 1940 :
1565 1888 1607 1942 Tu
1627 1887 1708 1952 dicis,
1724 1904 1778 1941 nen

136 1984 194 2039 lam
209 1984 238 2038 in
253 1983 346 2037 medio
362 1982 457 2053 populi
472 1982 528 2035 mei
543 1982 639 2044 Israel,
651 1996 707 2034 uon
718 1979 847 2049 adjiciam
863 1977 937 2030 ultra
977 1974 1158 2046 prophetabis
1173 1991 1258 2045 super
1273 1973 1370 2031 Israel,
1387 1980 1416 2028 et
1427 1991 1482 2028 non
1498 1975 1617 2029 stillabis
1627 1992 1714 2047 super
1729 1976 1779 2030 do-

136 2070 355 2142 superinducere
369 2085 443 2133 eum,
457 2075 486 2123 et
499 2069 688 2122 demolientur
699 2067 806 2120 excelsa
821 2063 896 2129 idoli,
909 2067 938 2115 et
978 2081 1055 2117 mum
1072 2064 1156 2120 idoli.
1178 2070 1293 2134 propter
1309 2064 1360 2117 hoc
1374 2065 1433 2118 haec
1447 2064 1514 2118 dicit
1528 2066 1666 2119 Dominus
1682 2066 1757 2119 Deus
1770 2084 1776 2118 :

136 2157 938 2223 sanctificationeslsraeldesolabuntur,etconsurgamsu·
977 2153 1053 2207 Uxor
1065 2159 1113 2206 tua
1129 2152 1158 2207 in
1174 2152 1285 2207 civitate
1299 2152 1493 2218 fornicabitur,
1506 2158 1535 2207 et
1548 2154 1597 2206 salii
1613 2154 1656 2207 tui
1673 2160 1701 2208 et
1716 2154 1779 2208 silim

137 2263 189 2321 per
198 2247 312 2301 domum
323 2245 472 2300 Jeroboem
483 2245 512 2299 in
521 2246 625 2315 gladio.
638 2245 756 2298 »Trulla
765 2241 936 2297 caementarii
978 2247 1033 2296 ture
1048 2241 1077 2295 in
1093 2242 1187 2312 gladio
1200 2243 1310 2305 cadent,
1323 2249 1351 2296 et
1365 2243 1468 2296 humus
1481 2250 1530 2297 tua
1544 2242 1669 2298 funiculo
1682 2243 1780 2298 metie-

138 2335 280 2407 significat
300 2333 412 2389 Domini
436 2334 647 2405 protectionem,
664 2349 748 2402 quam
766 2332 867 2402 populo
886 2346 937 2383 suo
980 2336 1034 2391 tur,
1045 2338 1073 2385 et
1083 2337 1114 2384 tu
1124 2331 1152 2383 in
1167 2336 1242 2384 terra
1253 2333 1361 2401 polluta
1369 2332 1507 2397 morieris,
1517 2338 1545 2385 et
1555 2333 1643 2386 Israel
1653 2333 1780 2404 captivus

138 2424 240 2490 lsrael,
252 2423 332 2494 quasi
347 2422 462 2493 apriori
476 2422 592 2476 aeditieio
603 2421 727 2475 abstulit.
741 2421 863 2474 Adamas
874 2435 938 2472 vero
980 2419 1113 2490 migrabit
1128 2420 1162 2473 de
1184 2429 1261 2474 terra
1285 2437 1345 2474 sua.
1365 2439 1377 2472 o
1394 2422 1452 2474 Hoc
1474 2427 1518 2475 est
1539 2421 1613 2493 qued
1638 2422 1780 2492 apostolos

138 2511 387 2582 lapisdurissimus
396 2509 863 2580 etindomabilisatqueindecorus
872 2511 940 2578 prm
981 2509 1126 2579 Scriptura
1137 2509 1235 2563 fecisse
1245 2515 1460 2576 commemorat;
1478 2511 1589 2581 quando
1597 2511 1781 2596 denuntiave-

139 2601 244 2673 figurat
256 2601 407 2655 Dominum
423 2607 507 2671 atque
522 2600 693 2652 Salsaterem
710 2605 848 2653 nostrum.
863 2616 875 2650 r
892 2595 940 2667 qui
981 2604 1048 2652 runt
1062 2598 1102 2652 eis
1115 2597 1211 2652 scribae
1227 2606 1256 2652 et
1270 2599 1414 2666 Pharisaei,
1430 2616 1464 2652 ne
1477 2599 1611 2653 docerent
1624 2600 1653 2653 in
1668 2600 1781 2654 nomine

139 2704 202 2744 cum
217 2689 246 2743 in
261 2689 352 2743 torma
365 2688 415 2743 Dei
432 2695 516 2754 esset,
528 2704 582 2741 non
597 2687 724 2758 rapinam
735 2687 887 2740 arbitratus
898 2689 941 2738 est
981 2687 1057 2748 iesu,
1074 2693 1100 2740 et
1116 2687 1156 2740 illi
1170 2688 1376 2757 responderunt
1389 2688 1521 2742 dicentes.
1538 2709 1549 2739 ι
1564 2687 1686 2743 Obedire
1702 2706 1783 2761 opor·

140 2794 201 2834 esse
215 2794 246 2832 se
260 2777 396 2848 aqualem
421 2779 488 2844 Deo,
510 2777 558 2831 sed
584 2777 768 2846 semetipsum
789 2774 942 2828 exinaniuit
983 2781 1023 2830 tet
1038 2777 1094 2830 Deo
1110 2776 1199 2846 magis
1214 2793 1297 2846 quam
1311 2777 1506 2833 hominibus.»
1524 2777 1598 2848 quod
1614 2777 1700 2832 etiam
1718 2795 1782 2849 pre⁴

139 2865 258 2921 formam
273 2867 345 2920 servi
362 2866 510 2938 accipiens.
536 2884 549 2917 a
575 2865 626 2918 iiio
648 2871 705 2918 stat
727 2880 812 2935 super
828 2880 941 2917 murum
984 2865 1097 2937 phetam
1109 2865 1781 2939 Amosiecissecognoscimushmasiasqueque,

140 2954 365 3020 adamantinum,
381 2955 435 3009 hoc
448 2961 492 3010 est
505 2971 590 3026 super
605 2954 799 3025 incorruptum
814 2953 943 3008 Ecclesiae
984 2954 1031 3024 qui
1047 2971 1121 3008 nunc
1130 2955 1269 3024 gloriatur
1282 2955 1311 3007 ia
1322 2955 1471 3008 sacerdotii
1484 2961 1632 3026 potestate,
1646 2957 1784 3011 moriatur

140 3041 300 3097 aediticium.
950 3031 1011 3096 Cin
1022 3049 1098 3097 terra
1110 3061 1172 3113 qua>
1183 3044 1290 3114 polluta
1300 3050 1343 3097 est
1353 3043 1443 3103 idolis.
1460 3051 1488 3098 et
1501 3061 1556 3098 non
1567 3050 1633 3099 ante
1646 3048 1785 3101 moriatur

179 3151 191 3181 ι
208 3130 244 3183 Et
258 3129 337 3184 misit
346 3130 474 3184 Amasias
486 3131 616 3185 sacerdes
631 3131 728 3185 Bethel
740 3131 776 3185 ad
791 3131 940 3185 Jereboam
982 3133 1036 3186 nisi
1058 3133 1192 3204 populum
1217 3149 1300 3203 quem
1325 3133 1473 3203 deceperat
1496 3135 1665 3188 servientem
1691 3135 1786 3189 videat

141 3234 237 3289 regem
252 3216 351 3283 Israel,
363 3218 458 3273 diceus
471 3238 477 3272 :
490 3219 645 3274 Rebellarit
658 3228 756 3274 contra
769 3226 797 3275 te
813 3221 901 3274 Amos
912 3218 940 3271 in
982 3229 1067 3292 atque
1076 3221 1372 3292 captivumhmasias,
1385 3222 1433 3292 qui
1444 3222 1647 3293 interpretatur
1656 3225 1785 3278 robustas

97 3311 99 3314 ’
142 3306 235 3361 medie
245 3306 345 3360 domus
357 3307 453 3373 Israel,
465 3324 521 3362 non
531 3309 720 3379 poteritterra
731 3309 870 3364 sustinere
880 3307 942 3361 uni·
983 3328 1015 3365 ac
1031 3312 1150 3378 ripaltae,
1162 3327 1194 3364 eo
1209 3310 1281 3380 quod
1298 3310 1409 3364 rebellis
1423 3312 1459 3364 sit
1474 3318 1503 3365 et
1515 3311 1600 3376 ferox,
1614 3317 1643 3365 et
1656 3313 1786 3367 ecciesia-

142 3410 237 3448 rersos
260 3411 405 3450 sermones
427 3398 498 3467 ejus.
517 3398 580 3451 Haec
596 3398 671 3451 enim
691 3398 759 3452 dicit
780 3399 887 3452 Amos:
910 3397 942 3451 In
983 3400 1084 3454 sticum
1101 3399 1190 3453 virum
1206 3406 1234 3452 et
1247 3416 1310 3453 rere
1323 3400 1488 3471 prophetam
1503 3406 1578 3454 vetet
1595 3400 1643 3455 Dei
1659 3402 1786 3472 proferre

142 3483 236 3556 gladio
247 3485 383 3540 morietur
395 3486 554 3549 Jerobeem,
566 3493 595 3540 et
606 3485 695 3541 israel
704 3488 829 3558 captivus
842 3487 944 3557 migra·
983 3505 1153 3553 sermonem,
1162 3495 1190 3542 et
1200 3495 1340 3543 errantem
1353 3489 1485 3559 populum
1494 3490 1644 3560 corrigere,
1652 3506 1787 3561 arrogan-

144 3571 187 3626 bit
207 3573 241 3628 de
259 3579 335 3628 terra
349 3591 410 3629 sua.
428 3576 462 3628 Et
482 3574 553 3629 dixit
567 3575 694 3629 Amasias
709 3576 744 3629 ad
760 3578 868 3629 Amos:
889 3576 942 3639 Qui
984 3578 1053 3632 tiam
1079 3577 1273 3631 haereticorum
1298 3577 1479 3648 praetendisse
1506 3595 1561 3632 non
1586 3578 1704 3632 dubium
1731 3586 1785 3636 est.

143 3662 230 3727 vides,
252 3664 382 3734 gradere,
399 3664 464 3735 fuge
479 3664 508 3718 in
523 3670 627 3718 terram
640 3665 723 3730 iuda,
737 3672 766 3719 et
778 3665 891 3719 comede
905 3665 944 3719 ibi
985 3666 1091 3720 Horum
1108 3665 1300 3720 haereticorum
1318 3683 1396 3729 uxar,
1413 3666 1464 3719 hoe
1488 3673 1531 3719 est
1553 3667 1623 3720 salsa
1650 3668 1785 3731 Ecclesia,

144 3767 258 3822 panem.
270 3758 298 3806 et
312 3752 352 3807 ibi
363 3751 553 3824 prophetabis,
566 3759 594 3807 et
607 3754 636 3807 in
652 3754 751 3807 Bethel
763 3770 818 3807 non
829 3754 944 3824 adjicies
985 3754 1092 3826 patebit
1101 3755 1231 3809 omnibus
1243 3755 1369 3809 tidelibus
1379 3772 1440 3809 esse
1453 3756 1532 3825 plebs
1544 3756 1683 3809 adultera.
1696 3763 1726 3811 et
1738 3758 1788 3812 tilii

143 3838 221 3893 ultra
240 3844 273 3894 ut
293 3842 453 3913 prophetes,
471 3843 538 3911 quia
558 3842 740 3897 sanctificatio
755 3842 830 3913 regis
843 3847 895 3907 cst,
917 3848 945 3896 et
988 3845 1048 3913 eius
1063 3861 1095 3896 ae
1109 3844 1172 3898 filiae
1189 3861 1258 3914 quas
1274 3846 1346 3898 male
1361 3851 1522 3914 genuerunt
1535 3845 1564 3899 in
1580 3862 1716 3910 errorem,
1731 3847 1787 3902 Do-

145 3927 247 3983 domus
263 3931 342 4000 regni
358 3937 410 3985 est.
430 3949 444 3983 r>
461 3931 562 3986 Omnia
576 3947 639 4002 quae
653 3931 688 3985 de
702 3931 816 3985 Amasia
830 3937 858 3985 et
870 3932 947 3986 Jero·
989 3933 1058 3987 mini
1069 3933 1262 4003 indignatione
1272 3936 1313 3988 rel
1322 3943 1397 3989 certe
1409 3935 1522 4005 propria
1533 3935 1679 4005 impietate
1688 3936 1789 3990 lerian-

143 4013 226 4070 boam
239 4016 366 4073 etIsrael
376 4019 405 4074 in
414 4021 465 4073 hac
474 4020 947 4093 prophetiacontinentur,tropolo·
989 4026 1043 4077 tur.
1057 4023 1167 4077 Hamus
1181 4041 1291 4094 quoque
1306 4025 1379 4078 illius
1393 4029 1422 4078 et
1435 4025 1566 4077 universa
1581 4023 1719 4093 possessio
1735 4024 1789 4078 erit

144 4103 205 4174 gice
218 4105 253 4159 ad
269 4105 414 4161 haereticos
425 4108 621 4163 transferenda
632 4115 707 4174 sunt,
723 4126 842 4180 querum
854 4126 944 4164 sacer·
985 4129 1050 4183 pars
1063 4111 1232 4179 daemonum,
1250 4120 1278 4168 et
1292 4113 1345 4183 ipsi
1361 4112 1517 4167 morientur
1531 4112 1560 4165 in
1576 4117 1653 4165 terra
1668 4113 1786 4183 polluta,

100 4226 104 4237 ·
145 4191 198 4246 dos
211 4193 339 4248 Amasias
353 4196 426 4249 solet
444 4196 595 4266 aliquando
618 4197 730 4252 mittere
745 4199 779 4251 ad
795 4199 944 4254 Jeroboam
986 4219 1047 4273 quae
1059 4201 1247 4257 habitatorem
1265 4204 1354 4257 Deum
1370 4201 1535 4257 nonhabet.

144 4281 979 4366 regemhaereticorumatquepatronum,etsanctesviresD
1279 4309 1396 4364 CApUT
1415 4307 1491 4363 Vffl·

146 4384 179 4423 ¹¹⁰
200 4385 342 4441 Pfaefflfles
365 4371 430 4425 fidei
450 4388 582 4426 “musam
604 4375 678 4444 almd
700 4390 775 4439 eum,
798 4381 827 4428 θῖ
846 4376 946 4444 J'Ubere
1027 4398 1120 4452 «Haec
1135 4398 1258 4452 ostendit
1271 4398 1338 4451 mihi
1354 4398 1489 4452 Dominus
1501 4398 1583 4460 Deus,
1598 4404 1701 4453 eteece
1713 4399 1789 4453 unci·

146 4456 308 4512 doctoribus
323 4475 358 4512 ne
374 4459 525 4529 predicent
545 4461 573 4514 in
596 4463 693 4530 Israel,
711 4480 746 4517 ne
759 4471 859 4519 contra
872 4466 947 4535 regis
988 4504 1041 4541 „us
1062 4503 1219 4557 pomorum·
1238 4488 1272 4540 g,
1289 4486 1360 4540 ,fixit
1383 4486 1528 4552 pominus¹
1555 4487 1628 4550 Quid
1653 4493 1684 4542 tu
1699 4488 1785 4552 vides,

146 4544 251 4601 faciant
260 4548 432 4602 voluntatem
446 4549 530 4619 :quia
541 4550 649 4616 Bethel,
660 4553 711 4606 hoc
722 4553 874 4609 cstdomus
884 4555 945 4621 Dei,
988 4573 1098 4629 Amos?
1114 4581 1143 4628 gg
1158 4575 1225 4636 ,fixi⁹
1239 4575 1378 4629 Uncinum
1392 4591 1551 4645 mmmm
1570 4594 1582 4625 ,

146 4638 176 4687 et
200 4634 270 4690 falsa
295 4636 416 4691 Ecclesia
439 4639 622 4693 sanctificatio
642 4657 715 4710 regis
737 4647 774 4696 sit
795 4649 824 4696 et
845 4645 945 4699 domus
1021 4683 1132 4752 (Hocin
1144 4687 1381 4752 locommplma
1393 4688 1499 4738 omma·
1512 4685 1719 4751 quommnobfs
1729 4686 1790 4751 qui,

146 4724 236 4823 rigni·
250 4725 347 4827 3⁰¹‘Jsst
357 4726 519 4828 ellimffioel
520 4745 535 4782 θ
546 4745 551 4779 ²
564 4728 658 4829 Impar
659 4735 721 4830 ΒΨ
730 4730 811 4785 ¹¹⁰bi⁸
822 4749 945 4788 00mffifl·
986 4757 1047 4808 dem
1057 4757 1134 4821 copia
1146 4757 1212 4822 suit,
1224 4757 1381 4809 desiderant
1395 4756 1475 4810 verba
1486 4756 1648 4822 Hammonis,
1663 4757 1693 4807 ia
1709 4770 1787 4822 capp.

146 4819 231 4880 nrcat,
248 4819 277 4869 et
290 4832 314 4869 sr
332 4833 396 4887 quis
419 4834 445 4871 er
468 4823 613 4887 restiterit,
630 4823 725 4873 statim
745 4821 943 4878 calumniatur.
986 4839 1034 4879 vnr
1048 4830 1072 4879 et
1087 4829 1137 4895 rx.)

540 5079 612 5172 IN
649 5081 923 5177 ABDIAM
961 5085 1398 5185 PROPHETAM.

180 5356 301 5414 Abdiam
315 5360 482 5432 prophetam
508 5381 568 5419 esse
589 5366 671 5422 aiunt
689 5369 809 5438 chraei,
826 5371 874 5442 qui
893 5370 945 5425 sub
986 5377 1088 5426 verunt
1099 5387 1193 5441 genua
1203 5358 1279 5435 B'aal,
1289 5370 1361 5424 etde
1372 5375 1480 5441 septem
1492 5369 1617 5425 millibus
1627 5374 1710 5424 erant
1721 5387 1791 5442 quos

144 5462 212 5517 rege
226 5447 359 5504 Samariae
372 5450 467 5504 Achab
483 5458 511 5507 et
528 5453 698 5523 impiissima
712 5459 810 5529 regina
822 5458 941 5521 lezabel,
986 5460 1061 5514 Elias
1075 5461 1205 5531 arguitur
1219 5460 1374 5529 ignorasse,
1390 5462 1607 5532 sepulcrumque
1621 5461 1645 5530 ej
1651 5476 1682 5514 us
1699 5476 1790 5532 usque

48 5611 52 5616 ⁴
145 5535 222 5607 pavit
233 5542 347 5593 centum
356 5540 508 5611 prophetas
518 5542 548 5597 in
558 5543 707 5614 specubus,
718 5549 767 5620 qui
777 5564 833 5603 non
844 5564 943 5604 curva·
984 5548 1068 5603 hodie
1083 5566 1148 5605 cum
1163 5547 1402 5605 mausoleoElisei
1414 5549 1724 5625 prophetaectloaanis
1739 5551 1780 5606 Ba
