3840 6098
137 252 191 313 ιιὸ
374 252 566 311 hernotus
580 251 826 310 HMAEERSTAT.
841 248 954 306 EPlSC.
970 249 1050 306 OPP.
1067 247 1161 304 PARS
1176 248 1199 309 1.
1219 276 1251 290 -
1267 246 1455 304 coitum
1472 245 1563 304 ultr..
1730 245 1786 303 tlt

139 377 279 446 Christus,
291 377 358 435 dum
366 384 496 436 mortuus
505 385 579 434 esset
585 377 614 433 lu
621 393 713 441 cruce,
729 381 758 431 et
771 376 898 449 sepultus
911 375 973 437 inA
986 379 1142 446 perstemus
1151 375 1204 429 Deo
1212 375 1514 443 tonquumeemertuis
1521 375 1649 440 uocaus,
1661 377 1688 428 ct
1700 388 1788 428 ineen-

139 474 334 536 monumento,
361 469 506 524 videbatur
520 484 576 523 uon
595 467 698 531 vivere,
713 465 762 519 sed
778 464 845 537 quid
859 464 944 520 lecit?
985 465 1034 517 bru
1049 469 1138 517 oestro
1151 461 1280 517 exhibete
1289 478 1371 517 armo
1378 465 1497 533 justitia
1511 463 1573 518 Deo.
1583 462 1614 518 Id
1624 466 1676 527 est,
1687 467 1721 516 ut
1729 461 1788 517 siut

142 553 263 612 Intravit
282 557 312 611 in
326 558 440 612 domum
453 556 542 620 fortis,
557 556 586 610 id
601 553 800 610 estdescendit
817 553 847 608 iu
861 554 944 609 iuter·
983 552 1042 608 Deo
1058 551 1274 607 armaomnium
1289 551 1424 607 virtutum
1434 549 1582 606 militando
1597 551 1633 605 ei.
1648 550 1678 606 Si
1688 550 1789 606 omnia

138 661 218 712 uum,
235 645 353 701 abstulit
367 645 479 702 diabolo
489 645 552 700 illos
562 661 633 717 quos
651 643 767 699 tenebat
785 643 900 710 electos,
913 649 943 700 et
984 640 1191 713 quiasuperius
1206 640 1328 696 diximus
1341 639 1377 694 de
1391 639 1527 695 membris
1547 638 1652 695 uostris
1664 644 1788 712 preter·

140 740 309 809 potestatem
321 734 407 790 etiam
423 750 508 806 quam
522 732 645 790 habebat
662 732 691 787 iu
706 732 760 787 hoc
777 734 883 788 mundo
899 733 942 789 illi
981 730 1132 796 mittimus,
1148 735 1178 784 et
1191 729 1221 784 in
1234 729 1286 785 Dei
1305 729 1419 785 servitio
1432 728 1482 784 illa
1495 728 1739 801 occupaverimus,
1754 732 1789 784 ut

141 821 366 894 abstulit,sicque
376 820 592 893 quadragesimo
600 819 647 875 die
660 814 875 875 resurrectionis
884 837 941 877 sure
981 819 1149 875 inclinemus
1164 833 1247 874 aures
1254 817 1290 873 ad
1297 818 1438 874 audienda
1452 818 1536 874 verba
1549 817 1609 884 Dei,
1624 817 1789 892 aperiamus

140 910 295 966 ascendens
315 910 345 966 in
365 911 477 978 coelum,
502 909 571 964 vivit
583 909 754 965 eternaliter
766 907 837 975 Deo,
852 907 881 964 id
898 916 942 965 est
982 910 1076 964 oculos
1091 909 1127 964 ad
1143 907 1297 964 scrutanda
1307 907 1420 980 eloquia
1432 907 1528 963 divina
1542 914 1572 962 et
1582 907 1619 963 ad
1631 922 1789 980 pauperem

138 997 273 1072 ingloria
287 1005 412 1072 paterne
425 999 591 1071 majestatis.
982 998 1203 1070 respiciendum:
1216 997 1377 1070 aperiamus
1390 1014 1421 1052 os
1430 997 1464 1052 ad
1475 996 1633 1052 enarranda
1643 995 1790 1068 magnalia

175 1090 218 1144 ltu
234 1094 259 1143 et
273 1105 318 1143 cos
330 1091 484 1144 existimate
496 1105 541 1142 ius
556 1092 679 1142 rivcrtues
693 1088 805 1157 quidem
815 1103 869 1142 csse
881 1104 940 1157 pcc-
981 1086 1230 1152 Dei,extendamus
1245 1102 1346 1141 manus
1359 1085 1617 1158 adeleemcsynam,
1628 1084 1789 1156 dirigemus

139 1162 340 1248 cato,tempore
356 1175 545 1248 baptismatis,
559 1178 678 1230 cicentes
692 1180 785 1229 cutem
802 1177 863 1231 Deo.
880 1176 939 1231 hle·
980 1175 1066 1247 pedes
1079 1174 1114 1229 ad
1130 1191 1240 1247 pacem,
1263 1173 1369 1230 bonum
1398 1174 1512 1229 odorem
1533 1173 1568 1229 de
1590 1172 1635 1229 bis
1654 1173 1790 1230 omuibus

140 1265 195 1321 lius
206 1264 324 1320 babetur
335 1265 364 1319 in
381 1264 488 1329 Graeco,
505 1271 536 1319 ut
550 1264 581 1318 iu
591 1263 713 1334 Origene
723 1264 845 1335 legitur:
860 1264 940 1336 Cogi·
981 1263 1457 1328 reddentes,tuncmembranostra
1466 1279 1545 1318 arma
1557 1264 1685 1318 omnium
1700 1263 1791 1318 virtu·

142 1360 203 1411 tate
217 1371 265 1409 vos
280 1358 407 1409 mortuos
428 1357 551 1426 peccato,
576 1353 700 1409 viventes
715 1358 809 1409 autem
825 1353 899 1422 Deo;
912 1359 941 1409 et
981 1356 1041 1408 tum
1056 1359 1149 1419 erunt,
1160 1360 1191 1409 et
1204 1353 1366 1409 militabunt
1375 1352 1527 1418 Deo.Quod
1541 1351 1714 1407 autemdicit
1728 1357 1791 1408 tun·

141 1447 185 1497 est
199 1458 299 1497 seusus
314 1460 320 1496 ε
339 1442 419 1498 Sicut
431 1443 479 1497 ille
492 1442 539 1515 qui
554 1442 703 1497 crucifixus
716 1449 768 1506 est,
781 1441 851 1497 nihil
862 1442 939 1500 aliud
982 1457 1068 1512 quam
1079 1458 1113 1497 cu
1122 1446 1240 1497 mortuis
1250 1446 1383 1504 viventes,
1395 1437 1494 1497 sensus
1505 1446 1550 1497 est
1564 1459 1571 1495 ε
1588 1440 1668 1497 Sicut
1680 1439 1725 1496 illi
1739 1441 1790 1513 qui

142 1529 750 1602 cogitat,nisitantummodomisericordiam
759 1532 938 1588 Dciexoret:
983 1529 1104 1586 Domino
1127 1538 1293 1604 resurgente
1321 1536 1513 1597 surrexerunt,
1542 1530 1577 1586 de
1601 1530 1707 1603 quibus
1721 1530 1792 1588 dicit

142 1626 282 1689 quatenus
296 1621 357 1690 ejus
371 1620 502 1692 spiritum
516 1620 647 1692 dignetur
660 1620 812 1692 suscipere,
828 1620 902 1677 sicut
915 1629 944 1678 et
954 1618 1162 1714 Blivangelista
1173 1641 1179 1678 :
1192 1623 1282 1676 Multo
1298 1636 1414 1691 corporo
1425 1625 1587 1675 sanctorum
1599 1626 1791 1676 sem-eeerunt

141 1704 279 1763 Dominus
292 1708 523 1764 dixitadPatrem
537 1708 587 1763 :ln
595 1725 696 1764 manus
704 1713 767 1764 tuas
777 1711 943 1767 commendo
984 1710 1093 1770 (narrt.
1109 1709 1202 1775 xxvn),
1219 1709 1317 1765 vivunt
1329 1709 1453 1782 quidem,
1468 1709 1518 1764 sed
1532 1725 1623 1781 neque
1637 1708 1791 1782 coucupis-

141 1794 273 1868 spiritum
284 1798 550 1868 meum(Luc.xx1n)
564 1816 570 1853 ε
582 1799 657 1854 itaet
667 1815 725 1867 vos,
736 1799 881 1871 siquando
895 1817 944 1856 ve-
984 1805 1095 1853 scentes
1109 1814 1202 1871 neque
1209 1815 1325 1871 peccare
1339 1803 1485 1871 appetunt,
1501 1797 1542 1853 ita
1556 1803 1586 1853 et
1600 1814 1648 1853 vos
1661 1798 1789 1870 cogitate

141 1883 266 1940 nitmala
280 1887 516 1959 concupiscentia,
532 1893 562 1942 et
574 1887 725 1942 delectatio
736 1904 822 1960 prava
834 1888 944 1944 intlam·
983 1887 1237 1961 mortuosquidem
1251 1904 1312 1943 esse
1335 1893 1448 1960 peccato
1463 1893 1493 1942 et
1511 1886 1592 1942 vivite
1614 1885 1686 1956 lieo,
1706 1886 1793 1943 dccli·

143 1979 204 2028 ruat
218 1975 313 2030 vosad
327 1974 473 2031 libidinem
487 1977 565 2032 etad
581 1983 683 2032 eaetera
702 1977 778 2031 mala
793 1977 942 2049 patranda,
984 1980 1085 2030 nantes
1099 1993 1118 2030 a
1132 1976 1254 2048 peccatis
1269 1975 1472 2033 criminalibus.

142 2063 263 2134 cogitate
274 2072 302 2119 et
314 2065 350 2120 ad
365 2066 531 2123 memoriam
557 2065 693 2131 reducite,
710 2066 778 2138 quia
792 2066 822 2120 in
837 2065 944 2139 baptis·
1019 2066 1163 2120 Peccatum
1178 2067 1338 2121 enimvobis
1349 2064 1793 2133 condomiocbitur,subaudissi

142 2156 218 2207 mate
233 2154 337 2209 mortui
352 2155 420 2210 estis
433 2155 564 2210 ornnibus
577 2155 700 2228 peccatis
717 2175 723 2210 ε
739 2154 787 2212 ubi
799 2156 944 2228 recepistis
985 2153 1044 2209 baec
1053 2154 1185 2222 teceritis,
1202 2155 1252 2210 sed
1261 2153 1370 2210 utinam
1380 2154 1458 2209 vobis
1473 2158 1617 2225 peccatum
1628 2170 1687 2210 nou
1700 2155 1793 2210 ‹lomi-

143 2240 336 2296 remissionem
347 2248 540 2314 peccatorum,
555 2249 586 2298 et
602 2244 671 2298 talia
688 2243 844 2316 cogitantes
862 2243 945 2299 vivite
987 2248 1071 2299 uetur
1082 2261 1088 2297 :
1101 2242 1151 2299 ubi
1162 2244 1326 2299 dominatur
1336 2250 1494 2316 peceatum,
1509 2243 1548 2299 ibi
1562 2243 1720 2316 perucimr.
1733 2243 1792 2299 Do-

143 2330 211 2395 lleo,
239 2329 267 2384 id
289 2336 332 2385 est
354 2330 509 2403 sapientire,
528 2333 695 2403 prudentie,
714 2333 848 2402 castitati,
862 2337 945 2389 cate·
986 2332 1112 2387 minatur
1124 2333 1199 2388 enim
1213 2333 1322 2388 homini
1337 2331 1548 2405 quaudoobedit
1558 2331 1708 2388 desideriis
1717 2333 1791 2404 ejus.

141 2417 237 2489 risque
250 2419 411 2474 virtutibus.
424 2421 589 2492 Quicunque
604 2422 678 2477 enim
693 2421 759 2477 vivit
767 2422 836 2489 Deo,
852 2423 944 2478 omui·
985 2421 1049 2476 Non
1059 2425 1135 2476 enim
1148 2425 1211 2476 estis
1225 2423 1276 2476 sub
1291 2423 1403 2490 lepescd
1416 2423 1467 2476 sub
1480 2421 1655 2491 qratio.Nou
1666 2420 1793 2490 estis,in·

142 2504 196 2563 bus
208 2506 360 2564 virtutibus
375 2509 442 2565 vivit
460 2526 522 2582 quae
534 2510 563 2564 in
579 2511 636 2566 lieo
652 2516 728 2567 sunt.
986 2509 1056 2580 quit,
1074 2508 1126 2565 sub
1141 2509 1203 2581 lege
1217 2509 1317 2582 Moysi,
1330 2526 1391 2581 quae
1406 2510 1489 2583 punit
1506 2515 1534 2565 et
1553 2510 1673 2565 damnat
1695 2525 1793 2583 pecua·

183 2597 247 2652 Non
262 2613 325 2666 erqo
339 2605 432 2666 regnet
444 2606 585 2669 peccatum
603 2603 635 2654 in
649 2606 738 2655 uestro
761 2603 879 2656 osorton·
889 2616 946 2655 cor·
986 2604 1072 2662 tores,
1086 2599 1136 2654 sed
1150 2599 1202 2654 sub
1214 2599 1309 2671 gratio
1323 2599 1438 2667 Christi,
1453 2598 1482 2653 id
1497 2605 1542 2654 est
1553 2597 1606 2654 sub
1620 2598 1794 2655 remissione

142 2701 216 2755 pore,
228 2691 260 2740 ut
270 2687 401 2742 obediatis
410 2691 713 2759 concupiscentiisque.
724 2690 787 2745 lam
798 2690 865 2761 quia
874 2705 947 2745 mor·
987 2692 1166 2760 peccatorum
1184 2694 1232 2743 :et
1246 2688 1313 2760 quia
1322 2688 1516 2744 remissionem
1532 2693 1716 2761 peccatorum
1728 2689 1792 2760 jam

145 2774 188 2830 tui
203 2774 271 2830 estis
285 2781 401 2847 peccato
413 2777 443 2832 in
458 2776 638 2849 baptismate,
654 2783 683 2833 et
696 2778 788 2833 vivitis
809 2778 877 2842 Deo,
898 2793 945 2834 ea·
985 2781 1147 2849 perceptam
1160 2777 1283 2847 habetis,
1302 2793 1359 2833 uon
1372 2775 1480 2832 debetis
1493 2793 1618 2850 peccare.

144 2870 206 2919 vete
221 2880 257 2920 ne
271 2870 370 2936 regnet
383 2871 529 2937 peccatum
543 2866 573 2922 in
587 2871 679 2922 vestro
689 2867 803 2922 mortali
817 2883 943 2939 corpore,
1023 2865 1095 2933 Quid
1104 2871 1190 2934 erqo?
1204 2868 1378 2922 Peccubimus
1389 2869 1457 2935 quia
1469 2882 1526 2920 non
1536 2882 1634 2920 suasus
1654 2867 1709 2921 sub
1724 2868 1791 2936 leue,

143 2951 170 3008 id
186 2960 231 3008 est
250 2955 376 3023 quaudiu
398 2955 429 3011 in
452 2956 583 3027 praesenti
598 2956 699 3012 seculo
711 2957 789 3012 estis.
805 2957 868 3013 Non
878 2957 946 3012 dicit
985 2954 1086 3026 lloysi,
1103 2970 1165 3026 quae
1181 2961 1342 3026 peccatores
1355 2954 1447 3026 punit,
1471 2956 1516 3009 ssd
1530 2955 1580 3009 sub
1593 2956 1715 3023 qratia?
1729 2970 1794 3028 qum

142 3042 294 3113 Apostolus
308 3044 416 3098 nonsit
433 3051 579 3116 peccatum
600 3045 629 3099 in
647 3051 739 3100 vestro
757 3046 869 3101 mortali
883 3057 974 3122 cor-(2
985 3049 1130 3115 peccatum
1145 3043 1270 3099 dimittit.
1287 3045 1403 3100 Poterat
1420 3042 1523 3116 aliquis
1537 3043 1638 3109 dicere,
1648 3044 1714 3115 jam
1724 3044 1794 3116 quia

142 3147 220 3202 pore,
236 3132 353 3188 sednon
367 3139 476 3204 regnet.
490 3133 621 3199 Quandiu
635 3151 733 3191 sumus
747 3135 776 3190 iu
794 3135 848 3190 hoc
865 3152 942 3190 mor·
983 3132 1036 3187 sub
1049 3132 1112 3204 lege
1122 3149 1179 3189 nou
1190 3150 1288 3188 sumus
1299 3149 1360 3204 quae
1371 3149 1481 3205 poenam
1496 3132 1581 3187 intert
1593 3131 1791 3204 peccantibus,

142 3220 194 3275 tali
204 3221 371 3292 corpore,ad
385 3221 528 3294 integrum
541 3238 637 3278 carere
647 3224 769 3295 peccatis
779 3240 835 3279 uon
845 3241 943 3296 possu-
984 3221 1053 3279 sutis
1068 3238 1221 3294 possumus
1235 3237 1360 3294 peccare,
1378 3221 1444 3293 quia
1467 3220 1603 3296 quidquid
1630 3220 1791 3293 deliqueri-

142 3310 374 3382 mus.Dequibus
387 3327 455 3382 ergo
469 3312 591 3382 peccatis
609 3312 698 3368 dicit?
716 3313 757 3368 De
779 3312 940 3379 homicidio,
985 3326 1048 3364 mus
1063 3311 1222 3367 dimittetur
1248 3310 1329 3365 nobis
1355 3310 1436 3382 larga
1459 3310 1566 3382 pietate
1591 3325 1642 3380 per
1662 3310 1790 3382 gratiam

141 3396 177 3453 de
191 3397 334 3455 adulterio
343 3404 373 3453 et
386 3399 421 3454 de
435 3399 542 3455 ceteris
557 3399 750 3457 criminalibus
763 3401 913 3473 vitiisque
927 3419 944 3458 a
985 3398 1090 3454 Christi
1107 3418 1113 3453 ε
1133 3400 1168 3454 ad
1183 3400 1241 3455 haec
1257 3399 1420 3471 Apostolus,
1440 3415 1497 3454 non
1515 3397 1685 3454 affirmando
1706 3398 1786 3464 dicit,

142 3501 229 3556 regno
240 3486 291 3541 liei
307 3504 358 3542 nus
368 3494 510 3559 separant,
527 3505 583 3543 non
596 3489 631 3543 de
649 3489 808 3555 levioribus,
820 3491 892 3545 sicut
902 3495 945 3544 est
984 3489 1034 3543 sed
1049 3489 1231 3559 denegando:
1248 3489 1273 3543 N
1277 3488 1382 3560 unquid
1392 3504 1459 3559 ergo
1474 3504 1585 3560 semper
1594 3486 1787 3559 peccabimus,

140 3581 286 3647 peccatum
313 3574 493 3645 cogitationis
514 3584 543 3632 et
566 3578 944 3650 concupiscentiamque
986 3578 1104 3649 eoquod
1118 3576 1793 3651 lexdeestcujuspoenaconstringamur?Absit,

141 3664 226 3719 modo
241 3680 297 3720 non
312 3670 414 3735 regnat
425 3670 572 3736 peccatum
586 3666 615 3720 in
637 3672 735 3722 nostro
759 3667 871 3722 mortali
886 3685 945 3724 cor·
985 3672 1018 3721 ut
1032 3683 1145 3738 semper
1159 3682 1315 3738 peccemus,
1335 3666 1402 3737 quia
1416 3665 1508 3737 gram
1523 3665 1564 3720 ita
1576 3664 1637 3720 vult
1649 3680 1704 3721 uos
1718 3665 1792 3722 rive·

140 3768 209 3824 pore
221 3753 246 3807 si
255 3752 351 3807 statim
365 3760 398 3809 ut
410 3753 562 3826 pulsaverit
576 3771 627 3810 nos
636 3757 837 3822 consentimus,
849 3756 945 3813 etobe·
985 3772 1026 3818 rc,
1043 3761 1075 3811 ut
1091 3756 1251 3810 criminalia
1262 3760 1376 3827 peccata
1391 3771 1446 3811 non
1466 3754 1661 3809 admittamus.

141 3839 234 3895 dimus
247 3840 426 3896 delectationi
441 3843 511 3913 ejus,
528 3843 595 3914 quia
607 3842 802 3913 subjaceamus
815 3845 865 3900 eil
1020 3847 1065 3903 An
1080 3846 1232 3905 nescitis,id
1245 3844 1432 3918 est‚uuuquid
1446 3844 1733 3915 ignoratis,qaouiom
1743 3846 1792 3899 cui

177 3929 232 3985 Sed
246 3945 338 4002 neque
349 3931 514 3996 exhibeatis,
529 3932 558 3987 id
574 3938 617 3988 ast
626 3933 802 4005 preparetis,
817 3936 943 3990 membru
985 3935 1117 3991 esitibetis
1129 3950 1174 3988 uos
1185 3950 1275 3989 seruos
1293 3935 1330 3987 cd
1355 3933 1546 3999 obediendum,
1567 3935 1641 3986 sciui
1650 3935 1718 3987 estis
1731 3935 1792 4003 cias

140 4024 230 4074 uestro
244 4035 328 4075 urina
342 4023 506 4090 iniquitatis
515 4028 633 4091 peccato.
648 4022 787 4094 lniquitas
802 4029 846 4079 est
859 4023 943 4095 quid·
985 4027 1032 4078 cui
1057 4024 1180 4087 obeditis,
1204 4025 1259 4077 siue
1287 4021 1349 4077 sitis
1369 4021 1452 4085 servi,
1477 4023 1582 4090 pcccati
1608 4022 1646 4075 ud
1670 4027 1790 4076 suorum

142 4107 208 4179 quid
219 4113 317 4164 contra
332 4108 424 4180 legem
441 4111 545 4180 agitur,
561 4110 680 4182 ideoque
699 4127 751 4182 per
762 4111 942 4182 iniquitatem
985 4117 1130 4178 aternam,
1151 4115 1206 4165 siue
1221 4112 1382 4166 obeditionis
1396 4108 1501 4164 Christi
1526 4109 1561 4163 ad
1584 4107 1740 4180 justitiam.
1757 4109 1788 4164 Si

139 4194 274 4252 debemus
288 4198 446 4269 intelilgere
460 4197 555 4251 omnia
576 4198 652 4252 vitia.
678 4199 806 4254 Membra
818 4201 944 4272 corporis
984 4199 1122 4254 servimus
1136 4199 1288 4254 virtutibus
1297 4204 1327 4254 et
1340 4198 1484 4263 Deo,servi
1498 4213 1597 4253 sumus
1610 4197 1751 4253 virtutum
1763 4204 1792 4253 et

141 4285 231 4338 nostri
241 4285 276 4339 ad
291 4285 343 4339 hoc
357 4285 431 4339 tacta
446 4290 660 4351 sunt,etsensus
674 4287 763 4341 nostri
772 4289 896 4360 corporis
905 4290 941 4343 ad
985 4288 1037 4344 Dei
1053 4306 1060 4342 :
1075 4288 1179 4343 sivero
1194 4286 1332 4341 servimus
1343 4286 1418 4341 vitiis
1433 4292 1463 4341 et
1472 4284 1593 4352 diabolo,
1604 4285 1679 4340 servi
1690 4301 1792 4342 sumus

141 4370 195 4426 hoc
208 4371 289 4427 nobis
303 4373 362 4428 dati
376 4378 452 4439 sunt,
469 4379 501 4429 ut
515 4373 596 4429 nobis
610 4375 768 4430 necessaria
791 4383 944 4446 procurent
985 4377 1116 4432 vitiorum
1137 4382 1166 4431 et
1180 4374 1293 4431 diaboli.

141 4465 170 4514 at
183 4458 243 4516 Deo
258 4460 388 4516 militent.
404 4462 433 4517 Si
453 4471 547 4517 autem
561 4462 729 4518 inclinamus
743 4480 826 4519 aures
840 4465 877 4520 ad
890 4482 942 4521 au·
1019 4466 1130 4522 Grotius
1140 4472 1235 4519 autem
1247 4466 1377 4534 lleoqued
1384 4465 1555 4533 suistisserui
1561 4462 1789 4533 peccctidiuistis

138 4548 271 4604 diendam
279 4550 481 4606 detractionem
491 4551 527 4606 dc
535 4552 671 4623 proximo,
688 4554 762 4607 etad
777 4552 943 4610 delectanda
984 4555 1108 4626 quidem,
1121 4554 1169 4609 sed
1179 4555 1241 4624 jam
1255 4569 1311 4608 uon
1325 4554 1403 4608 estis.
1418 4553 1552 4608 Referens
1561 4552 1717 4623 Apostolus
1722 4570 1791 4625 gm-

139 4639 225 4695 verba
239 4640 340 4707 otiosa,
354 4647 384 4695 et
400 4641 436 4696 ad
457 4640 584 4695 canuina
605 4641 797 4706 meretricum,
815 4643 838 4696 si
853 4644 943 4715 aperi·
983 4644 1038 4699 tias
1050 4644 1108 4698 Deo
1124 4643 1158 4697 de
1170 4642 1234 4705 tide,
1251 4640 1387 4712 bonisque
1402 4640 1534 4713 operibus
1554 4641 1680 4706 illorum,
1691 4641 1792 4697 laudat

140 4746 205 4786 mus
220 4730 316 4787 oculos
329 4731 365 4785 ad
377 4730 627 4801 concupiscendam
635 4730 821 4793 mulierem,si
835 4733 942 4787 malum
984 4733 1058 4797 illos,
1074 4732 1148 4787 sicut
1162 4737 1191 4786 et
1204 4732 1267 4785 illos
1282 4731 1318 4785 de
1332 4730 1434 4803 quibus
1448 4729 1561 4786 dicebat
1575 4748 1582 4784 :
1605 4729 1715 4786 Fuistis
1732 4735 1790 4786 ati·

140 4818 297 4887 odorem,id
309 4819 462 4875 estmalam
474 4814 583 4874 samam'
599 4836 631 4874 ex
647 4818 728 4875 nobis
742 4819 941 4877 diffundimus:
984 4824 1097 4892 quondo
1112 4822 1235 4884 tenebre,
1252 4824 1427 4873 nuncuutem
1444 4821 1532 4872 lucin
1546 4819 1665 4872 Doinino
1678 4818 1789 4888 (Sphes.

141 4907 166 4962 si
177 4908 352 4964 delectamur
366 4908 394 4963 in
409 4908 543 4964 odoribus
565 4907 756 4973 meretricum,
771 4909 795 4963 si
811 4925 842 4964 os
853 4910 944 4982 aperi·
983 4914 1019 4980 v).
1034 4911 1169 4968 Obcdistis
1183 4914 1277 4963 autem
1292 4910 1411 4963 eccordc
1427 4913 1458 4963 in
1470 4926 1530 4964 eum
1545 4911 1668 4977 formum
1685 4910 1792 4962 doctri-

139 5011 203 5051 mus
215 4997 250 5052 ad
264 4997 434 5068 loquendam
444 4997 648 5069 blasphemiam
658 4997 688 5051 in
700 4997 789 5052 Deum
800 4999 842 5053 vel
852 4999 943 5070 proxi·
983 5018 1025 5055 ne
1037 5004 1068 5055 in
1078 5015 1165 5068 quem
1181 4998 1283 5052 traditi
1305 5000 1379 5052 estis.
1400 4997 1551 5063 Obedistis,
1568 4996 1714 5069 inquiens,
1729 4997 1791 5053 Deo

140 5100 219 5139 mum
235 5103 242 5138 :
258 5085 282 5138 si
296 5085 472 5141 extendimus
486 5102 588 5140 manus
599 5086 634 5140 ad
650 5086 790 5158 rapinam,
806 5087 830 5140 si
845 5086 941 5157 dirigi·
982 5087 1012 5143 in
1027 5104 1060 5143 ea
1072 5087 1163 5141 forma
1177 5085 1321 5148 doctrinm,
1333 5084 1362 5139 id
1376 5090 1420 5138 est
1431 5085 1461 5139 in
1476 5085 1605 5140 doctrina
1620 5083 1793 5141 Christiani·

139 5189 204 5229 mus
230 5189 344 5244 gressus
361 5175 464 5245 pedum
484 5175 519 5229 ad
539 5175 738 5230 etlundendum
761 5174 939 5246 sanguinem,
981 5174 1058 5239 tatis,
1073 5174 1102 5229 iu
1111 5172 1240 5228 doctrina
1254 5171 1451 5238 ecclesiastica,
1460 5171 1489 5226 in
1505 5187 1562 5243 qua
1575 5170 1652 5225 docti
1662 5170 1725 5226 sive
1742 5187 1792 5226 vo·

138 5265 207 5316 tunc
215 5261 342 5316 membra
349 5269 444 5317 nostra
456 5261 620 5318 exhibemus
630 5263 664 5316 ad
675 5262 737 5327 hoc,
749 5267 782 5316 ut
790 5262 848 5317 sint
858 5279 939 5317 arma
980 5262 1036 5317 cuti
1055 5267 1084 5316 et
1095 5261 1234 5332 assignati
1249 5261 1316 5314 estis
1332 5261 1399 5314 Deo.

140 5349 291 5405 militantia
307 5359 420 5423 peccato
430 5357 459 5405 et
470 5349 591 5416 diabole,
606 5351 655 5422 qui
669 5356 713 5406 est
726 5357 825 5407 auctor
839 5351 939 5406 mortis
1019 5352 1136 5405 liberati
1152 5356 1245 5403 autem
1259 5365 1276 5402 u
1289 5347 1438 5418 peccato,id
1454 5353 1498 5403 est
1513 5347 1548 5403 ab
1563 5344 1698 5402 omnibus
1714 5348 1794 5404 vitiis

136 5439 318 5511 omniumque
340 5440 484 5505 vitiorum,
507 5440 561 5495 hoc
574 5445 617 5495 est
633 5455 826 5511 praeparamus
839 5439 889 5493 illa
907 5445 940 5495 ut
981 5446 1009 5496 et
1022 5439 1058 5495 ab
1075 5436 1375 5509 omuibuspeccatisin
1387 5436 1543 5509 baptismo;
1558 5438 1632 5489 servi
1641 5437 1717 5503 socii
1726 5441 1794 5493 estis

135 5528 260 5585 militent
274 5533 388 5601 peccato
397 5529 558 5588 etdiabolo.
568 5528 622 5589 Sed
631 5527 799 5596 celsitatem
813 5536 857 5583 est
869 5544 940 5600 prae·
974 5531 1103 5601 justitie,
1113 5527 1142 5583 id
1152 5531 1195 5582 est
1205 5525 1332 5582 omnium
1341 5524 1489 5580 virtutum.
1501 5523 1581 5579 Sicut
1592 5522 1714 5580 nomine
1723 5541 1795 5599 pec-
