<?xml version="1.0" encoding="UTF-8"?>
<!DOCTYPE html PUBLIC "-//W3C//DTD XHTML 1.0 Transitional//EN"
    "http://www.w3.org/TR/xhtml1/DTD/xhtml1-transitional.dtd">
<html xmlns="http://www.w3.org/1999/xhtml" xml:lang="en" lang="en">
 <head>
  <title>
</title>
<meta http-equiv="Content-Type" content="text/html;charset=utf-8" />
  <meta name='ocr-system' content='tesseract 3.04.00' />
  <meta name='ocr-capabilities' content='ocr_page ocr_carea ocr_par ocr_line ocrx_word'/>
</head>
<body>
  <div class='ocr_page' id='page_1' title='image "./patrologiaecurs31unkngoog_0216.png"; bbox 0 0 3818 6104; ppageno 0'>
   <div class='ocr_carea' id='block_1_1' title="bbox 72 251 1880 363">
    <p class='ocr_par' dir='ltr' id='par_1_1' title="bbox 72 251 1880 363">
     <span class='ocr_line' id='line_1_1' title="bbox 72 251 1880 363; baseline 0.004 -49"><span class='ocrx_word' id='word_1_1' title='bbox 72 251 122 315; x_wconf 71' lang='lat'><strong>421</strong></span> <span class='ocrx_word' id='word_1_2' title='bbox 436 253 627 315; x_wconf 62' lang='lat' dir='ltr'><strong>expositio</strong></span> <span class='ocrx_word' id='word_1_3' title='bbox 642 254 681 314; x_wconf 87' lang='lat' dir='ltr'><strong>IN</strong></span> <span class='ocrx_word' id='word_1_4' title='bbox 696 254 774 313; x_wconf 83' lang='lat' dir='ltr'>EPP.</span> <span class='ocrx_word' id='word_1_5' title='bbox 790 254 819 310; x_wconf 88' lang='lat' dir='ltr'><strong>S.</strong></span> <span class='ocrx_word' id='word_1_6' title='bbox 835 255 954 315; x_wconf 77' lang='lat' dir='ltr'><strong>raum.</strong></span> <span class='ocrx_word' id='word_1_7' title='bbox 971 284 1004 298; x_wconf 92' lang='lat'>—</span> <span class='ocrx_word' id='word_1_8' title='bbox 1019 256 1058 315; x_wconf 85' lang='lat' dir='ltr'><strong>IN</strong></span> <span class='ocrx_word' id='word_1_9' title='bbox 1072 256 1185 319; x_wconf 74' lang='grc' dir='ltr'><strong>ΕΡΙΒΤ.</strong></span> <span class='ocrx_word' id='word_1_10' title='bbox 1201 258 1252 321; x_wconf 69' lang='grc' dir='ltr'><strong>ΑΒ</strong></span> <span class='ocrx_word' id='word_1_11' title='bbox 1265 256 1353 321; x_wconf 69' lang='lat' dir='ltr'><strong>ROM-</strong></span> <span class='ocrx_word' id='word_1_12' title='bbox 1657 253 1712 320; x_wconf 65' lang='grc' dir='ltr'>Μ</span> <span class='ocrx_word' id='word_1_13' title='bbox 1765 288 1768 293; x_wconf 92' lang='grc'>·</span> <span class='ocrx_word' id='word_1_14' title='bbox 1872 348 1880 363; x_wconf 37' lang='grc' dir='ltr'>ι</span> 
     </span>
    </p>
   </div>
   <div class='ocr_carea' id='block_1_2' title="bbox 16 376 1718 3562">
    <p class='ocr_par' dir='ltr' id='par_1_2' title="bbox 16 376 1718 3562">
     <span class='ocr_line' id='line_1_2' title="bbox 72 376 1702 457; baseline 0.007 -25"><span class='ocrx_word' id='word_1_15' title='bbox 72 376 226 435; x_wconf 88' lang='lat' dir='ltr'><strong>scebantur</strong></span> <span class='ocrx_word' id='word_1_16' title='bbox 237 381 431 451; x_wconf 88' lang='lat' dir='ltr'><strong>essepeccata‚</strong></span> <span class='ocrx_word' id='word_1_17' title='bbox 444 377 671 451; x_wconf 89' lang='lat' dir='ltr'><strong>operabanturin</strong></span> <span class='ocrx_word' id='word_1_18' title='bbox 681 377 814 434; x_wconf 90' lang='lat' dir='ltr'><strong>membris</strong></span> <span class='ocrx_word' id='word_1_19' title='bbox 824 395 872 435; x_wconf 88' lang='lat' dir='ltr'><strong>no·</strong></span> <span class='ocrx_word' id='word_1_20' title='bbox 882 381 1005 452; x_wconf 69' lang='lat' dir='ltr'><strong>Aprimo</strong></span> <span class='ocrx_word' id='word_1_21' title='bbox 1014 381 1122 437; x_wconf 92' lang='lat' dir='ltr'><strong>homini</strong></span> <span class='ocrx_word' id='word_1_22' title='bbox 1135 400 1141 435; x_wconf 94' lang='lat'><strong>:</strong></span> <span class='ocrx_word' id='word_1_23' title='bbox 1155 382 1392 453; x_wconf 73' lang='lat' dir='ltr'><strong>consideransque</strong></span> <span class='ocrx_word' id='word_1_24' title='bbox 1406 382 1507 453; x_wconf 84' lang='lat' dir='ltr'><strong>legem,</strong></span> <span class='ocrx_word' id='word_1_25' title='bbox 1522 382 1630 441; x_wconf 90' lang='lat' dir='ltr'><strong>invenit</strong></span> <span class='ocrx_word' id='word_1_26' title='bbox 1647 402 1702 457; x_wconf 91' lang='lat' dir='ltr'><strong>quo</strong></span> 
     </span>
     <span class='ocr_line' id='line_1_3' title="bbox 72 466 1715 542; baseline 0.007 -22"><span class='ocrx_word' id='word_1_27' title='bbox 72 466 137 523; x_wconf 88' lang='lat' dir='ltr'><strong>stris</strong></span> <span class='ocrx_word' id='word_1_28' title='bbox 153 466 223 524; x_wconf 87' lang='lat' dir='ltr'><strong>vitia</strong></span> <span class='ocrx_word' id='word_1_29' title='bbox 236 475 266 523; x_wconf 90' lang='lat' dir='ltr'><strong>et</strong></span> <span class='ocrx_word' id='word_1_30' title='bbox 286 472 410 539; x_wconf 89' lang='lat' dir='ltr'><strong>peccata,</strong></span> <span class='ocrx_word' id='word_1_31' title='bbox 434 472 466 522; x_wconf 90' lang='lat' dir='ltr'><strong>ut</strong></span> <span class='ocrx_word' id='word_1_32' title='bbox 488 467 691 522; x_wconf 80' lang='lat' dir='ltr'><strong>fructificarent</strong></span> <span class='ocrx_word' id='word_1_33' title='bbox 713 467 806 534; x_wconf 89' lang='lat' dir='ltr'><strong>morti,</strong></span> <span class='ocrx_word' id='word_1_34' title='bbox 823 469 876 523; x_wconf 83' lang='lat' dir='ltr'><strong>boc</strong></span> <span class='ocrx_word' id='word_1_35' title='bbox 917 470 1000 525; x_wconf 92' lang='lat' dir='ltr'><strong>modo</strong></span> <span class='ocrx_word' id='word_1_36' title='bbox 1007 472 1568 542; x_wconf 83' lang='lat' dir='ltr'><strong>pertransgressionemejuspossetillum</strong></span> <span class='ocrx_word' id='word_1_37' title='bbox 1578 473 1715 532; x_wconf 75' lang='grc'>(11111111</span> 
     </span>
     <span class='ocr_line' id='line_1_4' title="bbox 71 555 1712 633; baseline 0.007 -25"><span class='ocrx_word' id='word_1_38' title='bbox 71 560 123 621; x_wconf 89' lang='lat' dir='ltr'><strong>eat,</strong></span> <span class='ocrx_word' id='word_1_39' title='bbox 140 560 174 609; x_wconf 92' lang='grc'><strong>11</strong></span> <span class='ocrx_word' id='word_1_40' title='bbox 197 561 317 611; x_wconf 86' lang='lat' dir='ltr'><strong>mortem</strong></span> <span class='ocrx_word' id='word_1_41' title='bbox 332 561 467 611; x_wconf 83' lang='lat' dir='ltr'><strong>aetemam</strong></span> <span class='ocrx_word' id='word_1_42' title='bbox 490 555 570 611; x_wconf 87' lang='lat' dir='ltr'><strong>nobis</strong></span> <span class='ocrx_word' id='word_1_43' title='bbox 592 556 778 627; x_wconf 82' lang='lat' dir='ltr'>acquirerent.</span> <span class='ocrx_word' id='word_1_44' title='bbox 796 557 875 613; x_wconf 90' lang='lat' dir='ltr'><strong>Sicut</strong></span> <span class='ocrx_word' id='word_1_45' title='bbox 916 575 999 630; x_wconf 89' lang='lat' dir='ltr'><strong>quem</strong></span> <span class='ocrx_word' id='word_1_46' title='bbox 1014 564 1098 613; x_wconf 89' lang='lat' dir='ltr'><strong>antea</strong></span> <span class='ocrx_word' id='word_1_47' title='bbox 1112 561 1296 616; x_wconf 90' lang='lat' dir='ltr'><strong>damnaverat</strong></span> <span class='ocrx_word' id='word_1_48' title='bbox 1314 577 1365 631; x_wconf 88' lang='lat' dir='ltr'><strong>per</strong></span> <span class='ocrx_word' id='word_1_49' title='bbox 1385 561 1521 630; x_wconf 78' lang='lat' dir='ltr'><strong>originale</strong></span> <span class='ocrx_word' id='word_1_50' title='bbox 1543 567 1712 633; x_wconf 86' lang='lat' dir='ltr'><strong>peecatum:</strong></span> 
     </span>
     <span class='ocr_line' id='line_1_5' title="bbox 71 643 1714 723; baseline 0.005 -24"><span class='ocrx_word' id='word_1_51' title='bbox 71 643 147 699; x_wconf 87' lang='lat' dir='ltr'><strong>euim</strong></span> <span class='ocrx_word' id='word_1_52' title='bbox 163 644 212 717; x_wconf 89' lang='lat' dir='ltr'><strong>qui</strong></span> <span class='ocrx_word' id='word_1_53' title='bbox 226 645 314 699; x_wconf 89' lang='lat' dir='ltr'><strong>servit</strong></span> <span class='ocrx_word' id='word_1_54' title='bbox 328 644 488 711; x_wconf 86' lang='lat' dir='ltr'><strong>virtutibus,</strong></span> <span class='ocrx_word' id='word_1_55' title='bbox 509 643 659 699; x_wconf 80' lang='lat' dir='ltr'><strong>fruetificat</strong></span> <span class='ocrx_word' id='word_1_56' title='bbox 672 645 735 699; x_wconf 79' lang='lat' dir='ltr'><strong>vitae</strong></span> <span class='ocrx_word' id='word_1_57' title='bbox 749 650 870 708; x_wconf 73' lang='lat' dir='ltr'><strong>aeterne,</strong></span> <span class='ocrx_word' id='word_1_58' title='bbox 914 653 943 703; x_wconf 92' lang='lat' dir='ltr'><strong>et</strong></span> <span class='ocrx_word' id='word_1_59' title='bbox 967 654 1081 719; x_wconf 86' lang='lat' dir='ltr'><strong>accepta</strong></span> <span class='ocrx_word' id='word_1_60' title='bbox 1108 650 1262 717; x_wconf 78' lang='lat' dir='ltr'><strong>occasione,</strong></span> <span class='ocrx_word' id='word_1_61' title='bbox 1290 666 1340 721; x_wconf 92' lang='lat' dir='ltr'><strong>per</strong></span> <span class='ocrx_word' id='word_1_62' title='bbox 1366 650 1618 720; x_wconf 78' lang='lat' dir='ltr'><strong>transgressionem</strong></span> <span class='ocrx_word' id='word_1_63' title='bbox 1644 651 1714 723; x_wconf 78' lang='lat' dir='ltr'><strong>legis</strong></span> 
     </span>
     <span class='ocr_line' id='line_1_6' title="bbox 71 732 1713 809; baseline 0.005 -22"><span class='ocrx_word' id='word_1_64' title='bbox 71 732 137 805; x_wconf 91' lang='lat' dir='ltr'><strong>quia</strong></span> <span class='ocrx_word' id='word_1_65' title='bbox 152 733 240 787; x_wconf 89' lang='lat' dir='ltr'><strong>vitam</strong></span> <span class='ocrx_word' id='word_1_66' title='bbox 256 738 391 789; x_wconf 77' lang='lat' dir='ltr'><strong>aternam</strong></span> <span class='ocrx_word' id='word_1_67' title='bbox 406 733 527 805; x_wconf 87' lang='lat' dir='ltr'><strong>acquirit</strong></span> <span class='ocrx_word' id='word_1_68' title='bbox 549 752 554 786; x_wconf 92' lang='lat'><strong>:</strong></span> <span class='ocrx_word' id='word_1_69' title='bbox 578 733 618 789; x_wconf 84' lang='lat' dir='ltr'><strong>ita</strong></span> <span class='ocrx_word' id='word_1_70' title='bbox 633 733 681 804; x_wconf 93' lang='lat' dir='ltr'><strong>qui</strong></span> <span class='ocrx_word' id='word_1_71' title='bbox 695 735 782 789; x_wconf 89' lang='lat' dir='ltr'><strong>servit</strong></span> <span class='ocrx_word' id='word_1_72' title='bbox 796 735 871 790; x_wconf 89' lang='lat' dir='ltr'><strong>vitiis</strong></span> <span class='ocrx_word' id='word_1_73' title='bbox 911 733 1096 789; x_wconf 84' lang='lat' dir='ltr'><strong>inflammavit</strong></span> <span class='ocrx_word' id='word_1_74' title='bbox 1111 736 1202 802; x_wconf 89' lang='lat' dir='ltr'><strong>illum,</strong></span> <span class='ocrx_word' id='word_1_75' title='bbox 1222 752 1280 793; x_wconf 92' lang='lat' dir='ltr'><strong>non</strong></span> <span class='ocrx_word' id='word_1_76' title='bbox 1294 738 1385 792; x_wconf 90' lang='lat' dir='ltr'><strong>solum</strong></span> <span class='ocrx_word' id='word_1_77' title='bbox 1399 738 1434 792; x_wconf 85' lang='lat' dir='ltr'><strong>sd</strong></span> <span class='ocrx_word' id='word_1_78' title='bbox 1457 739 1713 809; x_wconf 77' lang='lat' dir='ltr'><strong>concupiscentiam</strong></span> 
     </span>
     <span class='ocr_line' id='line_1_7' title="bbox 72 821 1714 899; baseline 0.004 -21"><span class='ocrx_word' id='word_1_79' title='bbox 72 826 195 879; x_wconf 89' lang='lat' dir='ltr'><strong>mortem</strong></span> <span class='ocrx_word' id='word_1_80' title='bbox 208 827 344 877; x_wconf 75' lang='lat' dir='ltr'><strong>aeternam</strong></span> <span class='ocrx_word' id='word_1_81' title='bbox 358 821 410 877; x_wconf 89' lang='lat' dir='ltr'><strong>sibi</strong></span> <span class='ocrx_word' id='word_1_82' title='bbox 423 822 551 894; x_wconf 78' lang='lat' dir='ltr'><strong>acquirit.</strong></span> <span class='ocrx_word' id='word_1_83' title='bbox 563 822 739 891; x_wconf 79' lang='lat' dir='ltr'><strong>Stipendium</strong></span> <span class='ocrx_word' id='word_1_84' title='bbox 755 824 829 877; x_wconf 89' lang='lat' dir='ltr'><strong>enim</strong></span> <span class='ocrx_word' id='word_1_85' title='bbox 845 829 874 879; x_wconf 94' lang='lat' dir='ltr'><strong>ct</strong></span> <span class='ocrx_word' id='word_1_86' title='bbox 913 821 1048 889; x_wconf 88' lang='lat' dir='ltr'><strong>libidinis,</strong></span> <span class='ocrx_word' id='word_1_87' title='bbox 1060 825 1109 879; x_wconf 89' lang='lat' dir='ltr'><strong>sed</strong></span> <span class='ocrx_word' id='word_1_88' title='bbox 1123 826 1248 882; x_wconf 88' lang='lat' dir='ltr'><strong>omnium</strong></span> <span class='ocrx_word' id='word_1_89' title='bbox 1259 826 1403 889; x_wconf 89' lang='lat' dir='ltr'><strong>vitiorum,</strong></span> <span class='ocrx_word' id='word_1_90' title='bbox 1415 833 1447 881; x_wconf 90' lang='lat' dir='ltr'><strong>ut</strong></span> <span class='ocrx_word' id='word_1_91' title='bbox 1456 843 1507 897; x_wconf 90' lang='lat' dir='ltr'><strong>per</strong></span> <span class='ocrx_word' id='word_1_92' title='bbox 1517 829 1714 899; x_wconf 87' lang='lat' dir='ltr'><strong>concupiscen-</strong></span> 
     </span>
     <span class='ocr_line' id='line_1_8' title="bbox 71 911 1714 989; baseline 0.006 -25"><span class='ocrx_word' id='word_1_93' title='bbox 71 911 264 967; x_wconf 88' lang='lat' dir='ltr'><strong>remuneratio</strong></span> <span class='ocrx_word' id='word_1_94' title='bbox 273 914 379 980; x_wconf 79' lang='lat' dir='ltr'><strong>peccati</strong></span> <span class='ocrx_word' id='word_1_95' title='bbox 394 928 468 965; x_wconf 88' lang='lat' dir='ltr'><strong>mors</strong></span> <span class='ocrx_word' id='word_1_96' title='bbox 482 916 586 965; x_wconf 88' lang='lat' dir='ltr'><strong>aeterna</strong></span> <span class='ocrx_word' id='word_1_97' title='bbox 601 917 644 965; x_wconf 91' lang='lat' dir='ltr'><strong>est</strong></span> <span class='ocrx_word' id='word_1_98' title='bbox 657 913 741 984; x_wconf 78' lang='lat' dir='ltr'><strong>(Rom.</strong></span> <span class='ocrx_word' id='word_1_99' title='bbox 758 922 806 966; x_wconf 69' lang='lat' dir='ltr'><strong>v1t⁴</strong></span> <span class='ocrx_word' id='word_1_100' title='bbox 914 912 984 967; x_wconf 88' lang='lat' dir='ltr'><strong>tiam</strong></span> <span class='ocrx_word' id='word_1_101' title='bbox 998 913 1078 967; x_wconf 82' lang='lat' dir='ltr'><strong>tieret</strong></span> <span class='ocrx_word' id='word_1_102' title='bbox 1092 914 1288 985; x_wconf 85' lang='lat' dir='ltr'><strong>praevaricator</strong></span> <span class='ocrx_word' id='word_1_103' title='bbox 1303 915 1384 985; x_wconf 83' lang='lat' dir='ltr'><strong>logis.</strong></span> <span class='ocrx_word' id='word_1_104' title='bbox 1400 915 1471 969; x_wconf 85' lang='lat' dir='ltr'><strong>Nam</strong></span> <span class='ocrx_word' id='word_1_105' title='bbox 1486 916 1541 971; x_wconf 94' lang='lat' dir='ltr'><strong>hoc</strong></span> <span class='ocrx_word' id='word_1_106' title='bbox 1554 916 1639 972; x_wconf 87' lang='lat' dir='ltr'><strong>habet</strong></span> <span class='ocrx_word' id='word_1_107' title='bbox 1650 934 1714 989; x_wconf 91' lang='lat' dir='ltr'><strong>pro·</strong></span> 
     </span>
     <span class='ocr_line' id='line_1_9' title="bbox 105 1000 1714 1074; baseline 0.006 -22"><span class='ocrx_word' id='word_1_108' title='bbox 105 1000 190 1053; x_wconf 76' lang='lat' dir='ltr'><strong>Nurac</strong></span> <span class='ocrx_word' id='word_1_109' title='bbox 203 1006 298 1054; x_wconf 83' lang='lat' dir='ltr'><strong>autem</strong></span> <span class='ocrx_word' id='word_1_110' title='bbox 311 1002 396 1054; x_wconf 85' lang='lat' dir='ltr'><strong>soluti</strong></span> <span class='ocrx_word' id='word_1_111' title='bbox 410 1015 517 1067; x_wconf 76' lang='lat' dir='ltr'><strong>surram,</strong></span> <span class='ocrx_word' id='word_1_112' title='bbox 529 1016 580 1072; x_wconf 90' lang='lat' dir='ltr'><strong>per</strong></span> <span class='ocrx_word' id='word_1_113' title='bbox 593 1000 752 1071; x_wconf 79' lang='lat' dir='ltr'><strong>passionem</strong></span> <span class='ocrx_word' id='word_1_114' title='bbox 768 1001 872 1057; x_wconf 86' lang='lat' dir='ltr'><strong>Christi</strong></span> <span class='ocrx_word' id='word_1_115' title='bbox 915 1000 1006 1071; x_wconf 89' lang='lat' dir='ltr'><strong>prium</strong></span> <span class='ocrx_word' id='word_1_116' title='bbox 1018 1018 1069 1074; x_wconf 91' lang='lat' dir='ltr'><strong>per</strong></span> <span class='ocrx_word' id='word_1_117' title='bbox 1077 1003 1331 1071; x_wconf 85' lang='lat' dir='ltr'><strong>transgressionem</strong></span> <span class='ocrx_word' id='word_1_118' title='bbox 1341 1005 1471 1059; x_wconf 86' lang='lat' dir='ltr'><strong>humanae</strong></span> <span class='ocrx_word' id='word_1_119' title='bbox 1484 1006 1586 1059; x_wconf 89' lang='lat' dir='ltr'><strong>mentis</strong></span> <span class='ocrx_word' id='word_1_120' title='bbox 1596 1005 1714 1063; x_wconf 83' lang='lat' dir='ltr'><strong>infirmi-</strong></span> 
     </span>
     <span class='ocr_line' id='line_1_10' title="bbox 72 1087 1714 1165; baseline 0.005 -23"><span class='ocrx_word' id='word_1_121' title='bbox 72 1092 99 1142; x_wconf 89' lang='lat' dir='ltr'><strong>et</strong></span> <span class='ocrx_word' id='word_1_122' title='bbox 109 1104 160 1160; x_wconf 87' lang='lat' dir='ltr'><strong>per</strong></span> <span class='ocrx_word' id='word_1_123' title='bbox 171 1087 381 1161; x_wconf 86' lang='lat' dir='ltr'><strong>baptismum,o</strong></span> <span class='ocrx_word' id='word_1_124' title='bbox 397 1090 451 1156; x_wconf 71' lang='lat' dir='ltr'><strong>tege</strong></span> <span class='ocrx_word' id='word_1_125' title='bbox 461 1091 567 1152; x_wconf 78' lang='grc'>1111111,</span> <span class='ocrx_word' id='word_1_126' title='bbox 581 1088 610 1142; x_wconf 93' lang='lat' dir='ltr'><strong>id</strong></span> <span class='ocrx_word' id='word_1_127' title='bbox 620 1089 760 1159; x_wconf 89' lang='lat' dir='ltr'><strong>estalege</strong></span> <span class='ocrx_word' id='word_1_128' title='bbox 771 1090 870 1161; x_wconf 82' lang='lat' dir='ltr'><strong>Moysi,</strong></span> <span class='ocrx_word' id='word_1_129' title='bbox 913 1097 966 1154; x_wconf 86' lang='lat' dir='ltr'><strong>tas,</strong></span> <span class='ocrx_word' id='word_1_130' title='bbox 983 1096 1015 1146; x_wconf 92' lang='lat' dir='ltr'><strong>ut</strong></span> <span class='ocrx_word' id='word_1_131' title='bbox 1034 1090 1177 1146; x_wconf 81' lang='lat' dir='ltr'><strong>difficilius</strong></span> <span class='ocrx_word' id='word_1_132' title='bbox 1191 1091 1333 1146; x_wconf 88' lang='lat' dir='ltr'><strong>observari</strong></span> <span class='ocrx_word' id='word_1_133' title='bbox 1354 1092 1461 1164; x_wconf 86' lang='lat' dir='ltr'><strong>possint</strong></span> <span class='ocrx_word' id='word_1_134' title='bbox 1474 1093 1625 1165; x_wconf 88' lang='lat' dir='ltr'><strong>prohibita.</strong></span> <span class='ocrx_word' id='word_1_135' title='bbox 1647 1097 1714 1152; x_wconf 77' lang='lat' dir='ltr'><strong>Sine</strong></span> 
     </span>
     <span class='ocr_line' id='line_1_11' title="bbox 72 1176 1713 1251; baseline 0.005 -20"><span class='ocrx_word' id='word_1_136' title='bbox 72 1191 133 1249; x_wconf 74' lang='lat' dir='ltr'><strong>quaa</strong></span> <span class='ocrx_word' id='word_1_137' title='bbox 146 1182 269 1231; x_wconf 88' lang='lat' dir='ltr'><strong>mortem</strong></span> <span class='ocrx_word' id='word_1_138' title='bbox 280 1176 631 1248; x_wconf 85' lang='lat' dir='ltr'><strong>inserebatpeccatoribus,</strong></span> <span class='ocrx_word' id='word_1_139' title='bbox 645 1182 676 1231; x_wconf 83' lang='lat' dir='ltr'><strong>in</strong></span> <span class='ocrx_word' id='word_1_140' title='bbox 688 1194 744 1247; x_wconf 87' lang='lat' dir='ltr'><strong>quc</strong></span> <span class='ocrx_word' id='word_1_141' title='bbox 758 1180 872 1233; x_wconf 76' lang='lat' dir='ltr'><strong>destine-</strong></span> <span class='ocrx_word' id='word_1_142' title='bbox 913 1182 987 1233; x_wconf 78' lang='lat' dir='ltr'><strong>enirn</strong></span> <span class='ocrx_word' id='word_1_143' title='bbox 1008 1182 1062 1246; x_wconf 74' lang='lat' dir='ltr'><strong>lege</strong></span> <span class='ocrx_word' id='word_1_144' title='bbox 1081 1179 1214 1241; x_wconf 88' lang='lat' dir='ltr'><strong>naturali,</strong></span> <span class='ocrx_word' id='word_1_145' title='bbox 1230 1182 1273 1234; x_wconf 82' lang='lat' dir='ltr'><strong>rel</strong></span> <span class='ocrx_word' id='word_1_146' title='bbox 1287 1180 1389 1251; x_wconf 80' lang='lat' dir='ltr'><strong>Moysi,</strong></span> <span class='ocrx_word' id='word_1_147' title='bbox 1407 1187 1549 1249; x_wconf 84' lang='lat' dir='ltr'><strong>peccatum</strong></span> <span class='ocrx_word' id='word_1_148' title='bbox 1568 1190 1713 1240; x_wconf 83' lang='lat' dir='ltr'><strong>mortuum</strong></span> 
     </span>
     <span class='ocr_line' id='line_1_12' title="bbox 74 1264 1710 1342; baseline 0.006 -23"><span class='ocrx_word' id='word_1_149' title='bbox 74 1265 183 1331; x_wconf 76' lang='grc'>1111111,</span> <span class='ocrx_word' id='word_1_150' title='bbox 199 1264 336 1321; x_wconf 87' lang='lat' dir='ltr'><strong>subaudis</strong></span> <span class='ocrx_word' id='word_1_151' title='bbox 354 1270 507 1337; x_wconf 88' lang='lat' dir='ltr'><strong>antequam</strong></span> <span class='ocrx_word' id='word_1_152' title='bbox 526 1282 577 1337; x_wconf 89' lang='lat' dir='ltr'><strong>per</strong></span> <span class='ocrx_word' id='word_1_153' title='bbox 591 1265 735 1321; x_wconf 85' lang='lat' dir='ltr'><strong>Christum</strong></span> <span class='ocrx_word' id='word_1_154' title='bbox 749 1268 872 1323; x_wconf 88' lang='lat' dir='ltr'><strong>solvere·</strong></span> <span class='ocrx_word' id='word_1_155' title='bbox 912 1272 983 1333; x_wconf 86' lang='lat' dir='ltr'><strong>eret,</strong></span> <span class='ocrx_word' id='word_1_156' title='bbox 995 1265 1024 1320; x_wconf 92' lang='lat' dir='ltr'><strong>id</strong></span> <span class='ocrx_word' id='word_1_157' title='bbox 1052 1273 1095 1322; x_wconf 86' lang='lat' dir='ltr'><strong>eet</strong></span> <span class='ocrx_word' id='word_1_158' title='bbox 1116 1267 1233 1333; x_wconf 86' lang='lat' dir='ltr'><strong>latebat,</strong></span> <span class='ocrx_word' id='word_1_159' title='bbox 1258 1267 1452 1338; x_wconf 78' lang='lat' dir='ltr'><strong>ignorabatur,</strong></span> <span class='ocrx_word' id='word_1_160' title='bbox 1468 1284 1525 1324; x_wconf 94' lang='lat' dir='ltr'><strong>non</strong></span> <span class='ocrx_word' id='word_1_161' title='bbox 1548 1271 1710 1342; x_wconf 81' lang='lat' dir='ltr'><strong>apparebat.</strong></span> 
     </span>
     <span class='ocr_line' id='line_1_13' title="bbox 68 1355 1714 1431; baseline 0.006 -24"><span class='ocrx_word' id='word_1_162' title='bbox 68 1367 152 1407; x_wconf 82' lang='lat' dir='ltr'><strong>mur:</strong></span> <span class='ocrx_word' id='word_1_163' title='bbox 166 1355 207 1408; x_wconf 83' lang='lat' dir='ltr'><strong>ita</strong></span> <span class='ocrx_word' id='word_1_164' title='bbox 221 1359 253 1408; x_wconf 83' lang='lat' dir='ltr'><strong>nt</strong></span> <span class='ocrx_word' id='word_1_165' title='bbox 266 1357 420 1409; x_wconf 80' lang='lat' dir='ltr'><strong>scrutamur</strong></span> <span class='ocrx_word' id='word_1_166' title='bbox 433 1359 464 1409; x_wconf 87' lang='lat' dir='ltr'><strong>s&#39;n</strong></span> <span class='ocrx_word' id='word_1_167' title='bbox 478 1359 597 1410; x_wconf 78' lang='lat' dir='ltr'><strong>novitate</strong></span> <span class='ocrx_word' id='word_1_168' title='bbox 606 1359 723 1424; x_wconf 72' lang='lat' dir='ltr'><strong>spiritur</strong></span> <span class='ocrx_word' id='word_1_169' title='bbox 734 1361 757 1410; x_wconf 88' lang='lat' dir='ltr'><strong>et</strong></span> <span class='ocrx_word' id='word_1_170' title='bbox 769 1372 825 1411; x_wconf 84' lang='lat' dir='ltr'><strong>non</strong></span> <span class='ocrx_word' id='word_1_171' title='bbox 840 1360 872 1411; x_wconf 82' lang='lat' dir='ltr'><strong>in</strong></span> <span class='ocrx_word' id='word_1_172' title='bbox 911 1355 1070 1426; x_wconf 79' lang='lat' dir='ltr'><strong>Antequam</strong></span> <span class='ocrx_word' id='word_1_173' title='bbox 1081 1356 1126 1411; x_wconf 83' lang='lat' dir='ltr'><strong>lex</strong></span> <span class='ocrx_word' id='word_1_174' title='bbox 1138 1356 1276 1411; x_wconf 87' lang='lat' dir='ltr'><strong>naturalis</strong></span> <span class='ocrx_word' id='word_1_175' title='bbox 1283 1362 1312 1410; x_wconf 91' lang='lat' dir='ltr'><strong>et</strong></span> <span class='ocrx_word' id='word_1_176' title='bbox 1321 1356 1483 1411; x_wconf 90' lang='lat' dir='ltr'><strong>intellectus</strong></span> <span class='ocrx_word' id='word_1_177' title='bbox 1492 1358 1609 1429; x_wconf 87' lang='lat' dir='ltr'><strong>incipiat</strong></span> <span class='ocrx_word' id='word_1_178' title='bbox 1619 1361 1714 1431; x_wconf 70' lang='lat' dir='ltr'><strong>sigerd</strong></span> 
     </span>
     <span class='ocr_line' id='line_1_14' title="bbox 68 1441 1714 1518; baseline 0.007 -24"><span class='ocrx_word' id='word_1_179' title='bbox 68 1447 202 1496; x_wconf 79' lang='lat' dir='ltr'><strong>uetustate</strong></span> <span class='ocrx_word' id='word_1_180' title='bbox 220 1441 373 1497; x_wconf 77' lang='lat' dir='ltr'><strong>littera.1n</strong></span> <span class='ocrx_word' id='word_1_181' title='bbox 389 1448 526 1498; x_wconf 89' lang='lat' dir='ltr'><strong>vetustate</strong></span> <span class='ocrx_word' id='word_1_182' title='bbox 542 1444 641 1498; x_wconf 81' lang='lat' dir='ltr'><strong>littere</strong></span> <span class='ocrx_word' id='word_1_183' title='bbox 656 1445 741 1499; x_wconf 90' lang='lat' dir='ltr'><strong>servit</strong></span> <span class='ocrx_word' id='word_1_184' title='bbox 757 1445 872 1516; x_wconf 89' lang='lat' dir='ltr'><strong>quicir·</strong></span> <span class='ocrx_word' id='word_1_185' title='bbox 911 1443 941 1498; x_wconf 88' lang='lat' dir='ltr'><strong>in</strong></span> <span class='ocrx_word' id='word_1_186' title='bbox 965 1445 1096 1514; x_wconf 87' lang='lat' dir='ltr'><strong>parvulis,</strong></span> <span class='ocrx_word' id='word_1_187' title='bbox 1119 1446 1238 1516; x_wconf 91' lang='lat' dir='ltr'><strong>aliisque</strong></span> <span class='ocrx_word' id='word_1_188' title='bbox 1262 1445 1433 1512; x_wconf 84' lang='lat' dir='ltr'><strong>hominibus,</strong></span> <span class='ocrx_word' id='word_1_189' title='bbox 1462 1446 1529 1500; x_wconf 91' lang='lat' dir='ltr'><strong>licet</strong></span> <span class='ocrx_word' id='word_1_190' title='bbox 1555 1449 1714 1518; x_wconf 84' lang='lat' dir='ltr'><strong>percutiant</strong></span> 
     </span>
     <span class='ocr_line' id='line_1_15' title="bbox 69 1531 1714 1606; baseline 0.006 -23"><span class='ocrx_word' id='word_1_191' title='bbox 69 1531 271 1587; x_wconf 89' lang='lat' dir='ltr'><strong>cumcisionem</strong></span> <span class='ocrx_word' id='word_1_192' title='bbox 279 1531 460 1589; x_wconf 89' lang='lat' dir='ltr'><strong>etsabbatum</strong></span> <span class='ocrx_word' id='word_1_193' title='bbox 469 1533 619 1589; x_wconf 87' lang='lat' dir='ltr'><strong>carnaliter</strong></span> <span class='ocrx_word' id='word_1_194' title='bbox 626 1540 760 1599; x_wconf 89' lang='lat' dir='ltr'><strong>servat,et</strong></span> <span class='ocrx_word' id='word_1_195' title='bbox 767 1534 814 1605; x_wconf 90' lang='lat' dir='ltr'><strong>qui</strong></span> <span class='ocrx_word' id='word_1_196' title='bbox 820 1551 872 1605; x_wconf 92' lang='lat' dir='ltr'><strong>per</strong></span> <span class='ocrx_word' id='word_1_197' title='bbox 911 1539 1020 1602; x_wconf 90' lang='lat' dir='ltr'><strong>patrem</strong></span> <span class='ocrx_word' id='word_1_198' title='bbox 1035 1539 1065 1588; x_wconf 89' lang='lat' dir='ltr'><strong>et</strong></span> <span class='ocrx_word' id='word_1_199' title='bbox 1084 1540 1214 1600; x_wconf 86' lang='lat' dir='ltr'><strong>matrem,</strong></span> <span class='ocrx_word' id='word_1_200' title='bbox 1231 1540 1260 1588; x_wconf 90' lang='lat' dir='ltr'><strong>et</strong></span> <span class='ocrx_word' id='word_1_201' title='bbox 1279 1535 1449 1591; x_wconf 90' lang='lat' dir='ltr'><strong>maledicant</strong></span> <span class='ocrx_word' id='word_1_202' title='bbox 1469 1536 1641 1606; x_wconf 86' lang='lat' dir='ltr'><strong>parentibus,</strong></span> <span class='ocrx_word' id='word_1_203' title='bbox 1656 1554 1714 1597; x_wconf 86' lang='lat' dir='ltr'><strong>nors</strong></span> 
     </span>
     <span class='ocr_line' id='line_1_16' title="bbox 68 1620 1715 1694; baseline 0.004 -19"><span class='ocrx_word' id='word_1_204' title='bbox 68 1620 213 1675; x_wconf 84' lang='lat' dir='ltr'><strong>carnalem</strong></span> <span class='ocrx_word' id='word_1_205' title='bbox 223 1620 429 1677; x_wconf 86' lang='lat' dir='ltr'><strong>observantiam</strong></span> <span class='ocrx_word' id='word_1_206' title='bbox 440 1621 511 1692; x_wconf 88' lang='lat' dir='ltr'><strong>legis</strong></span> <span class='ocrx_word' id='word_1_207' title='bbox 525 1628 607 1693; x_wconf 89' lang='lat' dir='ltr'><strong>putat</strong></span> <span class='ocrx_word' id='word_1_208' title='bbox 620 1640 650 1677; x_wconf 93' lang='lat' dir='ltr'><strong>se</strong></span> <span class='ocrx_word' id='word_1_209' title='bbox 664 1622 764 1677; x_wconf 70' lang='lat' dir='ltr'><strong>salvatri</strong></span> <span class='ocrx_word' id='word_1_210' title='bbox 776 1639 868 1694; x_wconf 90' lang='lat' dir='ltr'><strong>posse.</strong></span> <span class='ocrx_word' id='word_1_211' title='bbox 912 1627 1037 1691; x_wconf 89' lang='lat' dir='ltr'><strong>peccant.</strong></span> <span class='ocrx_word' id='word_1_212' title='bbox 1047 1623 1199 1693; x_wconf 88' lang='lat' dir='ltr'><strong>Postquam</strong></span> <span class='ocrx_word' id='word_1_213' title='bbox 1211 1629 1305 1677; x_wconf 86' lang='lat' dir='ltr'><strong>autem</strong></span> <span class='ocrx_word' id='word_1_214' title='bbox 1317 1624 1350 1678; x_wconf 90' lang='lat' dir='ltr'><strong>ad</strong></span> <span class='ocrx_word' id='word_1_215' title='bbox 1363 1623 1504 1694; x_wconf 89' lang='lat' dir='ltr'><strong>legitimos</strong></span> <span class='ocrx_word' id='word_1_216' title='bbox 1512 1641 1601 1679; x_wconf 89' lang='lat' dir='ltr'><strong>annos</strong></span> <span class='ocrx_word' id='word_1_217' title='bbox 1611 1625 1715 1682; x_wconf 58' lang='lat' dir='ltr'><strong>intelli*</strong></span> 
     </span>
     <span class='ocr_line' id='line_1_17' title="bbox 66 1707 1712 1785; baseline 0.002 -19"><span class='ocrx_word' id='word_1_218' title='bbox 66 1707 121 1768; x_wconf 81' lang='lat' dir='ltr'><strong>Jtte</strong></span> <span class='ocrx_word' id='word_1_219' title='bbox 134 1725 200 1764; x_wconf 89' lang='lat' dir='ltr'><strong>vero</strong></span> <span class='ocrx_word' id='word_1_220' title='bbox 214 1710 302 1764; x_wconf 91' lang='lat' dir='ltr'><strong>servit</strong></span> <span class='ocrx_word' id='word_1_221' title='bbox 322 1710 352 1764; x_wconf 90' lang='lat' dir='ltr'><strong>in</strong></span> <span class='ocrx_word' id='word_1_222' title='bbox 378 1711 501 1765; x_wconf 89' lang='lat' dir='ltr'><strong>novitate</strong></span> <span class='ocrx_word' id='word_1_223' title='bbox 522 1711 649 1782; x_wconf 86' lang='lat' dir='ltr'><strong>spiritus,</strong></span> <span class='ocrx_word' id='word_1_224' title='bbox 662 1711 713 1781; x_wconf 91' lang='lat' dir='ltr'><strong>qui</strong></span> <span class='ocrx_word' id='word_1_225' title='bbox 724 1712 870 1767; x_wconf 91' lang='lat' dir='ltr'><strong>circumci·</strong></span> <span class='ocrx_word' id='word_1_226' title='bbox 911 1709 1013 1778; x_wconf 82' lang='lat' dir='ltr'><strong>gantiae</strong></span> <span class='ocrx_word' id='word_1_227' title='bbox 1028 1711 1217 1779; x_wconf 83' lang='lat' dir='ltr'><strong>pervenerint,</strong></span> <span class='ocrx_word' id='word_1_228' title='bbox 1230 1711 1253 1765; x_wconf 90' lang='lat' dir='ltr'><strong>si</strong></span> <span class='ocrx_word' id='word_1_229' title='bbox 1266 1711 1371 1782; x_wconf 89' lang='lat' dir='ltr'><strong>aliquid</strong></span> <span class='ocrx_word' id='word_1_230' title='bbox 1385 1712 1441 1766; x_wconf 90' lang='lat' dir='ltr'><strong>tale</strong></span> <span class='ocrx_word' id='word_1_231' title='bbox 1455 1713 1573 1767; x_wconf 83' lang='lat' dir='ltr'><strong>iecerint</strong></span> <span class='ocrx_word' id='word_1_232' title='bbox 1586 1721 1712 1785; x_wconf 89' lang='lat' dir='ltr'><strong>peccaut,</strong></span> 
     </span>
     <span class='ocr_line' id='line_1_18' title="bbox 67 1796 1715 1872; baseline 0.004 -21"><span class='ocrx_word' id='word_1_233' title='bbox 67 1796 178 1853; x_wconf 68' lang='lat' dir='ltr'><strong>monem</strong></span> <span class='ocrx_word' id='word_1_234' title='bbox 192 1798 378 1871; x_wconf 86' lang='lat' dir='ltr'><strong>spiritualiter</strong></span> <span class='ocrx_word' id='word_1_235' title='bbox 389 1806 491 1859; x_wconf 82' lang='lat' dir='ltr'><strong>servat,</strong></span> <span class='ocrx_word' id='word_1_236' title='bbox 503 1805 532 1853; x_wconf 90' lang='lat' dir='ltr'><strong>et</strong></span> <span class='ocrx_word' id='word_1_237' title='bbox 543 1799 718 1855; x_wconf 85' lang='lat' dir='ltr'><strong>circumcidit</strong></span> <span class='ocrx_word' id='word_1_238' title='bbox 727 1817 775 1855; x_wconf 93' lang='lat' dir='ltr'><strong>cor</strong></span> <span class='ocrx_word' id='word_1_239' title='bbox 787 1818 870 1857; x_wconf 91' lang='lat' dir='ltr'><strong>suum</strong></span> <span class='ocrx_word' id='word_1_240' title='bbox 912 1803 940 1851; x_wconf 89' lang='lat' dir='ltr'><strong>et</strong></span> <span class='ocrx_word' id='word_1_241' title='bbox 967 1799 1120 1852; x_wconf 87' lang='lat' dir='ltr'><strong>vindictam</strong></span> <span class='ocrx_word' id='word_1_242' title='bbox 1148 1799 1297 1870; x_wconf 86' lang='lat' dir='ltr'><strong>recipiunt.</strong></span> <span class='ocrx_word' id='word_1_243' title='bbox 1329 1800 1465 1855; x_wconf 89' lang='lat' dir='ltr'><strong>Similiter</strong></span> <span class='ocrx_word' id='word_1_244' title='bbox 1489 1807 1642 1872; x_wconf 86' lang='lat' dir='ltr'><strong>antequam</strong></span> <span class='ocrx_word' id='word_1_245' title='bbox 1669 1804 1715 1859; x_wconf 78' lang='lat' dir='ltr'><strong>lex</strong></span> 
     </span>
     <span class='ocr_line' id='line_1_19' title="bbox 69 1883 1714 1961; baseline 0.005 -23"><span class='ocrx_word' id='word_1_246' title='bbox 69 1883 110 1938; x_wconf 73' lang='lat' dir='ltr'><strong>ab</strong></span> <span class='ocrx_word' id='word_1_247' title='bbox 124 1887 255 1943; x_wconf 89' lang='lat' dir='ltr'><strong>omnibus</strong></span> <span class='ocrx_word' id='word_1_248' title='bbox 278 1886 363 1951; x_wconf 88' lang='lat' dir='ltr'><strong>vitiis,</strong></span> <span class='ocrx_word' id='word_1_249' title='bbox 388 1893 417 1943; x_wconf 90' lang='lat' dir='ltr'><strong>et</strong></span> <span class='ocrx_word' id='word_1_250' title='bbox 440 1887 559 1959; x_wconf 83' lang='lat' dir='ltr'><strong>quiescit</strong></span> <span class='ocrx_word' id='word_1_251' title='bbox 583 1905 601 1943; x_wconf 87' lang='lat' dir='ltr'><strong>a</strong></span> <span class='ocrx_word' id='word_1_252' title='bbox 624 1905 709 1960; x_wconf 91' lang='lat' dir='ltr'><strong>pravo</strong></span> <span class='ocrx_word' id='word_1_253' title='bbox 728 1905 822 1959; x_wconf 89' lang='lat' dir='ltr'><strong>opere,</strong></span> <span class='ocrx_word' id='word_1_254' title='bbox 842 1898 872 1945; x_wconf 88' lang='lat' dir='ltr'><strong>et</strong></span> <span class='ocrx_word' id='word_1_255' title='bbox 911 1884 1002 1955; x_wconf 83' lang='lat' dir='ltr'><strong>Moysi</strong></span> <span class='ocrx_word' id='word_1_256' title='bbox 1018 1888 1084 1943; x_wconf 88' lang='lat' dir='ltr'><strong>data</strong></span> <span class='ocrx_word' id='word_1_257' title='bbox 1098 1893 1181 1952; x_wconf 90' lang='lat' dir='ltr'><strong>esset,</strong></span> <span class='ocrx_word' id='word_1_258' title='bbox 1192 1894 1274 1942; x_wconf 90' lang='lat' dir='ltr'><strong>erant</strong></span> <span class='ocrx_word' id='word_1_259' title='bbox 1289 1888 1417 1959; x_wconf 76' lang='lat' dir='ltr'><strong>quadarn</strong></span> <span class='ocrx_word' id='word_1_260' title='bbox 1432 1895 1547 1959; x_wconf 88' lang='lat' dir='ltr'><strong>peecata</strong></span> <span class='ocrx_word' id='word_1_261' title='bbox 1560 1906 1623 1960; x_wconf 75' lang='lat' dir='ltr'><strong>qum</strong></span> <span class='ocrx_word' id='word_1_262' title='bbox 1636 1891 1714 1961; x_wconf 83' lang='lat' dir='ltr'><strong>iguo·</strong></span> 
     </span>
     <span class='ocr_line' id='line_1_20' title="bbox 75 1975 1712 2051; baseline 0.003 -21"><span class='ocrx_word' id='word_1_263' title='bbox 75 1981 172 2031; x_wconf 78' lang='lat' dir='ltr'><strong>oetrra</strong></span> <span class='ocrx_word' id='word_1_264' title='bbox 186 1993 249 2048; x_wconf 77' lang='lat' dir='ltr'><strong>quae</strong></span> <span class='ocrx_word' id='word_1_265' title='bbox 262 1977 305 2032; x_wconf 85' lang='lat' dir='ltr'><strong>les</strong></span> <span class='ocrx_word' id='word_1_266' title='bbox 319 1977 402 2033; x_wconf 89' lang='lat' dir='ltr'><strong>docet</strong></span> <span class='ocrx_word' id='word_1_267' title='bbox 415 1977 600 2051; x_wconf 84' lang='lat' dir='ltr'><strong>spiritualiter</strong></span> <span class='ocrx_word' id='word_1_268' title='bbox 618 1977 751 2049; x_wconf 89' lang='lat' dir='ltr'><strong>intelligit</strong></span> <span class='ocrx_word' id='word_1_269' title='bbox 773 1985 802 2033; x_wconf 92' lang='lat' dir='ltr'><strong>et</strong></span> <span class='ocrx_word' id='word_1_270' title='bbox 818 1979 871 2033; x_wconf 91' lang='lat' dir='ltr'><strong>ad·</strong></span> <span class='ocrx_word' id='word_1_271' title='bbox 912 1975 1047 2031; x_wconf 85' lang='lat' dir='ltr'><strong>rabuntur</strong></span> <span class='ocrx_word' id='word_1_272' title='bbox 1069 1983 1182 2047; x_wconf 90' lang='lat' dir='ltr'><strong>peccata</strong></span> <span class='ocrx_word' id='word_1_273' title='bbox 1203 1993 1276 2042; x_wconf 83' lang='lat' dir='ltr'><strong>esse,</strong></span> <span class='ocrx_word' id='word_1_274' title='bbox 1295 1993 1357 2049; x_wconf 72' lang='lat' dir='ltr'><strong>quae</strong></span> <span class='ocrx_word' id='word_1_275' title='bbox 1381 1978 1531 2033; x_wconf 88' lang='lat' dir='ltr'><strong>commissa</strong></span> <span class='ocrx_word' id='word_1_276' title='bbox 1555 1995 1611 2033; x_wconf 90' lang='lat' dir='ltr'><strong>non</strong></span> <span class='ocrx_word' id='word_1_277' title='bbox 1625 1985 1712 2037; x_wconf 82' lang='lat' dir='ltr'><strong>tantia</strong></span> 
     </span>
     <span class='ocr_line' id='line_1_21' title="bbox 76 2062 1715 2137; baseline 0.002 -19"><span class='ocrx_word' id='word_1_278' title='bbox 76 2062 179 2137; x_wconf 82' lang='lat' dir='ltr'><strong>implet.</strong></span> <span class='ocrx_word' id='word_1_279' title='bbox 910 2065 1098 2136; x_wconf 85' lang='lat' dir='ltr'><strong>gravitudinis</strong></span> <span class='ocrx_word' id='word_1_280' title='bbox 1121 2072 1225 2121; x_wconf 87' lang='lat' dir='ltr'><strong>erant:</strong></span> <span class='ocrx_word' id='word_1_281' title='bbox 1249 2065 1292 2119; x_wconf 91' lang='lat' dir='ltr'><strong>vel</strong></span> <span class='ocrx_word' id='word_1_282' title='bbox 1315 2065 1400 2120; x_wconf 88' lang='lat' dir='ltr'><strong>etiarn</strong></span> <span class='ocrx_word' id='word_1_283' title='bbox 1424 2065 1448 2120; x_wconf 89' lang='lat' dir='ltr'><strong>si</strong></span> <span class='ocrx_word' id='word_1_284' title='bbox 1473 2065 1715 2136; x_wconf 82' lang='lat' dir='ltr'><strong>cognoscebantur</strong></span> 
     </span>
     <span class='ocr_line' id='line_1_22' title="bbox 115 2154 1623 2228; baseline 0.003 -21"><span class='ocrx_word' id='word_1_285' title='bbox 115 2154 180 2221; x_wconf 75' lang='lat' dir='ltr'><strong>Ouid</strong></span> <span class='ocrx_word' id='word_1_286' title='bbox 203 2170 268 2224; x_wconf 79' lang='lat' dir='ltr'><strong>erqo</strong></span> <span class='ocrx_word' id='word_1_287' title='bbox 294 2157 439 2213; x_wconf 76' lang='lat' dir='ltr'><strong>dicerunt?</strong></span> <span class='ocrx_word' id='word_1_288' title='bbox 464 2157 517 2213; x_wconf 81' lang='lat' dir='ltr'><strong>Lea</strong></span> <span class='ocrx_word' id='word_1_289' title='bbox 542 2161 684 2225; x_wconf 82' lang='lat' dir='ltr'><strong>peccatum</strong></span> <span class='ocrx_word' id='word_1_290' title='bbox 704 2162 765 2210; x_wconf 80' lang='lat' dir='ltr'><strong>est?</strong></span> <span class='ocrx_word' id='word_1_291' title='bbox 782 2158 869 2226; x_wconf 80' lang='lat' dir='ltr'><strong>Absit,</strong></span> <span class='ocrx_word' id='word_1_292' title='bbox 912 2173 974 2212; x_wconf 85' lang='lat' dir='ltr'><strong>esse</strong></span> <span class='ocrx_word' id='word_1_293' title='bbox 989 2164 1112 2228; x_wconf 88' lang='lat' dir='ltr'><strong>peccata,</strong></span> <span class='ocrx_word' id='word_1_294' title='bbox 1129 2157 1306 2228; x_wconf 84' lang='lat' dir='ltr'><strong>latebatque</strong></span> <span class='ocrx_word' id='word_1_295' title='bbox 1320 2172 1403 2228; x_wconf 77' lang='lat' dir='ltr'><strong>prena</strong></span> <span class='ocrx_word' id='word_1_296' title='bbox 1417 2157 1504 2227; x_wconf 88' lang='lat' dir='ltr'><strong>digna</strong></span> <span class='ocrx_word' id='word_1_297' title='bbox 1517 2162 1623 2212; x_wconf 82' lang='lat' dir='ltr'><strong>essent.</strong></span> 
     </span>
     <span class='ocr_line' id='line_1_23' title="bbox 79 2243 1717 2323; baseline 0.003 -26"><span class='ocrx_word' id='word_1_298' title='bbox 79 2246 115 2323; x_wconf 74' lang='lat' dir='ltr'><strong>ut</strong></span> <span class='ocrx_word' id='word_1_299' title='bbox 132 2243 174 2299; x_wconf 83' lang='lat' dir='ltr'><strong>lex</strong></span> <span class='ocrx_word' id='word_1_300' title='bbox 196 2260 259 2315; x_wconf 74' lang='lat' dir='ltr'><strong>quea</strong></span> <span class='ocrx_word' id='word_1_301' title='bbox 284 2251 399 2315; x_wconf 86' lang='lat' dir='ltr'><strong>peccata</strong></span> <span class='ocrx_word' id='word_1_302' title='bbox 419 2244 549 2317; x_wconf 90' lang='lat' dir='ltr'><strong>prohibet</strong></span> <span class='ocrx_word' id='word_1_303' title='bbox 571 2261 656 2300; x_wconf 89' lang='lat' dir='ltr'><strong>causa</strong></span> <span class='ocrx_word' id='word_1_304' title='bbox 669 2246 776 2315; x_wconf 88' lang='lat' dir='ltr'><strong>peccati</strong></span> <span class='ocrx_word' id='word_1_305' title='bbox 791 2244 871 2301; x_wconf 90' lang='lat' dir='ltr'><strong>uobis</strong></span> <span class='ocrx_word' id='word_1_306' title='bbox 948 2246 1005 2316; x_wconf 87' lang='lat' dir='ltr'><strong>Ego</strong></span> <span class='ocrx_word' id='word_1_307' title='bbox 1020 2252 1115 2301; x_wconf 90' lang='lat' dir='ltr'><strong>autem</strong></span> <span class='ocrx_word' id='word_1_308' title='bbox 1130 2245 1255 2300; x_wconf 81' lang='lat' dir='ltr'><strong>vivebam</strong></span> <span class='ocrx_word' id='word_1_309' title='bbox 1268 2245 1328 2303; x_wconf 85' lang='lat' dir='ltr'><strong>sine</strong></span> <span class='ocrx_word' id='word_1_310' title='bbox 1343 2245 1576 2315; x_wconf 86' lang='lat' dir='ltr'><strong>legealiquando.</strong></span> <span class='ocrx_word' id='word_1_311' title='bbox 1591 2246 1717 2318; x_wconf 87' lang='lat' dir='ltr'><strong>Seponit</strong></span> 
     </span>
     <span class='ocr_line' id='line_1_24' title="bbox 84 2328 1716 2406; baseline 0.003 -21"><span class='ocrx_word' id='word_1_312' title='bbox 84 2328 141 2385; x_wconf 83' lang='lat' dir='ltr'><strong>data</strong></span> <span class='ocrx_word' id='word_1_313' title='bbox 153 2331 199 2387; x_wconf 89' lang='lat' dir='ltr'><strong>sit.</strong></span> <span class='ocrx_word' id='word_1_314' title='bbox 215 2334 230 2387; x_wconf 88' lang='lat' dir='ltr'>J</span> <span class='ocrx_word' id='word_1_315' title='bbox 234 2333 306 2387; x_wconf 82' lang='lat' dir='ltr'><strong>udex</strong></span> <span class='ocrx_word' id='word_1_316' title='bbox 330 2333 444 2405; x_wconf 88' lang='lat' dir='ltr'><strong>quidem</strong></span> <span class='ocrx_word' id='word_1_317' title='bbox 467 2340 511 2388; x_wconf 89' lang='lat' dir='ltr'><strong>est</strong></span> <span class='ocrx_word' id='word_1_318' title='bbox 533 2340 722 2405; x_wconf 84' lang='lat' dir='ltr'><strong>peccatorum.</strong></span> <span class='ocrx_word' id='word_1_319' title='bbox 744 2340 773 2388; x_wconf 92' lang='lat' dir='ltr'><strong>et</strong></span> <span class='ocrx_word' id='word_1_320' title='bbox 790 2335 872 2391; x_wconf 86' lang='lat' dir='ltr'><strong>docet</strong></span> <span class='ocrx_word' id='word_1_321' title='bbox 912 2351 963 2406; x_wconf 91' lang='lat' dir='ltr'><strong>pro</strong></span> <span class='ocrx_word' id='word_1_322' title='bbox 973 2333 1113 2399; x_wconf 86' lang='lat' dir='ltr'><strong>omnibus,</strong></span> <span class='ocrx_word' id='word_1_323' title='bbox 1125 2340 1154 2388; x_wconf 88' lang='lat' dir='ltr'><strong>et</strong></span> <span class='ocrx_word' id='word_1_324' title='bbox 1168 2340 1210 2389; x_wconf 88' lang='lat' dir='ltr'><strong>ast</strong></span> <span class='ocrx_word' id='word_1_325' title='bbox 1224 2350 1324 2390; x_wconf 88' lang='lat' dir='ltr'><strong>sensus</strong></span> <span class='ocrx_word' id='word_1_326' title='bbox 1335 2352 1342 2388; x_wconf 78' lang='grc' dir='ltr'><strong><em>ε</em></strong></span> <span class='ocrx_word' id='word_1_327' title='bbox 1355 2334 1517 2405; x_wconf 88' lang='lat' dir='ltr'><strong>aliquando,</strong></span> <span class='ocrx_word' id='word_1_328' title='bbox 1529 2334 1558 2389; x_wconf 89' lang='lat' dir='ltr'><strong>id</strong></span> <span class='ocrx_word' id='word_1_329' title='bbox 1572 2342 1625 2400; x_wconf 85' lang='lat' dir='ltr'><strong>est,</strong></span> <span class='ocrx_word' id='word_1_330' title='bbox 1637 2340 1716 2391; x_wconf 76' lang='lat' dir='ltr'><strong>aare·</strong></span> 
     </span>
     <span class='ocr_line' id='line_1_25' title="bbox 86 2418 1713 2495; baseline 0.002 -22"><span class='ocrx_word' id='word_1_331' title='bbox 86 2418 143 2489; x_wconf 81' lang='lat' dir='ltr'><strong>qvid</strong></span> <span class='ocrx_word' id='word_1_332' title='bbox 156 2420 191 2477; x_wconf 87' lang='lat' dir='ltr'><strong>sit</strong></span> <span class='ocrx_word' id='word_1_333' title='bbox 202 2422 393 2494; x_wconf 83' lang='lat' dir='ltr'><strong>appetendum</strong></span> <span class='ocrx_word' id='word_1_334' title='bbox 407 2428 435 2477; x_wconf 89' lang='lat' dir='ltr'><strong>et</strong></span> <span class='ocrx_word' id='word_1_335' title='bbox 450 2422 516 2495; x_wconf 93' lang='lat' dir='ltr'><strong>quid</strong></span> <span class='ocrx_word' id='word_1_336' title='bbox 531 2422 687 2485; x_wconf 86' lang='lat' dir='ltr'><strong>vitandum.</strong></span> <span class='ocrx_word' id='word_1_337' title='bbox 701 2439 757 2479; x_wconf 91' lang='lat' dir='ltr'><strong>non</strong></span> <span class='ocrx_word' id='word_1_338' title='bbox 771 2430 814 2479; x_wconf 87' lang='lat' dir='ltr'><strong>est</strong></span> <span class='ocrx_word' id='word_1_339' title='bbox 827 2432 871 2477; x_wconf 86' lang='lat' dir='ltr'><strong>ta-</strong></span> <span class='ocrx_word' id='word_1_340' title='bbox 913 2439 997 2495; x_wconf 89' lang='lat' dir='ltr'><strong>quam</strong></span> <span class='ocrx_word' id='word_1_341' title='bbox 1008 2424 1302 2495; x_wconf 86' lang='lat' dir='ltr'><strong>legemcognoscerem</strong></span> <span class='ocrx_word' id='word_1_342' title='bbox 1310 2422 1402 2477; x_wconf 88' lang='lat' dir='ltr'><strong>vivere</strong></span> <span class='ocrx_word' id='word_1_343' title='bbox 1409 2438 1454 2476; x_wconf 91' lang='lat' dir='ltr'><strong>me</strong></span> <span class='ocrx_word' id='word_1_344' title='bbox 1462 2422 1713 2491; x_wconf 77' lang='lat' dir='ltr'><strong>arbitrabarrecte,</strong></span> 
     </span>
     <span class='ocr_line' id='line_1_26' title="bbox 88 2511 1715 2583; baseline 0.004 -21"><span class='ocrx_word' id='word_1_345' title='bbox 88 2521 142 2563; x_wconf 82' lang='lat' dir='ltr'><strong>meu</strong></span> <span class='ocrx_word' id='word_1_346' title='bbox 154 2511 293 2581; x_wconf 86' lang='lat' dir='ltr'><strong>operatrix</strong></span> <span class='ocrx_word' id='word_1_347' title='bbox 311 2512 428 2583; x_wconf 88' lang='lat' dir='ltr'><strong>peccati,</strong></span> <span class='ocrx_word' id='word_1_348' title='bbox 442 2528 532 2583; x_wconf 91' lang='lat' dir='ltr'><strong>neque</strong></span> <span class='ocrx_word' id='word_1_349' title='bbox 546 2529 631 2567; x_wconf 89' lang='lat' dir='ltr'><strong>causa</strong></span> <span class='ocrx_word' id='word_1_350' title='bbox 645 2513 744 2568; x_wconf 89' lang='lat' dir='ltr'><strong>mortis</strong></span> <span class='ocrx_word' id='word_1_351' title='bbox 759 2519 803 2566; x_wconf 78' lang='lat' dir='ltr'><strong>est</strong></span> <span class='ocrx_word' id='word_1_352' title='bbox 816 2511 872 2567; x_wconf 93' lang='lat' dir='ltr'><strong>illis</strong></span> <span class='ocrx_word' id='word_1_353' title='bbox 912 2528 976 2569; x_wconf 89' lang='lat' dir='ltr'><strong>cum</strong></span> <span class='ocrx_word' id='word_1_354' title='bbox 992 2528 1063 2583; x_wconf 88' lang='lat' dir='ltr'><strong>pene</strong></span> <span class='ocrx_word' id='word_1_355' title='bbox 1086 2511 1217 2566; x_wconf 90' lang='lat' dir='ltr'><strong>omnibus</strong></span> <span class='ocrx_word' id='word_1_356' title='bbox 1238 2511 1313 2564; x_wconf 90' lang='lat' dir='ltr'><strong>vitiis</strong></span> <span class='ocrx_word' id='word_1_357' title='bbox 1327 2511 1507 2565; x_wconf 84' lang='lat' dir='ltr'><strong>deservirem.</strong></span> <span class='ocrx_word' id='word_1_358' title='bbox 1530 2511 1583 2568; x_wconf 81' lang='lat' dir='ltr'><strong>Sed</strong></span> <span class='ocrx_word' id='word_1_359' title='bbox 1597 2529 1661 2567; x_wconf 83' lang='lat' dir='ltr'><strong>curn</strong></span> <span class='ocrx_word' id='word_1_360' title='bbox 1673 2529 1715 2568; x_wconf 78' lang='lat' dir='ltr'><strong>os·</strong></span> 
     </span>
     <span class='ocr_line' id='line_1_27' title="bbox 90 2596 1715 2673; baseline 0.004 -24"><span class='ocrx_word' id='word_1_361' title='bbox 90 2596 130 2665; x_wconf 88' lang='lat' dir='ltr'><strong>qui</strong></span> <span class='ocrx_word' id='word_1_362' title='bbox 139 2606 260 2671; x_wconf 85' lang='lat' dir='ltr'><strong>peccunt.</strong></span> <span class='ocrx_word' id='word_1_363' title='bbox 272 2599 357 2655; x_wconf 86' lang='lat' dir='ltr'><strong>Verbi</strong></span> <span class='ocrx_word' id='word_1_364' title='bbox 370 2601 464 2671; x_wconf 89' lang='lat' dir='ltr'><strong>gratia</strong></span> <span class='ocrx_word' id='word_1_365' title='bbox 475 2620 481 2654; x_wconf 91' lang='lat'>:</span> <span class='ocrx_word' id='word_1_366' title='bbox 494 2601 573 2661; x_wconf 84' lang='lat' dir='ltr'><strong>Sicut</strong></span> <span class='ocrx_word' id='word_1_367' title='bbox 588 2601 712 2657; x_wconf 87' lang='lat' dir='ltr'><strong>medicus</strong></span> <span class='ocrx_word' id='word_1_368' title='bbox 724 2601 772 2673; x_wconf 90' lang='lat' dir='ltr'><strong>qui</strong></span> <span class='ocrx_word' id='word_1_369' title='bbox 783 2601 873 2655; x_wconf 90' lang='lat' dir='ltr'><strong>homi·</strong></span> <span class='ocrx_word' id='word_1_370' title='bbox 914 2606 995 2656; x_wconf 82' lang='lat' dir='ltr'><strong>nisset</strong></span> <span class='ocrx_word' id='word_1_371' title='bbox 1012 2603 1179 2656; x_wconf 73' lang='lat' dir='ltr'><strong>incredulam</strong></span> <span class='ocrx_word' id='word_1_372' title='bbox 1193 2600 1263 2669; x_wconf 83' lang='lat' dir='ltr'><strong>legis</strong></span> <span class='ocrx_word' id='word_1_373' title='bbox 1279 2600 1367 2670; x_wconf 87' lang='lat' dir='ltr'><strong>Moysi</strong></span> <span class='ocrx_word' id='word_1_374' title='bbox 1391 2599 1488 2655; x_wconf 86' lang='lat' dir='ltr'><strong>dicens</strong></span> <span class='ocrx_word' id='word_1_375' title='bbox 1505 2618 1511 2653; x_wconf 75' lang='grc' dir='ltr'><strong>ε</strong></span> <span class='ocrx_word' id='word_1_376' title='bbox 1528 2600 1558 2654; x_wconf 84' lang='lat' dir='ltr'><strong>si</strong></span> <span class='ocrx_word' id='word_1_377' title='bbox 1577 2601 1640 2671; x_wconf 86' lang='lat' dir='ltr'><strong>quis</strong></span> <span class='ocrx_word' id='word_1_378' title='bbox 1662 2600 1715 2656; x_wconf 88' lang='lat' dir='ltr'><strong>hoe</strong></span> 
     </span>
     <span class='ocr_line' id='line_1_28' title="bbox 92 2687 1712 2758; baseline 0.002 -19"><span class='ocrx_word' id='word_1_379' title='bbox 92 2697 143 2738; x_wconf 77' lang='lat' dir='ltr'><strong>uem</strong></span> <span class='ocrx_word' id='word_1_380' title='bbox 168 2687 298 2758; x_wconf 88' lang='lat' dir='ltr'><strong>prohibet</strong></span> <span class='ocrx_word' id='word_1_381' title='bbox 320 2688 462 2743; x_wconf 88' lang='lat' dir='ltr'><strong>abstinere</strong></span> <span class='ocrx_word' id='word_1_382' title='bbox 484 2706 501 2744; x_wconf 89' lang='lat' dir='ltr'><strong>a</strong></span> <span class='ocrx_word' id='word_1_383' title='bbox 525 2689 594 2744; x_wconf 88' lang='lat' dir='ltr'><strong>cibis</strong></span> <span class='ocrx_word' id='word_1_384' title='bbox 619 2690 772 2745; x_wconf 82' lang='lat' dir='ltr'><strong>mortiferis</strong></span> <span class='ocrx_word' id='word_1_385' title='bbox 799 2697 829 2743; x_wconf 90' lang='lat' dir='ltr'><strong>et</strong></span> <span class='ocrx_word' id='word_1_386' title='bbox 855 2706 873 2745; x_wconf 89' lang='lat' dir='ltr'><strong>a</strong></span> <span class='ocrx_word' id='word_1_387' title='bbox 912 2690 955 2745; x_wconf 90' lang='lat' dir='ltr'><strong>vel</strong></span> <span class='ocrx_word' id='word_1_388' title='bbox 969 2690 1039 2745; x_wconf 93' lang='lat' dir='ltr'><strong>illud</strong></span> <span class='ocrx_word' id='word_1_389' title='bbox 1061 2689 1159 2745; x_wconf 84' lang='lat' dir='ltr'><strong>fecerit</strong></span> <span class='ocrx_word' id='word_1_390' title='bbox 1180 2695 1271 2742; x_wconf 90' lang='lat' dir='ltr'><strong>morte</strong></span> <span class='ocrx_word' id='word_1_391' title='bbox 1285 2687 1432 2752; x_wconf 85' lang='lat' dir='ltr'><strong>moriatur,</strong></span> <span class='ocrx_word' id='word_1_392' title='bbox 1444 2694 1586 2756; x_wconf 81' lang='lat' dir='ltr'><strong>peccatum</strong></span> <span class='ocrx_word' id='word_1_393' title='bbox 1601 2691 1712 2742; x_wconf 82' lang='lat' dir='ltr'><strong>revicit.</strong></span> 
     </span>
     <span class='ocr_line' id='line_1_29' title="bbox 90 2776 1715 2849; baseline 0.001 -18"><span class='ocrx_word' id='word_1_394' title='bbox 90 2785 158 2831; x_wconf 67' lang='lat' dir='ltr'><strong>Surae</strong></span> <span class='ocrx_word' id='word_1_395' title='bbox 166 2782 309 2833; x_wconf 75' lang='lat' dir='ltr'><strong>venenatae</strong></span> <span class='ocrx_word' id='word_1_396' title='bbox 330 2778 433 2843; x_wconf 79' lang='lat' dir='ltr'><strong>herbae,</strong></span> <span class='ocrx_word' id='word_1_397' title='bbox 447 2779 470 2833; x_wconf 89' lang='lat' dir='ltr'><strong>si</strong></span> <span class='ocrx_word' id='word_1_398' title='bbox 484 2779 532 2833; x_wconf 89' lang='lat' dir='ltr'><strong>ille</strong></span> <span class='ocrx_word' id='word_1_399' title='bbox 544 2779 697 2834; x_wconf 86' lang='lat' dir='ltr'><strong>comederit</strong></span> <span class='ocrx_word' id='word_1_400' title='bbox 709 2784 760 2832; x_wconf 85' lang='lat' dir='ltr'><strong>aut</strong></span> <span class='ocrx_word' id='word_1_401' title='bbox 770 2777 873 2832; x_wconf 87' lang='lat' dir='ltr'><strong>biberit</strong></span> <span class='ocrx_word' id='word_1_402' title='bbox 913 2778 987 2833; x_wconf 91' lang='lat' dir='ltr'><strong>Illud</strong></span> <span class='ocrx_word' id='word_1_403' title='bbox 997 2779 1101 2835; x_wconf 90' lang='lat' dir='ltr'><strong>dicitur</strong></span> <span class='ocrx_word' id='word_1_404' title='bbox 1109 2779 1273 2834; x_wconf 88' lang='lat' dir='ltr'><strong>reviviscere</strong></span> <span class='ocrx_word' id='word_1_405' title='bbox 1284 2778 1357 2849; x_wconf 91' lang='lat' dir='ltr'><strong>quod</strong></span> <span class='ocrx_word' id='word_1_406' title='bbox 1365 2779 1424 2847; x_wconf 81' lang='lat' dir='ltr'><strong>J&#39;am</strong></span> <span class='ocrx_word' id='word_1_407' title='bbox 1436 2776 1513 2831; x_wconf 83' lang='lat' dir='ltr'><strong>vixit.</strong></span> <span class='ocrx_word' id='word_1_408' title='bbox 1524 2776 1559 2830; x_wconf 88' lang='lat' dir='ltr'><strong>Et</strong></span> <span class='ocrx_word' id='word_1_409' title='bbox 1567 2782 1715 2847; x_wconf 83' lang='lat' dir='ltr'><strong>peceatum</strong></span> 
     </span>
     <span class='ocr_line' id='line_1_30' title="bbox 92 2864 1713 2938; baseline 0 -19"><span class='ocrx_word' id='word_1_410' title='bbox 92 2869 171 2919; x_wconf 76' lang='lat' dir='ltr'><strong>orm</strong></span> <span class='ocrx_word' id='word_1_411' title='bbox 178 2871 350 2937; x_wconf 77' lang='lat' dir='ltr'><strong>praeceptum</strong></span> <span class='ocrx_word' id='word_1_412' title='bbox 360 2865 872 2932; x_wconf 67' lang='grc'>11111111101111111111111-</span> <span class='ocrx_word' id='word_1_413' title='bbox 913 2867 942 2927; x_wconf 87' lang='lat' dir='ltr'><strong>in</strong></span> <span class='ocrx_word' id='word_1_414' title='bbox 954 2867 1045 2937; x_wconf 91' lang='lat' dir='ltr'><strong>primo</strong></span> <span class='ocrx_word' id='word_1_415' title='bbox 1057 2867 1170 2938; x_wconf 91' lang='lat' dir='ltr'><strong>quidem</strong></span> <span class='ocrx_word' id='word_1_416' title='bbox 1184 2867 1297 2921; x_wconf 87' lang='lat' dir='ltr'><strong>homine</strong></span> <span class='ocrx_word' id='word_1_417' title='bbox 1306 2864 1374 2920; x_wconf 82' lang='lat' dir='ltr'><strong>vixit</strong></span> <span class='ocrx_word' id='word_1_418' title='bbox 1384 2864 1432 2935; x_wconf 90' lang='lat' dir='ltr'><strong>qui</strong></span> <span class='ocrx_word' id='word_1_419' title='bbox 1442 2864 1713 2935; x_wconf 73' lang='lat' dir='ltr'><strong>seienterpeccavit5</strong></span> 
     </span>
     <span class='ocr_line' id='line_1_31' title="bbox 90 2946 1716 3027; baseline 0.001 -20"><span class='ocrx_word' id='word_1_420' title='bbox 90 2946 150 3007; x_wconf 63' lang='lat' dir='ltr'><strong>circo</strong></span> <span class='ocrx_word' id='word_1_421' title='bbox 161 2961 202 3009; x_wconf 89' lang='lat' dir='ltr'><strong>est</strong></span> <span class='ocrx_word' id='word_1_422' title='bbox 216 2955 344 3010; x_wconf 89' lang='lat' dir='ltr'><strong>medicus</strong></span> <span class='ocrx_word' id='word_1_423' title='bbox 354 2971 439 3010; x_wconf 87' lang='lat' dir='ltr'><strong>causa</strong></span> <span class='ocrx_word' id='word_1_424' title='bbox 454 2955 554 3010; x_wconf 90' lang='lat' dir='ltr'><strong>mortis</strong></span> <span class='ocrx_word' id='word_1_425' title='bbox 567 2955 644 3010; x_wconf 89' lang='lat' dir='ltr'><strong>illius</strong></span> <span class='ocrx_word' id='word_1_426' title='bbox 658 2955 702 3012; x_wconf 90' lang='lat' dir='ltr'><strong>cui</strong></span> <span class='ocrx_word' id='word_1_427' title='bbox 717 2954 870 3027; x_wconf 90' lang='lat' dir='ltr'><strong>prohibuit,</strong></span> <span class='ocrx_word' id='word_1_428' title='bbox 913 2956 985 3009; x_wconf 89' lang='lat' dir='ltr'><strong>etin</strong></span> <span class='ocrx_word' id='word_1_429' title='bbox 999 2956 1067 3010; x_wconf 85' lang='lat' dir='ltr'><strong>Cain</strong></span> <span class='ocrx_word' id='word_1_430' title='bbox 1083 2956 1131 3027; x_wconf 90' lang='lat' dir='ltr'><strong>qul</strong></span> <span class='ocrx_word' id='word_1_431' title='bbox 1146 2955 1234 3012; x_wconf 88' lang='lat' dir='ltr'><strong>dixit:</strong></span> <span class='ocrx_word' id='word_1_432' title='bbox 1248 2957 1339 3023; x_wconf 72' lang='grc'>1111111</span> <span class='ocrx_word' id='word_1_433' title='bbox 1351 2959 1390 3009; x_wconf 83' lang='lat' dir='ltr'><strong>sat</strong></span> <span class='ocrx_word' id='word_1_434' title='bbox 1403 2955 1541 3020; x_wconf 82' lang='lat' dir='ltr'><strong>iniquitas</strong></span> <span class='ocrx_word' id='word_1_435' title='bbox 1556 2969 1616 3007; x_wconf 80' lang='lat' dir='ltr'><strong>meo</strong></span> <span class='ocrx_word' id='word_1_436' title='bbox 1630 2968 1716 3022; x_wconf 81' lang='lat' dir='ltr'><strong>quum</strong></span> 
     </span>
     <span class='ocr_line' id='line_1_32' title="bbox 92 3039 1718 3119; baseline 0 -24"><span class='ocrx_word' id='word_1_437' title='bbox 92 3039 191 3115; x_wconf 72' lang='lat' dir='ltr'><strong>arripe</strong></span> <span class='ocrx_word' id='word_1_438' title='bbox 200 3043 254 3099; x_wconf 90' lang='lat' dir='ltr'><strong>sibi</strong></span> <span class='ocrx_word' id='word_1_439' title='bbox 266 3051 312 3099; x_wconf 87' lang='lat' dir='ltr'><strong>est</strong></span> <span class='ocrx_word' id='word_1_440' title='bbox 325 3060 410 3099; x_wconf 86' lang='lat' dir='ltr'><strong>rausa</strong></span> <span class='ocrx_word' id='word_1_441' title='bbox 424 3046 523 3100; x_wconf 85' lang='lat' dir='ltr'><strong>mortis</strong></span> <span class='ocrx_word' id='word_1_442' title='bbox 533 3045 582 3117; x_wconf 91' lang='lat' dir='ltr'><strong>qui</strong></span> <span class='ocrx_word' id='word_1_443' title='bbox 596 3045 719 3101; x_wconf 90' lang='lat' dir='ltr'><strong>comedit</strong></span> <span class='ocrx_word' id='word_1_444' title='bbox 731 3045 766 3099; x_wconf 92' lang='lat' dir='ltr'><strong>de</strong></span> <span class='ocrx_word' id='word_1_445' title='bbox 777 3044 873 3116; x_wconf 86' lang='lat' dir='ltr'><strong>prohi-</strong></span> <span class='ocrx_word' id='word_1_446' title='bbox 913 3052 944 3101; x_wconf 84' lang='lat' dir='ltr'><strong>et</strong></span> <span class='ocrx_word' id='word_1_447' title='bbox 963 3049 1074 3100; x_wconf 80' lang='lat' dir='ltr'><strong>verrium</strong></span> <span class='ocrx_word' id='word_1_448' title='bbox 1089 3061 1198 3119; x_wconf 57' lang='lat' dir='ltr'><strong>ruerem}</strong></span> <span class='ocrx_word' id='word_1_449' title='bbox 1209 3046 1289 3114; x_wconf 81' lang='lat' dir='ltr'><strong>(Gen.</strong></span> <span class='ocrx_word' id='word_1_450' title='bbox 1304 3048 1364 3113; x_wconf 82' lang='lat' dir='ltr'><strong>1r);&#39;</strong></span> <span class='ocrx_word' id='word_1_451' title='bbox 1377 3042 1427 3098; x_wconf 90' lang='lat' dir='ltr'><strong>sed</strong></span> <span class='ocrx_word' id='word_1_452' title='bbox 1440 3042 1471 3097; x_wconf 91' lang='lat' dir='ltr'><strong>in</strong></span> <span class='ocrx_word' id='word_1_453' title='bbox 1486 3041 1553 3096; x_wconf 85' lang='lat' dir='ltr'><strong>liliis</strong></span> <span class='ocrx_word' id='word_1_454' title='bbox 1566 3042 1628 3113; x_wconf 90' lang='lat' dir='ltr'><strong>ejus</strong></span> <span class='ocrx_word' id='word_1_455' title='bbox 1642 3056 1718 3095; x_wconf 80' lang='lat' dir='ltr'><strong>mor·</strong></span> 
     </span>
     <span class='ocr_line' id='line_1_33' title="bbox 91 3119 1717 3234; baseline -0.001 -48"><span class='ocrx_word' id='word_1_456' title='bbox 91 3119 142 3186; x_wconf 74' lang='lat' dir='ltr'><strong>¹titis</strong></span> <span class='ocrx_word' id='word_1_457' title='bbox 166 3149 172 3188; x_wconf 93' lang='lat'><strong>:</strong></span> <span class='ocrx_word' id='word_1_458' title='bbox 196 3133 239 3193; x_wconf 88' lang='lat' dir='ltr'><strong>ita</strong></span> <span class='ocrx_word' id='word_1_459' title='bbox 262 3134 307 3189; x_wconf 87' lang='lat' dir='ltr'><strong>les</strong></span> <span class='ocrx_word' id='word_1_460' title='bbox 334 3151 396 3207; x_wconf 81' lang='lat' dir='ltr'><strong>quae</strong></span> <span class='ocrx_word' id='word_1_461' title='bbox 422 3133 589 3207; x_wconf 88' lang='lat' dir='ltr'><strong>prohibebat</strong></span> <span class='ocrx_word' id='word_1_462' title='bbox 608 3139 732 3205; x_wconf 76' lang='lat' dir='ltr'><strong>peceato,</strong></span> <span class='ocrx_word' id='word_1_463' title='bbox 753 3134 847 3189; x_wconf 86' lang='lat' dir='ltr'><strong>dicens</strong></span> <span class='ocrx_word' id='word_1_464' title='bbox 861 3152 867 3187; x_wconf 93' lang='lat'><strong>:</strong></span> <span class='ocrx_word' id='word_1_465' title='bbox 880 3140 993 3234; x_wconf 77' lang='lat' dir='ltr'><strong>Ctuum</strong></span> <span class='ocrx_word' id='word_1_466' title='bbox 1005 3135 1107 3206; x_wconf 90' lang='lat' dir='ltr'><strong>estqui</strong></span> <span class='ocrx_word' id='word_1_467' title='bbox 1117 3135 1153 3189; x_wconf 88' lang='lat' dir='ltr'><strong>ad</strong></span> <span class='ocrx_word' id='word_1_468' title='bbox 1163 3140 1275 3189; x_wconf 86' lang='lat' dir='ltr'><strong>tantum</strong></span> <span class='ocrx_word' id='word_1_469' title='bbox 1286 3134 1608 3204; x_wconf 84' lang='lat' dir='ltr'><strong>pervenerunterrorem</strong></span> <span class='ocrx_word' id='word_1_470' title='bbox 1618 3136 1717 3185; x_wconf 80' lang='lat' dir='ltr'><strong>utnon</strong></span> 
     </span>
     <span class='ocr_line' id='line_1_34' title="bbox 16 3210 1717 3296; baseline -0.001 -20"><span class='ocrx_word' id='word_1_471' title='bbox 16 3278 19 3283; x_wconf 77' lang='grc'>,</span> <span class='ocrx_word' id='word_1_472' title='bbox 90 3210 178 3293; x_wconf 73' lang='lat' dir='ltr'><strong>Siquis</strong></span> <span class='ocrx_word' id='word_1_473' title='bbox 198 3222 252 3279; x_wconf 90' lang='lat' dir='ltr'><strong>hoc</strong></span> <span class='ocrx_word' id='word_1_474' title='bbox 264 3223 308 3278; x_wconf 89' lang='lat' dir='ltr'><strong>vel</strong></span> <span class='ocrx_word' id='word_1_475' title='bbox 325 3222 394 3277; x_wconf 88' lang='lat' dir='ltr'><strong>illud</strong></span> <span class='ocrx_word' id='word_1_476' title='bbox 408 3223 514 3288; x_wconf 84' lang='lat' dir='ltr'><strong>fecerit,</strong></span> <span class='ocrx_word' id='word_1_477' title='bbox 537 3231 628 3278; x_wconf 91' lang='lat' dir='ltr'><strong>morte</strong></span> <span class='ocrx_word' id='word_1_478' title='bbox 642 3223 788 3284; x_wconf 86' lang='lat' dir='ltr'><strong>moriatur,</strong></span> <span class='ocrx_word' id='word_1_479' title='bbox 804 3239 870 3294; x_wconf 90' lang='lat' dir='ltr'><strong>pec·</strong></span> <span class='ocrx_word' id='word_1_480' title='bbox 913 3230 1044 3296; x_wconf 87' lang='lat' dir='ltr'><strong>putarent</strong></span> <span class='ocrx_word' id='word_1_481' title='bbox 1060 3240 1122 3278; x_wconf 87' lang='lat' dir='ltr'><strong>esse</strong></span> <span class='ocrx_word' id='word_1_482' title='bbox 1137 3229 1281 3295; x_wconf 90' lang='lat' dir='ltr'><strong>peccatum</strong></span> <span class='ocrx_word' id='word_1_483' title='bbox 1293 3221 1369 3293; x_wconf 88' lang='lat' dir='ltr'><strong>quod</strong></span> <span class='ocrx_word' id='word_1_484' title='bbox 1383 3225 1445 3275; x_wconf 81' lang='lat' dir='ltr'><strong>erat</strong></span> <span class='ocrx_word' id='word_1_485' title='bbox 1460 3225 1614 3291; x_wconf 87' lang='lat' dir='ltr'><strong>peccatum.</strong></span> <span class='ocrx_word' id='word_1_486' title='bbox 1627 3218 1717 3275; x_wconf 71' lang='lat' dir='ltr'><strong>edre</strong></span> 
     </span>
     <span class='ocr_line' id='line_1_35' title="bbox 88 3308 1716 3385; baseline 0 -22"><span class='ocrx_word' id='word_1_487' title='bbox 88 3309 239 3366; x_wconf 71' lang='lat' dir='ltr'><strong>erubeseo</strong></span> <span class='ocrx_word' id='word_1_488' title='bbox 253 3328 287 3367; x_wconf 89' lang='lat' dir='ltr'><strong>ea</strong></span> <span class='ocrx_word' id='word_1_489' title='bbox 301 3310 469 3367; x_wconf 81' lang='lat' dir='ltr'><strong>facientibus</strong></span> <span class='ocrx_word' id='word_1_490' title='bbox 481 3329 542 3385; x_wconf 87' lang='lat' dir='ltr'><strong>quae</strong></span> <span class='ocrx_word' id='word_1_491' title='bbox 551 3313 614 3384; x_wconf 90' lang='lat' dir='ltr'><strong>ipsa</strong></span> <span class='ocrx_word' id='word_1_492' title='bbox 627 3312 803 3385; x_wconf 87' lang='lat' dir='ltr'><strong>prohibebat,</strong></span> <span class='ocrx_word' id='word_1_493' title='bbox 814 3329 871 3368; x_wconf 91' lang='lat' dir='ltr'><strong>non</strong></span> <span class='ocrx_word' id='word_1_494' title='bbox 911 3313 1006 3367; x_wconf 88' lang='lat' dir='ltr'><strong>niente</strong></span> <span class='ocrx_word' id='word_1_495' title='bbox 1021 3320 1117 3366; x_wconf 88' lang='lat' dir='ltr'><strong>autem</strong></span> <span class='ocrx_word' id='word_1_496' title='bbox 1138 3314 1198 3383; x_wconf 86' lang='lat' dir='ltr'><strong>lege</strong></span> <span class='ocrx_word' id='word_1_497' title='bbox 1213 3312 1303 3382; x_wconf 81' lang='lat' dir='ltr'><strong>Moysi</strong></span> <span class='ocrx_word' id='word_1_498' title='bbox 1317 3308 1417 3366; x_wconf 81' lang='lat' dir='ltr'><strong>revisit</strong></span> <span class='ocrx_word' id='word_1_499' title='bbox 1431 3308 1506 3380; x_wconf 88' lang='lat' dir='ltr'><strong>quod</strong></span> <span class='ocrx_word' id='word_1_500' title='bbox 1520 3313 1645 3380; x_wconf 83' lang='lat' dir='ltr'><strong>coeperat</strong></span> <span class='ocrx_word' id='word_1_501' title='bbox 1657 3322 1716 3363; x_wconf 81' lang='lat' dir='ltr'><strong>non</strong></span> 
     </span>
     <span class='ocr_line' id='line_1_36' title="bbox 86 3397 1258 3473; baseline -0.001 -19"><span class='ocrx_word' id='word_1_502' title='bbox 86 3401 138 3452; x_wconf 64' lang='lat' dir='ltr'><strong>‘tut</strong></span> <span class='ocrx_word' id='word_1_503' title='bbox 149 3416 232 3455; x_wconf 85' lang='lat' dir='ltr'><strong>causa</strong></span> <span class='ocrx_word' id='word_1_504' title='bbox 245 3400 354 3462; x_wconf 88' lang='lat' dir='ltr'><strong>mortis,</strong></span> <span class='ocrx_word' id='word_1_505' title='bbox 371 3401 419 3455; x_wconf 87' lang='lat' dir='ltr'><strong>sed</strong></span> <span class='ocrx_word' id='word_1_506' title='bbox 432 3401 486 3472; x_wconf 89' lang='lat' dir='ltr'><strong>ipsi</strong></span> <span class='ocrx_word' id='word_1_507' title='bbox 505 3402 553 3473; x_wconf 89' lang='lat' dir='ltr'><strong>qui</strong></span> <span class='ocrx_word' id='word_1_508' title='bbox 573 3397 797 3471; x_wconf 76' lang='lat' dir='ltr'><strong>transgressores</strong></span> <span class='ocrx_word' id='word_1_509' title='bbox 811 3402 870 3456; x_wconf 88' lang='lat' dir='ltr'><strong>exi·</strong></span> <span class='ocrx_word' id='word_1_510' title='bbox 910 3402 1002 3456; x_wconf 85' lang='lat' dir='ltr'><strong>vivere</strong></span> <span class='ocrx_word' id='word_1_511' title='bbox 1016 3402 1129 3473; x_wconf 90' lang='lat' dir='ltr'><strong>quando</strong></span> <span class='ocrx_word' id='word_1_512' title='bbox 1142 3401 1258 3456; x_wconf 90' lang='lat' dir='ltr'><strong>latebat.</strong></span> 
     </span>
     <span class='ocr_line' id='line_1_37' title="bbox 84 3482 1717 3562; baseline -0.002 -17"><span class='ocrx_word' id='word_1_513' title='bbox 84 3482 193 3557; x_wconf 62' lang='lat' dir='ltr'><strong>⁸2tbant,</strong></span> <span class='ocrx_word' id='word_1_514' title='bbox 205 3495 288 3544; x_wconf 88' lang='lat' dir='ltr'><strong>erant</strong></span> <span class='ocrx_word' id='word_1_515' title='bbox 302 3489 356 3543; x_wconf 89' lang='lat' dir='ltr'><strong>sibi</strong></span> <span class='ocrx_word' id='word_1_516' title='bbox 369 3505 456 3543; x_wconf 90' lang='lat' dir='ltr'><strong>causa</strong></span> <span class='ocrx_word' id='word_1_517' title='bbox 469 3507 526 3545; x_wconf 83' lang='lat' dir='ltr'><strong>suae</strong></span> <span class='ocrx_word' id='word_1_518' title='bbox 536 3491 795 3547; x_wconf 82' lang='lat' dir='ltr'><strong>damnationisSed</strong></span> <span class='ocrx_word' id='word_1_519' title='bbox 810 3507 872 3562; x_wconf 90' lang='lat' dir='ltr'><strong>pec·</strong></span> <span class='ocrx_word' id='word_1_520' title='bbox 947 3492 1002 3558; x_wconf 76' lang='lat' dir='ltr'><strong>Epo</strong></span> <span class='ocrx_word' id='word_1_521' title='bbox 1015 3495 1108 3545; x_wconf 84' lang='lat' dir='ltr'><strong>eutem</strong></span> <span class='ocrx_word' id='word_1_522' title='bbox 1120 3499 1247 3545; x_wconf 78' lang='lat' dir='ltr'><strong>mortuus</strong></span> <span class='ocrx_word' id='word_1_523' title='bbox 1260 3505 1333 3552; x_wconf 78' lang='lat' dir='ltr'><strong>sarrs,</strong></span> <span class='ocrx_word' id='word_1_524' title='bbox 1348 3488 1377 3543; x_wconf 91' lang='lat' dir='ltr'><strong>id</strong></span> <span class='ocrx_word' id='word_1_525' title='bbox 1388 3492 1431 3542; x_wconf 90' lang='lat' dir='ltr'><strong>est</strong></span> <span class='ocrx_word' id='word_1_526' title='bbox 1441 3486 1558 3557; x_wconf 90' lang='lat' dir='ltr'><strong>dignum</strong></span> <span class='ocrx_word' id='word_1_527' title='bbox 1569 3502 1614 3540; x_wconf 89' lang='lat' dir='ltr'><strong>me</strong></span> <span class='ocrx_word' id='word_1_528' title='bbox 1624 3492 1717 3542; x_wconf 88' lang='lat' dir='ltr'><strong>morte</strong></span> 
     </span>
    </p>
   </div>
   <div class='ocr_carea' id='block_1_3' title="bbox 82 3577 1824 3651">
    <p class='ocr_par' dir='ltr' id='par_1_3' title="bbox 82 3577 1824 3651">
     <span class='ocr_line' id='line_1_38' title="bbox 82 3577 1824 3651; baseline -0.001 -18"><span class='ocrx_word' id='word_1_529' title='bbox 82 3577 167 3633; x_wconf 53' lang='lat' dir='ltr'><strong>mlum</strong></span> <span class='ocrx_word' id='word_1_530' title='bbox 183 3593 241 3633; x_wconf 87' lang='lat' dir='ltr'><strong>non</strong></span> <span class='ocrx_word' id='word_1_531' title='bbox 254 3579 374 3649; x_wconf 84' lang='lat' dir='ltr'><strong>cognovi</strong></span> <span class='ocrx_word' id='word_1_532' title='bbox 387 3577 443 3633; x_wconf 90' lang='lat' dir='ltr'><strong>nisi</strong></span> <span class='ocrx_word' id='word_1_533' title='bbox 457 3595 507 3650; x_wconf 90' lang='lat' dir='ltr'><strong>per</strong></span> <span class='ocrx_word' id='word_1_534' title='bbox 521 3580 621 3650; x_wconf 85' lang='lat' dir='ltr'><strong>legem,</strong></span> <span class='ocrx_word' id='word_1_535' title='bbox 636 3579 663 3632; x_wconf 94' lang='lat' dir='ltr'><strong>id</strong></span> <span class='ocrx_word' id='word_1_536' title='bbox 686 3586 737 3642; x_wconf 90' lang='lat' dir='ltr'><strong>est,</strong></span> <span class='ocrx_word' id='word_1_537' title='bbox 759 3595 872 3650; x_wconf 72' lang='lat' dir='ltr'><strong>poenam</strong></span> <span class='ocrx_word' id='word_1_538' title='bbox 913 3579 1036 3634; x_wconf 84' lang='lat' dir='ltr'><strong>intellexi</strong></span> <span class='ocrx_word' id='word_1_539' title='bbox 1053 3598 1059 3633; x_wconf 91' lang='lat'>:</span> <span class='ocrx_word' id='word_1_540' title='bbox 1081 3584 1230 3651; x_wconf 91' lang='lat' dir='ltr'><strong>postquam</strong></span> <span class='ocrx_word' id='word_1_541' title='bbox 1246 3577 1340 3648; x_wconf 90' lang='lat' dir='ltr'><strong>accepi</strong></span> <span class='ocrx_word' id='word_1_542' title='bbox 1363 3577 1455 3647; x_wconf 81' lang='lat' dir='ltr'><strong>legem</strong></span> <span class='ocrx_word' id='word_1_543' title='bbox 1471 3582 1499 3630; x_wconf 91' lang='lat' dir='ltr'><strong>at</strong></span> <span class='ocrx_word' id='word_1_544' title='bbox 1519 3580 1717 3644; x_wconf 89' lang='lat' dir='ltr'><strong>transgressus</strong></span> <span class='ocrx_word' id='word_1_545' title='bbox 1814 3614 1824 3631; x_wconf 90' lang='lat'><strong>.</strong></span> 
     </span>
    </p>
   </div>
   <div class='ocr_carea' id='block_1_4' title="bbox 10 3661 1758 5627">
    <p class='ocr_par' dir='ltr' id='par_1_4' title="bbox 10 3661 1758 5627">
     <span class='ocr_line' id='line_1_39' title="bbox 80 3661 1717 3739; baseline -0.002 -19"><span class='ocrx_word' id='word_1_546' title='bbox 80 3661 107 3709; x_wconf 68' lang='lat'><strong>0²</strong></span> <span class='ocrx_word' id='word_1_547' title='bbox 127 3666 274 3723; x_wconf 86' lang='lat' dir='ltr'><strong>vindictam</strong></span> <span class='ocrx_word' id='word_1_548' title='bbox 295 3667 401 3739; x_wconf 89' lang='lat' dir='ltr'><strong>peccati</strong></span> <span class='ocrx_word' id='word_1_549' title='bbox 426 3683 481 3723; x_wconf 92' lang='lat' dir='ltr'><strong>non</strong></span> <span class='ocrx_word' id='word_1_550' title='bbox 500 3666 625 3738; x_wconf 84' lang='lat' dir='ltr'><strong>cognovi,</strong></span> <span class='ocrx_word' id='word_1_551' title='bbox 643 3667 696 3721; x_wconf 85' lang='lat' dir='ltr'><strong>nisi</strong></span> <span class='ocrx_word' id='word_1_552' title='bbox 716 3667 872 3738; x_wconf 87' lang='lat' dir='ltr'><strong>perlegam</strong></span> <span class='ocrx_word' id='word_1_553' title='bbox 913 3685 976 3723; x_wconf 90' lang='lat' dir='ltr'><strong>sum</strong></span> <span class='ocrx_word' id='word_1_554' title='bbox 992 3684 1055 3723; x_wconf 88' lang='lat' dir='ltr'><strong>eam</strong></span> <span class='ocrx_word' id='word_1_555' title='bbox 1066 3687 1072 3721; x_wconf 91' lang='lat'>:</span> <span class='ocrx_word' id='word_1_556' title='bbox 1084 3672 1108 3722; x_wconf 85' lang='lat' dir='ltr'><strong>et</strong></span> <span class='ocrx_word' id='word_1_557' title='bbox 1119 3672 1265 3723; x_wconf 80' lang='lat' dir='ltr'><strong>r&#39;noeutum</strong></span> <span class='ocrx_word' id='word_1_558' title='bbox 1276 3667 1394 3720; x_wconf 82' lang='lat' dir='ltr'><strong>cstmihs&#39;</strong></span> <span class='ocrx_word' id='word_1_559' title='bbox 1402 3666 1567 3719; x_wconf 73' lang='lat' dir='ltr'><strong>inundatum</strong></span> <span class='ocrx_word' id='word_1_560' title='bbox 1576 3665 1717 3732; x_wconf 80' lang='lat' dir='ltr'><strong>quoderat</strong></span> 
     </span>
     <span class='ocr_line' id='line_1_40' title="bbox 79 3751 1713 3827; baseline -0.005 -14"><span class='ocrx_word' id='word_1_561' title='bbox 79 3755 138 3813; x_wconf 66' lang='lat' dir='ltr'><strong>tua</strong></span> <span class='ocrx_word' id='word_1_562' title='bbox 149 3755 230 3825; x_wconf 86' lang='lat' dir='ltr'><strong>punit</strong></span> <span class='ocrx_word' id='word_1_563' title='bbox 243 3761 368 3827; x_wconf 82' lang='lat' dir='ltr'><strong>peccatu,</strong></span> <span class='ocrx_word' id='word_1_564' title='bbox 390 3755 434 3808; x_wconf 89' lang='lat' dir='ltr'><strong>vel</strong></span> <span class='ocrx_word' id='word_1_565' title='bbox 454 3756 539 3810; x_wconf 87' lang='lat' dir='ltr'><strong>etiam</strong></span> <span class='ocrx_word' id='word_1_566' title='bbox 554 3757 681 3827; x_wconf 71' lang='lat' dir='ltr'><strong>quaedam</strong></span> <span class='ocrx_word' id='word_1_567' title='bbox 698 3757 774 3810; x_wconf 88' lang='lat' dir='ltr'><strong>mala</strong></span> <span class='ocrx_word' id='word_1_568' title='bbox 788 3772 874 3827; x_wconf 87' lang='lat' dir='ltr'><strong>opera</strong></span> <span class='ocrx_word' id='word_1_569' title='bbox 915 3758 1056 3821; x_wconf 74' lang='lat' dir='ltr'><strong>attritam,</strong></span> <span class='ocrx_word' id='word_1_570' title='bbox 1069 3758 1116 3811; x_wconf 81' lang='lat' dir='ltr'><strong>trec</strong></span> <span class='ocrx_word' id='word_1_571' title='bbox 1126 3773 1179 3811; x_wconf 84' lang='lat' dir='ltr'><strong>esse</strong></span> <span class='ocrx_word' id='word_1_572' title='bbox 1188 3757 1225 3809; x_wconf 84' lang='lat' dir='ltr'><strong>ud</strong></span> <span class='ocrx_word' id='word_1_573' title='bbox 1234 3760 1358 3809; x_wconf 75' lang='lat' dir='ltr'><strong>tamtam.</strong></span> <span class='ocrx_word' id='word_1_574' title='bbox 1370 3755 1474 3808; x_wconf 87' lang='lat' dir='ltr'><strong>Sensus</strong></span> <span class='ocrx_word' id='word_1_575' title='bbox 1486 3751 1647 3823; x_wconf 76' lang='lat' dir='ltr'><strong>hujusmodi</strong></span> <span class='ocrx_word' id='word_1_576' title='bbox 1657 3758 1713 3806; x_wconf 84' lang='lat' dir='ltr'><strong>eat:</strong></span> 
     </span>
     <span class='ocr_line' id='line_1_41' title="bbox 10 3840 1717 3917; baseline 0 -21"><span class='ocrx_word' id='word_1_577' title='bbox 10 3844 12 3849; x_wconf 87' lang='lat'>&#39;</span> <span class='ocrx_word' id='word_1_578' title='bbox 76 3840 132 3896; x_wconf 70' lang='lat'><strong>&#39;¹⁰¹1</strong></span> <span class='ocrx_word' id='word_1_579' title='bbox 144 3842 344 3914; x_wconf 89' lang='lat' dir='ltr'><strong>cognoscebam</strong></span> <span class='ocrx_word' id='word_1_580' title='bbox 359 3843 426 3915; x_wconf 87' lang='lat' dir='ltr'><strong>quia</strong></span> <span class='ocrx_word' id='word_1_581' title='bbox 440 3854 585 3914; x_wconf 89' lang='lat' dir='ltr'><strong>peccatum</strong></span> <span class='ocrx_word' id='word_1_582' title='bbox 606 3850 709 3910; x_wconf 88' lang='lat' dir='ltr'><strong>essent,</strong></span> <span class='ocrx_word' id='word_1_583' title='bbox 728 3860 874 3917; x_wconf 90' lang='lat' dir='ltr'><strong>usquequo</strong></span> <span class='ocrx_word' id='word_1_584' title='bbox 916 3845 988 3901; x_wconf 91' lang='lat' dir='ltr'><strong>lllud</strong></span> <span class='ocrx_word' id='word_1_585' title='bbox 1002 3846 1167 3900; x_wconf 89' lang='lat' dir='ltr'><strong>mandatum</strong></span> <span class='ocrx_word' id='word_1_586' title='bbox 1179 3843 1253 3915; x_wconf 92' lang='lat' dir='ltr'><strong>quod</strong></span> <span class='ocrx_word' id='word_1_587' title='bbox 1266 3842 1336 3897; x_wconf 89' lang='lat' dir='ltr'><strong>mihi</strong></span> <span class='ocrx_word' id='word_1_588' title='bbox 1346 3842 1381 3897; x_wconf 88' lang='lat' dir='ltr'><strong>ad</strong></span> <span class='ocrx_word' id='word_1_589' title='bbox 1392 3843 1443 3897; x_wconf 91' lang='lat' dir='ltr'><strong>hoc</strong></span> <span class='ocrx_word' id='word_1_590' title='bbox 1453 3842 1550 3896; x_wconf 89' lang='lat' dir='ltr'><strong>datum</strong></span> <span class='ocrx_word' id='word_1_591' title='bbox 1565 3845 1616 3907; x_wconf 89' lang='lat' dir='ltr'><strong>est,</strong></span> <span class='ocrx_word' id='word_1_592' title='bbox 1629 3846 1660 3895; x_wconf 90' lang='lat' dir='ltr'><strong>ut</strong></span> <span class='ocrx_word' id='word_1_593' title='bbox 1670 3840 1717 3896; x_wconf 75' lang='lat' dir='ltr'><strong>ob·</strong></span> 
     </span>
     <span class='ocr_line' id='line_1_42' title="bbox 76 3912 1716 4004; baseline -0.001 -19"><span class='ocrx_word' id='word_1_594' title='bbox 76 3912 212 3988; x_wconf 69' lang='lat' dir='ltr'><strong>lexvenir.</strong></span> <span class='ocrx_word' id='word_1_595' title='bbox 229 3932 317 3988; x_wconf 83' lang='lat' dir='ltr'><strong>Erant</strong></span> <span class='ocrx_word' id='word_1_596' title='bbox 344 3932 421 3986; x_wconf 91' lang='lat' dir='ltr'><strong>enim</strong></span> <span class='ocrx_word' id='word_1_597' title='bbox 445 3932 573 4003; x_wconf 79' lang='lat' dir='ltr'><strong>quaedam</strong></span> <span class='ocrx_word' id='word_1_598' title='bbox 595 3938 718 4004; x_wconf 81' lang='lat' dir='ltr'><strong>peccota,</strong></span> <span class='ocrx_word' id='word_1_599' title='bbox 734 3950 795 4004; x_wconf 80' lang='lat' dir='ltr'><strong>qum</strong></span> <span class='ocrx_word' id='word_1_600' title='bbox 817 3950 873 3989; x_wconf 88' lang='lat' dir='ltr'><strong>non</strong></span> <span class='ocrx_word' id='word_1_601' title='bbox 915 3940 1042 3990; x_wconf 90' lang='lat' dir='ltr'><strong>servatur</strong></span> <span class='ocrx_word' id='word_1_602' title='bbox 1063 3939 1092 3988; x_wconf 89' lang='lat' dir='ltr'><strong>et</strong></span> <span class='ocrx_word' id='word_1_603' title='bbox 1115 3933 1286 3988; x_wconf 88' lang='lat' dir='ltr'><strong>custoditum</strong></span> <span class='ocrx_word' id='word_1_604' title='bbox 1311 3931 1460 4002; x_wconf 80' lang='lat' dir='ltr'><strong>proficeret</strong></span> <span class='ocrx_word' id='word_1_605' title='bbox 1482 3929 1618 3983; x_wconf 87' lang='lat' dir='ltr'><strong>advitam</strong></span> <span class='ocrx_word' id='word_1_606' title='bbox 1633 3934 1716 3985; x_wconf 75' lang='lat' dir='ltr'><strong>ater·</strong></span> 
     </span>
     <span class='ocr_line' id='line_1_43' title="bbox 74 4017 1717 4094; baseline 0 -21"><span class='ocrx_word' id='word_1_607' title='bbox 74 4018 245 4077; x_wconf 73' lang='lat' dir='ltr'><strong>tuebantur</strong></span> <span class='ocrx_word' id='word_1_608' title='bbox 257 4025 325 4076; x_wconf 82' lang='lat' dir='ltr'><strong>ante</strong></span> <span class='ocrx_word' id='word_1_609' title='bbox 337 4020 427 4091; x_wconf 87' lang='lat' dir='ltr'><strong>legem</strong></span> <span class='ocrx_word' id='word_1_610' title='bbox 443 4036 503 4075; x_wconf 89' lang='lat' dir='ltr'><strong>esse</strong></span> <span class='ocrx_word' id='word_1_611' title='bbox 516 4027 639 4091; x_wconf 88' lang='lat' dir='ltr'><strong>peccata,</strong></span> <span class='ocrx_word' id='word_1_612' title='bbox 649 4021 722 4076; x_wconf 89' lang='lat' dir='ltr'><strong>sieut</strong></span> <span class='ocrx_word' id='word_1_613' title='bbox 731 4027 794 4076; x_wconf 88' lang='lat' dir='ltr'><strong>erat</strong></span> <span class='ocrx_word' id='word_1_614' title='bbox 806 4039 872 4094; x_wconf 88' lang='lat' dir='ltr'><strong>pec·</strong></span> <span class='ocrx_word' id='word_1_615' title='bbox 914 4041 989 4090; x_wconf 89' lang='lat' dir='ltr'><strong>nam,</strong></span> <span class='ocrx_word' id='word_1_616' title='bbox 1007 4023 1168 4092; x_wconf 88' lang='lat' dir='ltr'><strong>neglectum</strong></span> <span class='ocrx_word' id='word_1_617' title='bbox 1182 4019 1313 4092; x_wconf 78' lang='lat' dir='ltr'><strong>perduxit</strong></span> <span class='ocrx_word' id='word_1_618' title='bbox 1327 4020 1362 4074; x_wconf 90' lang='lat' dir='ltr'><strong>ad</strong></span> <span class='ocrx_word' id='word_1_619' title='bbox 1383 4024 1504 4074; x_wconf 89' lang='lat' dir='ltr'><strong>mortem</strong></span> <span class='ocrx_word' id='word_1_620' title='bbox 1519 4024 1664 4073; x_wconf 80' lang='lat' dir='ltr'><strong>aternam.</strong></span> <span class='ocrx_word' id='word_1_621' title='bbox 1681 4017 1717 4073; x_wconf 84' lang='lat' dir='ltr'><strong>Et</strong></span> 
     </span>
     <span class='ocr_line' id='line_1_44' title="bbox 73 4105 1715 4181; baseline 0 -20"><span class='ocrx_word' id='word_1_622' title='bbox 73 4107 167 4165; x_wconf 61' lang='lat' dir='ltr'><strong>mcum</strong></span> <span class='ocrx_word' id='word_1_623' title='bbox 178 4108 411 4180; x_wconf 82' lang='lat' dir='ltr'><strong>concupiscentiae</strong></span> <span class='ocrx_word' id='word_1_624' title='bbox 424 4108 460 4163; x_wconf 89' lang='lat' dir='ltr'><strong>de</strong></span> <span class='ocrx_word' id='word_1_625' title='bbox 473 4125 528 4180; x_wconf 92' lang='lat' dir='ltr'><strong>quo</strong></span> <span class='ocrx_word' id='word_1_626' title='bbox 550 4109 611 4180; x_wconf 89' lang='lat' dir='ltr'><strong>ipse</strong></span> <span class='ocrx_word' id='word_1_627' title='bbox 625 4109 787 4181; x_wconf 82' lang='lat' dir='ltr'><strong>subjungit:</strong></span> <span class='ocrx_word' id='word_1_628' title='bbox 805 4127 872 4165; x_wconf 86' lang='lat' dir='ltr'><strong>nam</strong></span> <span class='ocrx_word' id='word_1_629' title='bbox 912 4114 952 4169; x_wconf 88' lang='lat' dir='ltr'><strong>ita</strong></span> <span class='ocrx_word' id='word_1_630' title='bbox 965 4112 1071 4169; x_wconf 84' lang='lat' dir='ltr'><strong>iactum</strong></span> <span class='ocrx_word' id='word_1_631' title='bbox 1091 4117 1136 4166; x_wconf 90' lang='lat' dir='ltr'><strong>est</strong></span> <span class='ocrx_word' id='word_1_632' title='bbox 1156 4115 1189 4165; x_wconf 89' lang='lat' dir='ltr'><strong>ut</strong></span> <span class='ocrx_word' id='word_1_633' title='bbox 1211 4108 1286 4181; x_wconf 89' lang='lat' dir='ltr'><strong>quod</strong></span> <span class='ocrx_word' id='word_1_634' title='bbox 1310 4108 1379 4163; x_wconf 89' lang='lat' dir='ltr'><strong>mihi</strong></span> <span class='ocrx_word' id='word_1_635' title='bbox 1394 4124 1447 4179; x_wconf 88' lang='lat' dir='ltr'><strong>pro</strong></span> <span class='ocrx_word' id='word_1_636' title='bbox 1461 4105 1534 4163; x_wconf 87' lang='lat' dir='ltr'><strong>bono</strong></span> <span class='ocrx_word' id='word_1_637' title='bbox 1548 4106 1647 4162; x_wconf 89' lang='lat' dir='ltr'><strong>datum</strong></span> <span class='ocrx_word' id='word_1_638' title='bbox 1661 4110 1715 4173; x_wconf 82' lang='lat' dir='ltr'><strong>est,</strong></span> 
     </span>
     <span class='ocr_line' id='line_1_45' title="bbox 73 4196 1404 4271; baseline -0.001 -21"><span class='ocrx_word' id='word_1_639' title='bbox 73 4196 323 4269; x_wconf 67' lang='lat' dir='ltr'><strong>mmapeoentmm</strong></span> <span class='ocrx_word' id='word_1_640' title='bbox 336 4196 470 4265; x_wconf 90' lang='lat' dir='ltr'><strong>libidinis,</strong></span> <span class='ocrx_word' id='word_1_641' title='bbox 486 4197 663 4271; x_wconf 89' lang='lat' dir='ltr'><strong>aliarumque</strong></span> <span class='ocrx_word' id='word_1_642' title='bbox 673 4199 814 4255; x_wconf 83' lang='lat' dir='ltr'><strong>malarum</strong></span> <span class='ocrx_word' id='word_1_643' title='bbox 825 4215 872 4255; x_wconf 88' lang='lat' dir='ltr'><strong>re·</strong></span> <span class='ocrx_word' id='word_1_644' title='bbox 912 4217 975 4256; x_wconf 90' lang='lat' dir='ltr'><strong>meo</strong></span> <span class='ocrx_word' id='word_1_645' title='bbox 989 4200 1056 4255; x_wconf 93' lang='lat' dir='ltr'><strong>vitio</strong></span> <span class='ocrx_word' id='word_1_646' title='bbox 1070 4202 1229 4255; x_wconf 84' lang='lat' dir='ltr'><strong>mutaretur</strong></span> <span class='ocrx_word' id='word_1_647' title='bbox 1243 4196 1273 4251; x_wconf 90' lang='lat' dir='ltr'><strong>in</strong></span> <span class='ocrx_word' id='word_1_648' title='bbox 1287 4196 1404 4252; x_wconf 86' lang='lat' dir='ltr'><strong>melum.</strong></span> 
     </span>
     <span class='ocr_line' id='line_1_46' title="bbox 71 4282 1716 4359; baseline -0.002 -18"><span class='ocrx_word' id='word_1_649' title='bbox 71 4282 138 4341; x_wconf 63' lang='lat' dir='ltr'><strong>rum</strong></span> <span class='ocrx_word' id='word_1_650' title='bbox 149 4288 313 4357; x_wconf 69' lang='lat' dir='ltr'><strong>mammam,</strong></span> <span class='ocrx_word' id='word_1_651' title='bbox 323 4285 457 4343; x_wconf 83' lang='lat' dir='ltr'><strong>subaudis</strong></span> <span class='ocrx_word' id='word_1_652' title='bbox 465 4294 609 4359; x_wconf 84' lang='lat' dir='ltr'><strong>peccatum</strong></span> <span class='ocrx_word' id='word_1_653' title='bbox 618 4303 688 4351; x_wconf 85' lang='lat' dir='ltr'><strong>esse,</strong></span> <span class='ocrx_word' id='word_1_654' title='bbox 701 4291 759 4343; x_wconf 80' lang='lat' dir='ltr'><strong>nisi</strong></span> <span class='ocrx_word' id='word_1_655' title='bbox 771 4289 814 4343; x_wconf 80' lang='lat' dir='ltr'><strong>lea</strong></span> <span class='ocrx_word' id='word_1_656' title='bbox 825 4290 870 4345; x_wconf 84' lang='lat' dir='ltr'><strong>di·</strong></span> <span class='ocrx_word' id='word_1_657' title='bbox 881 4290 905 4350; x_wconf 87' lang='grc'><strong>11</strong></span> <span class='ocrx_word' id='word_1_658' title='bbox 949 4291 1022 4345; x_wconf 81' lang='lat' dir='ltr'><strong>Num</strong></span> <span class='ocrx_word' id='word_1_659' title='bbox 1034 4293 1186 4358; x_wconf 83' lang='lat' dir='ltr'><strong>peccatum,</strong></span> <span class='ocrx_word' id='word_1_660' title='bbox 1196 4286 1224 4341; x_wconf 88' lang='lat' dir='ltr'><strong>id</strong></span> <span class='ocrx_word' id='word_1_661' title='bbox 1239 4291 1283 4341; x_wconf 89' lang='lat' dir='ltr'><strong>ast</strong></span> <span class='ocrx_word' id='word_1_662' title='bbox 1292 4284 1421 4341; x_wconf 85' lang='lat' dir='ltr'><strong>diabolus</strong></span> <span class='ocrx_word' id='word_1_663' title='bbox 1432 4290 1531 4340; x_wconf 86' lang='lat' dir='ltr'><strong>auctor</strong></span> <span class='ocrx_word' id='word_1_664' title='bbox 1542 4284 1660 4355; x_wconf 86' lang='lat' dir='ltr'><strong>peccati,</strong></span> <span class='ocrx_word' id='word_1_665' title='bbox 1670 4298 1716 4339; x_wconf 88' lang='lat' dir='ltr'><strong>oc·</strong></span> 
     </span>
     <span class='ocr_line' id='line_1_47' title="bbox 71 4371 1716 4453; baseline -0.002 -22"><span class='ocrx_word' id='word_1_666' title='bbox 71 4371 438 4453; x_wconf 51' lang='grc'>91111111111111111111.</span> <span class='ocrx_word' id='word_1_667' title='bbox 453 4376 508 4433; x_wconf 88' lang='lat' dir='ltr'><strong>Per</strong></span> <span class='ocrx_word' id='word_1_668' title='bbox 524 4376 779 4449; x_wconf 86' lang='lat' dir='ltr'><strong>concupiscentiam</strong></span> <span class='ocrx_word' id='word_1_669' title='bbox 795 4378 872 4435; x_wconf 87' lang='lat' dir='ltr'><strong>euim</strong></span> <span class='ocrx_word' id='word_1_670' title='bbox 913 4383 1020 4435; x_wconf 82' lang='lat' dir='ltr'><strong>cesione</strong></span> <span class='ocrx_word' id='word_1_671' title='bbox 1038 4383 1146 4446; x_wconf 84' lang='lat' dir='ltr'><strong>accepto</strong></span> <span class='ocrx_word' id='word_1_672' title='bbox 1158 4392 1209 4445; x_wconf 83' lang='lat' dir='ltr'><strong>per</strong></span> <span class='ocrx_word' id='word_1_673' title='bbox 1225 4377 1391 4431; x_wconf 78' lang='lat' dir='ltr'><strong>mandatum</strong></span> <span class='ocrx_word' id='word_1_674' title='bbox 1406 4373 1486 4445; x_wconf 85' lang='lat' dir='ltr'><strong>legis,</strong></span> <span class='ocrx_word' id='word_1_675' title='bbox 1507 4389 1539 4428; x_wconf 92' lang='lat' dir='ltr'><strong>so</strong></span> <span class='ocrx_word' id='word_1_676' title='bbox 1560 4373 1644 4428; x_wconf 93' lang='lat' dir='ltr'><strong>modo</strong></span> <span class='ocrx_word' id='word_1_677' title='bbox 1658 4389 1716 4443; x_wconf 81' lang='lat' dir='ltr'><strong>quo</strong></span> 
     </span>
     <span class='ocr_line' id='line_1_48' title="bbox 71 4459 1717 4540; baseline -0.002 -18"><span class='ocrx_word' id='word_1_678' title='bbox 71 4459 271 4537; x_wconf 69' lang='lat' dir='ltr'><strong>¹¹¹telliguntur</strong></span> <span class='ocrx_word' id='word_1_679' title='bbox 290 4469 320 4523; x_wconf 92' lang='lat' dir='ltr'><strong>et</strong></span> <span class='ocrx_word' id='word_1_680' title='bbox 340 4464 397 4521; x_wconf 86' lang='lat' dir='ltr'><strong>alia</strong></span> <span class='ocrx_word' id='word_1_681' title='bbox 418 4466 586 4539; x_wconf 82' lang='lat' dir='ltr'><strong>quaurplura</strong></span> <span class='ocrx_word' id='word_1_682' title='bbox 599 4471 714 4537; x_wconf 88' lang='lat' dir='ltr'><strong>peccata</strong></span> <span class='ocrx_word' id='word_1_683' title='bbox 729 4479 791 4534; x_wconf 81' lang='lat' dir='ltr'><strong>quoe</strong></span> <span class='ocrx_word' id='word_1_684' title='bbox 805 4473 872 4523; x_wconf 86' lang='lat' dir='ltr'><strong>ante</strong></span> <span class='ocrx_word' id='word_1_685' title='bbox 913 4467 1043 4540; x_wconf 89' lang='lat' dir='ltr'><strong>superius</strong></span> <span class='ocrx_word' id='word_1_686' title='bbox 1056 4466 1187 4527; x_wconf 82' lang='lat' dir='ltr'><strong>diximus,</strong></span> <span class='ocrx_word' id='word_1_687' title='bbox 1202 4467 1310 4520; x_wconf 81' lang='lat' dir='ltr'><strong>redusit</strong></span> <span class='ocrx_word' id='word_1_688' title='bbox 1324 4480 1378 4525; x_wconf 86' lang='lat' dir='ltr'><strong>me,</strong></span> <span class='ocrx_word' id='word_1_689' title='bbox 1392 4468 1422 4518; x_wconf 88' lang='lat' dir='ltr'><strong>et</strong></span> <span class='ocrx_word' id='word_1_690' title='bbox 1436 4462 1548 4535; x_wconf 87' lang='lat' dir='ltr'><strong>decepit</strong></span> <span class='ocrx_word' id='word_1_691' title='bbox 1562 4478 1608 4516; x_wconf 89' lang='lat' dir='ltr'><strong>ma</strong></span> <span class='ocrx_word' id='word_1_692' title='bbox 1624 4461 1717 4518; x_wconf 80' lang='lat' dir='ltr'><strong>dulce-</strong></span> 
     </span>
     <span class='ocr_line' id='line_1_49' title="bbox 71 4530 1717 4628; baseline -0.003 -21"><span class='ocrx_word' id='word_1_693' title='bbox 71 4530 162 4619; x_wconf 62' lang='lat' dir='ltr'><strong>¹taem</strong></span> <span class='ocrx_word' id='word_1_694' title='bbox 173 4552 381 4625; x_wconf 88' lang='lat' dir='ltr'><strong>ignorabantur</strong></span> <span class='ocrx_word' id='word_1_695' title='bbox 391 4570 453 4611; x_wconf 89' lang='lat' dir='ltr'><strong>esse</strong></span> <span class='ocrx_word' id='word_1_696' title='bbox 466 4561 580 4628; x_wconf 88' lang='lat' dir='ltr'><strong>peecata</strong></span> <span class='ocrx_word' id='word_1_697' title='bbox 593 4555 638 4611; x_wconf 90' lang='lat' dir='ltr'><strong>vel</strong></span> <span class='ocrx_word' id='word_1_698' title='bbox 656 4571 713 4628; x_wconf 88' lang='lat' dir='ltr'><strong>qua</strong></span> <span class='ocrx_word' id='word_1_699' title='bbox 726 4571 810 4626; x_wconf 87' lang='lat' dir='ltr'><strong>poena</strong></span> <span class='ocrx_word' id='word_1_700' title='bbox 827 4556 871 4611; x_wconf 91' lang='lat' dir='ltr'><strong>di·</strong></span> <span class='ocrx_word' id='word_1_701' title='bbox 913 4558 978 4613; x_wconf 90' lang='lat' dir='ltr'><strong>dine</strong></span> <span class='ocrx_word' id='word_1_702' title='bbox 997 4554 1104 4628; x_wconf 88' lang='lat' dir='ltr'><strong>peccati</strong></span> <span class='ocrx_word' id='word_1_703' title='bbox 1124 4560 1153 4609; x_wconf 91' lang='lat' dir='ltr'><strong>et</strong></span> <span class='ocrx_word' id='word_1_704' title='bbox 1173 4551 1416 4623; x_wconf 80' lang='lat' dir='ltr'><strong>concupiscentie,</strong></span> <span class='ocrx_word' id='word_1_705' title='bbox 1436 4558 1469 4606; x_wconf 87' lang='lat' dir='ltr'><strong>ut</strong></span> <span class='ocrx_word' id='word_1_706' title='bbox 1486 4565 1521 4606; x_wconf 88' lang='lat' dir='ltr'><strong>oa</strong></span> <span class='ocrx_word' id='word_1_707' title='bbox 1535 4549 1683 4619; x_wconf 86' lang='lat' dir='ltr'><strong>implerem</strong></span> <span class='ocrx_word' id='word_1_708' title='bbox 1697 4565 1717 4603; x_wconf 82' lang='lat' dir='ltr'><strong>s</strong></span> 
     </span>
     <span class='ocr_line' id='line_1_50' title="bbox 75 4636 1715 4718; baseline -0.009 -12"><span class='ocrx_word' id='word_1_709' title='bbox 75 4639 133 4695; x_wconf 56' lang='grc' dir='ltr'><strong>ΕΜ</strong></span> <span class='ocrx_word' id='word_1_710' title='bbox 146 4648 248 4701; x_wconf 61' lang='lat' dir='ltr'><strong>efflent.</strong></span> <span class='ocrx_word' id='word_1_711' title='bbox 913 4645 1015 4718; x_wconf 88' lang='lat' dir='ltr'><strong>quibus</strong></span> <span class='ocrx_word' id='word_1_712' title='bbox 1037 4645 1081 4701; x_wconf 81' lang='lat' dir='ltr'><strong>lex</strong></span> <span class='ocrx_word' id='word_1_713' title='bbox 1101 4642 1241 4716; x_wconf 86' lang='lat' dir='ltr'><strong>prohibet,</strong></span> <span class='ocrx_word' id='word_1_714' title='bbox 1257 4647 1283 4697; x_wconf 82' lang='lat' dir='ltr'><strong>et</strong></span> <span class='ocrx_word' id='word_1_715' title='bbox 1307 4656 1358 4709; x_wconf 83' lang='lat' dir='ltr'><strong>per</strong></span> <span class='ocrx_word' id='word_1_716' title='bbox 1379 4640 1452 4694; x_wconf 80' lang='lat' dir='ltr'><strong>iliad</strong></span> <span class='ocrx_word' id='word_1_717' title='bbox 1469 4636 1646 4703; x_wconf 87' lang='lat' dir='ltr'><strong>mandatum,</strong></span> <span class='ocrx_word' id='word_1_718' title='bbox 1661 4636 1715 4691; x_wconf 83' lang='lat' dir='ltr'><strong>hoe</strong></span> 
     </span>
     <span class='ocr_line' id='line_1_51' title="bbox 116 4723 1715 4805; baseline -0.006 -18"><span class='ocrx_word' id='word_1_719' title='bbox 116 4729 253 4787; x_wconf 79' lang='lat' dir='ltr'><strong>Occasione</strong></span> <span class='ocrx_word' id='word_1_720' title='bbox 268 4737 363 4787; x_wconf 70' lang='lat' dir='ltr'><strong>auum</strong></span> <span class='ocrx_word' id='word_1_721' title='bbox 373 4735 873 4803; x_wconf 83' lang='lat' dir='ltr'><strong>ecoeptc,pceeutempcrnmndatum</strong></span> <span class='ocrx_word' id='word_1_722' title='bbox 913 4741 965 4803; x_wconf 87' lang='lat' dir='ltr'><strong>est,</strong></span> <span class='ocrx_word' id='word_1_723' title='bbox 982 4750 1032 4805; x_wconf 90' lang='lat' dir='ltr'><strong>per</strong></span> <span class='ocrx_word' id='word_1_724' title='bbox 1053 4732 1310 4804; x_wconf 81' lang='lat' dir='ltr'><strong>transgressionem</strong></span> <span class='ocrx_word' id='word_1_725' title='bbox 1333 4726 1469 4793; x_wconf 86' lang='lat' dir='ltr'><strong>mandeti,</strong></span> <span class='ocrx_word' id='word_1_726' title='bbox 1497 4727 1596 4781; x_wconf 78' lang='lat' dir='ltr'><strong>oceidit</strong></span> <span class='ocrx_word' id='word_1_727' title='bbox 1615 4738 1662 4780; x_wconf 87' lang='lat' dir='ltr'><strong>ms</strong></span> <span class='ocrx_word' id='word_1_728' title='bbox 1683 4723 1715 4779; x_wconf 88' lang='lat' dir='ltr'><strong>in</strong></span> 
     </span>
     <span class='ocr_line' id='line_1_52' title="bbox 81 4803 1021 4892; baseline 0.005 -19"><span class='ocrx_word' id='word_1_729' title='bbox 81 4803 301 4891; x_wconf 62' lang='lat' dir='ltr'><strong>lamoensium</strong></span> <span class='ocrx_word' id='word_1_730' title='bbox 310 4822 873 4892; x_wconf 65' lang='lat' dir='ltr'><strong>astinnmomnemconcupiscentiam&amp;</strong></span> <span class='ocrx_word' id='word_1_731' title='bbox 914 4825 1021 4881; x_wconf 80' lang='lat' dir='ltr'><strong>aniroa.</strong></span> 
     </span>
     <span class='ocr_line' id='line_1_53' title="bbox 85 4903 1715 4985; baseline -0.004 -21"><span class='ocrx_word' id='word_1_732' title='bbox 85 4907 194 4965; x_wconf 65' lang='lat' dir='ltr'><strong>enom</strong></span> <span class='ocrx_word' id='word_1_733' title='bbox 200 4910 363 4971; x_wconf 75' lang='lat' dir='ltr'><strong>ludaeorum</strong></span> <span class='ocrx_word' id='word_1_734' title='bbox 376 4910 503 4985; x_wconf 88' lang='lat' dir='ltr'><strong>loquitur</strong></span> <span class='ocrx_word' id='word_1_735' title='bbox 516 4911 668 4985; x_wconf 76' lang='lat' dir='ltr'><strong>Apostolus</strong></span> <span class='ocrx_word' id='word_1_736' title='bbox 677 4910 872 4984; x_wconf 88' lang='lat' dir='ltr'><strong>poenitentiam</strong></span> <span class='ocrx_word' id='word_1_737' title='bbox 949 4914 1044 4982; x_wconf 84' lang='lat' dir='ltr'><strong>ltaque</strong></span> <span class='ocrx_word' id='word_1_738' title='bbox 1055 4913 1098 4967; x_wconf 80' lang='lat' dir='ltr'><strong>lec</strong></span> <span class='ocrx_word' id='word_1_739' title='bbox 1107 4911 1217 4980; x_wconf 83' lang='lat' dir='ltr'><strong>quidam</strong></span> <span class='ocrx_word' id='word_1_740' title='bbox 1226 4911 1322 4962; x_wconf 81' lang='lat' dir='ltr'><strong>sancta</strong></span> <span class='ocrx_word' id='word_1_741' title='bbox 1331 4909 1355 4958; x_wconf 84' lang='lat' dir='ltr'><strong>et</strong></span> <span class='ocrx_word' id='word_1_742' title='bbox 1365 4903 1533 4959; x_wconf 81' lang='lat' dir='ltr'><strong>mandarum</strong></span> <span class='ocrx_word' id='word_1_743' title='bbox 1543 4907 1681 4967; x_wconf 85' lang='lat' dir='ltr'><strong>sanetum,</strong></span> <span class='ocrx_word' id='word_1_744' title='bbox 1689 4907 1715 4959; x_wconf 88' lang='lat' dir='ltr'><strong>st</strong></span> 
     </span>
     <span class='ocr_line' id='line_1_54' title="bbox 88 4991 1715 5073; baseline -0.003 -20"><span class='ocrx_word' id='word_1_745' title='bbox 88 4998 216 5065; x_wconf 65' lang='lat' dir='ltr'><strong>ascirtium</strong></span> <span class='ocrx_word' id='word_1_746' title='bbox 233 5017 241 5053; x_wconf 72' lang='grc' dir='ltr'><strong><em>ε</em></strong></span> <span class='ocrx_word' id='word_1_747' title='bbox 256 4998 300 5054; x_wconf 81' lang='lat' dir='ltr'><strong>sel</strong></span> <span class='ocrx_word' id='word_1_748' title='bbox 313 5015 348 5055; x_wconf 83' lang='lat' dir='ltr'><strong>es</strong></span> <span class='ocrx_word' id='word_1_749' title='bbox 369 5014 490 5073; x_wconf 87' lang='lat' dir='ltr'><strong>persona</strong></span> <span class='ocrx_word' id='word_1_750' title='bbox 509 4999 731 5073; x_wconf 81' lang='lat' dir='ltr'><strong>uniuscujusque</strong></span> <span class='ocrx_word' id='word_1_751' title='bbox 749 4999 874 5057; x_wconf 87' lang='lat' dir='ltr'><strong>hominis</strong></span> <span class='ocrx_word' id='word_1_752' title='bbox 909 5006 1020 5072; x_wconf 81' lang='lat' dir='ltr'><strong>justum</strong></span> <span class='ocrx_word' id='word_1_753' title='bbox 1035 5006 1061 5056; x_wconf 84' lang='lat' dir='ltr'><strong>rt</strong></span> <span class='ocrx_word' id='word_1_754' title='bbox 1076 5001 1186 5057; x_wconf 79' lang='lat' dir='ltr'><strong>bovium.</strong></span> <span class='ocrx_word' id='word_1_755' title='bbox 1201 4998 1294 5054; x_wconf 92' lang='lat' dir='ltr'><strong>Unum</strong></span> <span class='ocrx_word' id='word_1_756' title='bbox 1304 4992 1471 5049; x_wconf 83' lang='lat' dir='ltr'><strong>mandatum</strong></span> <span class='ocrx_word' id='word_1_757' title='bbox 1482 4991 1577 5063; x_wconf 88' lang='lat' dir='ltr'><strong>accipe</strong></span> <span class='ocrx_word' id='word_1_758' title='bbox 1589 5005 1641 5064; x_wconf 87' lang='lat' dir='ltr'><strong>pro</strong></span> <span class='ocrx_word' id='word_1_759' title='bbox 1654 5007 1715 5048; x_wconf 80' lang='lat' dir='ltr'><strong>om·</strong></span> 
     </span>
     <span class='ocr_line' id='line_1_55' title="bbox 93 5080 1713 5160; baseline -0.003 -18"><span class='ocrx_word' id='word_1_760' title='bbox 93 5085 268 5147; x_wconf 76' lang='lat' dir='ltr'><strong>renitentiam</strong></span> <span class='ocrx_word' id='word_1_761' title='bbox 284 5086 404 5158; x_wconf 87' lang='lat' dir='ltr'><strong>agentis.</strong></span> <span class='ocrx_word' id='word_1_762' title='bbox 416 5088 488 5142; x_wconf 90' lang='lat' dir='ltr'><strong>Nam</strong></span> <span class='ocrx_word' id='word_1_763' title='bbox 503 5089 614 5159; x_wconf 86' lang='lat' dir='ltr'><strong>quaudo</strong></span> <span class='ocrx_word' id='word_1_764' title='bbox 625 5088 681 5145; x_wconf 86' lang='lat' dir='ltr'><strong>iste</strong></span> <span class='ocrx_word' id='word_1_765' title='bbox 693 5088 871 5160; x_wconf 87' lang='lat' dir='ltr'><strong>loquebatur,</strong></span> <span class='ocrx_word' id='word_1_766' title='bbox 914 5090 997 5147; x_wconf 89' lang='lat' dir='ltr'><strong>nibus</strong></span> <span class='ocrx_word' id='word_1_767' title='bbox 1021 5088 1174 5145; x_wconf 88' lang='lat' dir='ltr'><strong>mandatis.</strong></span> <span class='ocrx_word' id='word_1_768' title='bbox 1189 5087 1245 5143; x_wconf 81' lang='lat' dir='ltr'><strong>Lex</strong></span> <span class='ocrx_word' id='word_1_769' title='bbox 1266 5088 1373 5149; x_wconf 88' lang='lat' dir='ltr'><strong>sancta,</strong></span> <span class='ocrx_word' id='word_1_770' title='bbox 1398 5081 1477 5153; x_wconf 81' lang='lat' dir='ltr'><strong>justa</strong></span> <span class='ocrx_word' id='word_1_771' title='bbox 1499 5086 1528 5139; x_wconf 89' lang='lat' dir='ltr'><strong>et</strong></span> <span class='ocrx_word' id='word_1_772' title='bbox 1550 5080 1624 5137; x_wconf 86' lang='lat' dir='ltr'><strong>hona</strong></span> <span class='ocrx_word' id='word_1_773' title='bbox 1645 5086 1713 5139; x_wconf 86' lang='lat' dir='ltr'><strong>est:</strong></span> 
     </span>
     <span class='ocr_line' id='line_1_56' title="bbox 10 5170 1716 5253; baseline -0.002 -22"><span class='ocrx_word' id='word_1_774' title='bbox 10 5176 14 5181; x_wconf 87' lang='lat'>&#39;</span> <span class='ocrx_word' id='word_1_775' title='bbox 92 5175 165 5243; x_wconf 74' lang='grc'>11111</span> <span class='ocrx_word' id='word_1_776' title='bbox 185 5175 547 5249; x_wconf 81' lang='lat' dir='ltr'><strong>baptismatisjustitlcatue</strong></span> <span class='ocrx_word' id='word_1_777' title='bbox 561 5184 632 5233; x_wconf 89' lang='lat' dir='ltr'><strong>erat.</strong></span> <span class='ocrx_word' id='word_1_778' title='bbox 651 5178 763 5233; x_wconf 89' lang='lat' dir='ltr'><strong>Peccati</strong></span> <span class='ocrx_word' id='word_1_779' title='bbox 777 5183 873 5235; x_wconf 90' lang='lat' dir='ltr'><strong>autem</strong></span> <span class='ocrx_word' id='word_1_780' title='bbox 916 5181 982 5253; x_wconf 89' lang='lat' dir='ltr'><strong>quis</strong></span> <span class='ocrx_word' id='word_1_781' title='bbox 995 5178 1184 5242; x_wconf 86' lang='lat' dir='ltr'><strong>sanctitatem,</strong></span> <span class='ocrx_word' id='word_1_782' title='bbox 1196 5172 1348 5246; x_wconf 82' lang='lat' dir='ltr'><strong>justitiam,</strong></span> <span class='ocrx_word' id='word_1_783' title='bbox 1360 5170 1515 5227; x_wconf 82' lang='lat' dir='ltr'><strong>bonitatem</strong></span> <span class='ocrx_word' id='word_1_784' title='bbox 1527 5170 1672 5244; x_wconf 74' lang='lat' dir='ltr'><strong>predicat,</strong></span> <span class='ocrx_word' id='word_1_785' title='bbox 1685 5175 1716 5227; x_wconf 83' lang='lat' dir='ltr'><strong>ot</strong></span> 
     </span>
     <span class='ocr_line' id='line_1_57' title="bbox 91 5259 1665 5339; baseline 0.001 -22"><span class='ocrx_word' id='word_1_786' title='bbox 91 5264 186 5323; x_wconf 84' lang='lat' dir='ltr'><strong>romine</strong></span> <span class='ocrx_word' id='word_1_787' title='bbox 198 5264 230 5321; x_wconf 84' lang='lat' dir='ltr'><strong>iu</strong></span> <span class='ocrx_word' id='word_1_788' title='bbox 243 5264 299 5321; x_wconf 87' lang='lat' dir='ltr'><strong>isto</strong></span> <span class='ocrx_word' id='word_1_789' title='bbox 314 5264 375 5323; x_wconf 92' lang='lat' dir='ltr'><strong>loco</strong></span> <span class='ocrx_word' id='word_1_790' title='bbox 390 5263 489 5321; x_wconf 87' lang='lat' dir='ltr'><strong>beatus</strong></span> <span class='ocrx_word' id='word_1_791' title='bbox 501 5265 667 5322; x_wconf 83' lang='lat' dir='ltr'><strong>Arubroaius</strong></span> <span class='ocrx_word' id='word_1_792' title='bbox 681 5266 741 5321; x_wconf 92' lang='lat' dir='ltr'><strong>vult</strong></span> <span class='ocrx_word' id='word_1_793' title='bbox 753 5266 874 5339; x_wconf 90' lang='lat' dir='ltr'><strong>intelligi</strong></span> <span class='ocrx_word' id='word_1_794' title='bbox 915 5267 1109 5322; x_wconf 86' lang='lat' dir='ltr'><strong>observatores</strong></span> <span class='ocrx_word' id='word_1_795' title='bbox 1120 5279 1187 5319; x_wconf 87' lang='lat' dir='ltr'><strong>suos</strong></span> <span class='ocrx_word' id='word_1_796' title='bbox 1200 5267 1323 5327; x_wconf 83' lang='lat' dir='ltr'><strong>sanctos,</strong></span> <span class='ocrx_word' id='word_1_797' title='bbox 1335 5261 1429 5332; x_wconf 85' lang='lat' dir='ltr'><strong>justos</strong></span> <span class='ocrx_word' id='word_1_798' title='bbox 1442 5265 1472 5315; x_wconf 90' lang='lat' dir='ltr'><strong>et</strong></span> <span class='ocrx_word' id='word_1_799' title='bbox 1485 5259 1574 5315; x_wconf 86' lang='lat' dir='ltr'><strong>bonos</strong></span> <span class='ocrx_word' id='word_1_800' title='bbox 1588 5260 1665 5318; x_wconf 76' lang='lat' dir='ltr'><strong>tacit.</strong></span> 
     </span>
     <span class='ocr_line' id='line_1_58' title="bbox 89 5342 1715 5435; baseline 0.001 -29"><span class='ocrx_word' id='word_1_801' title='bbox 89 5342 226 5421; x_wconf 75' lang='lat' dir='ltr'><strong>diabolum,</strong></span> <span class='ocrx_word' id='word_1_802' title='bbox 246 5353 296 5435; x_wconf 80' lang='lat' dir='ltr'><strong>qui</strong></span> <span class='ocrx_word' id='word_1_803' title='bbox 324 5360 368 5409; x_wconf 90' lang='lat' dir='ltr'><strong>est</strong></span> <span class='ocrx_word' id='word_1_804' title='bbox 392 5359 492 5409; x_wconf 88' lang='lat' dir='ltr'><strong>auctor</strong></span> <span class='ocrx_word' id='word_1_805' title='bbox 515 5355 634 5431; x_wconf 78' lang='lat' dir='ltr'><strong>peccati.</strong></span> <span class='ocrx_word' id='word_1_806' title='bbox 660 5354 768 5411; x_wconf 84' lang='lat' dir='ltr'><strong>Videas</strong></span> <span class='ocrx_word' id='word_1_807' title='bbox 798 5356 873 5411; x_wconf 91' lang='lat' dir='ltr'><strong>enim</strong></span> <span class='ocrx_word' id='word_1_808' title='bbox 951 5357 1026 5425; x_wconf 78' lang='lat' dir='ltr'><strong>Quod</strong></span> <span class='ocrx_word' id='word_1_809' title='bbox 1044 5370 1108 5423; x_wconf 83' lang='lat' dir='ltr'><strong>erpo</strong></span> <span class='ocrx_word' id='word_1_810' title='bbox 1126 5355 1229 5410; x_wconf 84' lang='lat' dir='ltr'><strong>bonum</strong></span> <span class='ocrx_word' id='word_1_811' title='bbox 1247 5356 1283 5405; x_wconf 83' lang='lat' dir='ltr'><strong>ert</strong></span> <span class='ocrx_word' id='word_1_812' title='bbox 1302 5350 1375 5405; x_wconf 74' lang='lat' dir='ltr'><strong>verti</strong></span> <span class='ocrx_word' id='word_1_813' title='bbox 1390 5352 1500 5418; x_wconf 77' lang='lat' dir='ltr'><strong>sectum</strong></span> <span class='ocrx_word' id='word_1_814' title='bbox 1514 5353 1551 5404; x_wconf 83' lang='lat' dir='ltr'><strong>est</strong></span> <span class='ocrx_word' id='word_1_815' title='bbox 1569 5354 1666 5407; x_wconf 78' lang='lat' dir='ltr'><strong>mors?</strong></span> <span class='ocrx_word' id='word_1_816' title='bbox 1683 5349 1715 5407; x_wconf 77' lang='lat' dir='ltr'><strong>id</strong></span> 
     </span>
     <span class='ocr_line' id='line_1_59' title="bbox 82 5437 1714 5523; baseline -0.002 -26"><span class='ocrx_word' id='word_1_817' title='bbox 82 5438 201 5499; x_wconf 82' lang='lat' dir='ltr'><strong>diabolus</strong></span> <span class='ocrx_word' id='word_1_818' title='bbox 219 5443 287 5523; x_wconf 87' lang='lat' dir='ltr'><strong>quia</strong></span> <span class='ocrx_word' id='word_1_819' title='bbox 304 5460 357 5517; x_wconf 83' lang='lat' dir='ltr'><strong>per</strong></span> <span class='ocrx_word' id='word_1_820' title='bbox 382 5441 589 5501; x_wconf 85' lang='lat' dir='ltr'><strong>observantiam</strong></span> <span class='ocrx_word' id='word_1_821' title='bbox 615 5444 687 5516; x_wconf 88' lang='lat' dir='ltr'><strong>legis</strong></span> <span class='ocrx_word' id='word_1_822' title='bbox 712 5444 875 5502; x_wconf 89' lang='lat' dir='ltr'><strong>redditurus</strong></span> <span class='ocrx_word' id='word_1_823' title='bbox 915 5450 968 5510; x_wconf 88' lang='lat' dir='ltr'><strong>est,</strong></span> <span class='ocrx_word' id='word_1_824' title='bbox 983 5443 1149 5501; x_wconf 70' lang='lat' dir='ltr'><strong>mandatum</strong></span> <span class='ocrx_word' id='word_1_825' title='bbox 1162 5441 1234 5512; x_wconf 88' lang='lat' dir='ltr'><strong>legia</strong></span> <span class='ocrx_word' id='word_1_826' title='bbox 1247 5438 1321 5510; x_wconf 90' lang='lat' dir='ltr'><strong>quod</strong></span> <span class='ocrx_word' id='word_1_827' title='bbox 1336 5454 1387 5510; x_wconf 91' lang='lat' dir='ltr'><strong>per</strong></span> <span class='ocrx_word' id='word_1_828' title='bbox 1400 5455 1432 5494; x_wconf 88' lang='lat' dir='ltr'><strong>se</strong></span> <span class='ocrx_word' id='word_1_829' title='bbox 1445 5437 1550 5495; x_wconf 85' lang='lat' dir='ltr'><strong>bonum</strong></span> <span class='ocrx_word' id='word_1_830' title='bbox 1563 5442 1617 5504; x_wconf 83' lang='lat' dir='ltr'><strong>eat.</strong></span> <span class='ocrx_word' id='word_1_831' title='bbox 1628 5437 1653 5495; x_wconf 89' lang='lat' dir='ltr'><strong>si</strong></span> <span class='ocrx_word' id='word_1_832' title='bbox 1664 5437 1714 5493; x_wconf 81' lang='lat' dir='ltr'><strong>ob·</strong></span> 
     </span>
     <span class='ocr_line' id='line_1_60' title="bbox 81 5523 1758 5627; baseline -0.007 -32"><span class='ocrx_word' id='word_1_833' title='bbox 81 5533 245 5597; x_wconf 76' lang='lat' dir='ltr'><strong>saturno</strong></span> <span class='ocrx_word' id='word_1_834' title='bbox 267 5531 305 5597; x_wconf 73' lang='lat' dir='ltr'><strong>ed</strong></span> <span class='ocrx_word' id='word_1_835' title='bbox 326 5530 449 5615; x_wconf 62' lang='lat' dir='ltr'><strong>renium.</strong></span> <span class='ocrx_word' id='word_1_836' title='bbox 472 5531 573 5601; x_wconf 76' lang='lat' dir='ltr'><strong>invide</strong></span> <span class='ocrx_word' id='word_1_837' title='bbox 587 5533 694 5593; x_wconf 87' lang='lat' dir='ltr'><strong>iterum</strong></span> <span class='ocrx_word' id='word_1_838' title='bbox 708 5533 745 5603; x_wconf 88' lang='lat' dir='ltr'><strong>ei,</strong></span> <span class='ocrx_word' id='word_1_839' title='bbox 760 5533 877 5607; x_wconf 80' lang='lat' dir='ltr'><strong>sicutet</strong></span> <span class='ocrx_word' id='word_1_840' title='bbox 916 5529 1262 5601; x_wconf 65' lang='lat' dir='ltr'><strong>consertissimaque</strong></span> <span class='ocrx_word' id='word_1_841' title='bbox 1275 5533 1320 5592; x_wconf 81' lang='lat' dir='ltr'><strong>est</strong></span> <span class='ocrx_word' id='word_1_842' title='bbox 1333 5528 1430 5593; x_wconf 74' lang='lat' dir='ltr'><strong>morsi</strong></span> <span class='ocrx_word' id='word_1_843' title='bbox 1443 5529 1531 5597; x_wconf 69' lang='lat' dir='ltr'><strong>ants,</strong></span> <span class='ocrx_word' id='word_1_844' title='bbox 1544 5523 1715 5587; x_wconf 68' lang='lat' dir='ltr'><strong>crimem</strong></span> <span class='ocrx_word' id='word_1_845' title='bbox 1751 5614 1758 5627; x_wconf 36' lang='grc'><strong>.</strong></span> 
     </span>
    </p>
   </div>
   <div class='ocr_carea' id='block_1_5' title="bbox 0 0 1914 6102">
    <p class='ocr_par' dir='ltr' id='par_1_5' title="bbox 0 0 1914 6102">
     <span class='ocr_line' id='line_1_61' title="bbox 0 0 1914 6102; baseline 0 0"><span class='ocrx_word' id='word_1_846' title='bbox 0 0 1914 6102; x_wconf 95' lang='lat' dir='ltr'><strong> </strong></span> 
     </span>
    </p>
   </div>
  </div>
 </body>
</html>
