3818 6104
150 219 203 275 ses
357 222 546 282 rrimmuis
566 221 808 279 ruiturarum.
832 219 944 273 nersc.
968 215 1046 269 ore.
1070 198 1169 268 rins.
1193 216 1214 269 1.
1236 245 1264 254 -
1284 211 1470 268 cuuuusr.
1492 208 1588 265 elea.
1737 207 1777 264 ar

37 409 47 422 ,
135 397 137 400 .
151 342 227 397 ultra
234 344 324 398 hostin
336 351 584 416 propeccato,qua
594 360 645 414 pro
655 341 979 405 nobisollurnntur,si-A
991 354 1042 409 per
1053 338 1155 393 Filium
1165 338 1232 393 data
1242 354 1329 409 quam
1339 337 1382 392 lex
1393 353 1444 410 per
1459 349 1576 391 serrum
1587 333 1777 403 administrate,

151 436 199 485 cut
207 430 236 485 in
246 433 332 487 veteri
343 433 404 503 lege
414 434 549 488 donatum
558 438 610 497 est,
622 432 728 486 hostius
738 433 840 502 sapius
849 432 949 486 oller-re
991 433 1069 481 tauto
1082 428 1186 498 majora
1195 427 1349 482 merebitur
1358 426 1506 498 supplicia,
1515 423 1568 496 qui
1576 422 1720 478 Christum
1730 439 1778 479 con

151 522 342 592 propeccatis
354 522 452 592 Neque
462 522 536 576 enirn
547 520 676 576 Christus
686 521 733 590 qui
747 527 790 576 est
801 521 891 576 bastin
903 538 951 575 no·
991 515 1148 568 culcarerit·
1161 514 1215 569 Sed
1226 515 1367 586 quomodo
1377 528 1530 585 possumus
1543 511 1626 565 illum
1636 510 1778 566 conculcem

152 615 221 672 stra,
238 609 340 664 iterum
354 610 543 664 immolandus
559 614 603 662 est
616 625 667 681 pro
684 610 804 681 peccatis
820 610 923 664 nostris
942 627 947 662 :
992 604 1076 675 quiin
1086 604 1200 658 dextera
1208 604 1258 658 llei
1270 601 1778 670 Patrissedel,eleratussuperomuer

152 696 204 752 hoc
217 698 293 752 enim
316 698 402 752 semol
424 699 541 765 lactum,
557 704 586 752 et
606 699 727 752 secundo
742 715 811 769 opus
826 715 882 752 non
897 703 948 762 est,
991 692 1092 747 coelosl
1102 692 1255 747 Dumenim
1266 696 1403 763 praecepla
1414 686 1777 759 illiuspronihiloducimur,

151 785 201 840 sed
216 786 307 856 magis
321 802 391 857 opus
406 791 450 841 est
467 791 531 857 post
545 792 687 857 acceptam
702 786 823 857 gratiam
840 802 950 857 perma·
984 781 1176 852 dedignantes
1190 796 1224 834 ea
1239 780 1367 852 implere,
1381 786 1449 834 tunc
1458 779 1562 850 utique
1576 793 1646 832 eum
1659 777 1778 831 conculct-

152 888 220 928 nere
234 873 264 928 in
285 874 340 928 llde
358 879 445 941 recta,
461 879 490 928 et
511 874 651 929 munditia
664 874 800 929 bonorum
816 890 947 946 operum.
992 886 1066 925 mus.
1081 869 1160 925 Sicut
1171 869 1248 924 enim
1263 884 1297 923 ea
1307 867 1579 940 quaeconculcamus
1590 881 1645 938 pro
1655 864 1777 920 nihilodu

152 962 306 1018 Mandatus
314 980 344 1018 es
353 963 382 1018 in
390 962 570 1035 baptismate,
579 962 715 1018 liberatus
726 980 779 1018 esa
789 962 953 1018 criminibus
992 958 1092 1026 cimus,
1109 963 1138 1014 et
1156 958 1262 1013 nullius
1271 957 1396 1022 honoris,
1406 955 1448 1010 sic
1459 961 1488 1011 et
1502 955 1554 1026 qui
1568 953 1663 1009 libere
1675 958 1777 1025 pectam

153 1050 340 1122 omnibusque
355 1051 485 1122 peccatis,
499 1052 645 1123 lectusque
658 1069 689 1106 es
700 1052 788 1106 Filius
799 1050 859 1106 Dei.
875 1051 903 1107 Si
917 1052 952 1106 ad
993 1047 1099 1119 ubsque
1112 1048 1214 1102 timore
1228 1051 1258 1101 et
1269 1046 1375 1117 absque
1385 1043 1566 1118 punitentia,
1579 1041 1778 1098 Christumque

153 1139 276 1210 primurn
292 1140 427 1195 remitum
451 1156 579 1194 reversus
600 1140 698 1202 fueris
711 1140 909 1210 gravissimum
925 1148 952 1193 te
992 1137 1112 1203 ctrlcant,
1124 1136 1181 1191 sire
1190 1142 1384 1198 contemnunt,
1395 1140 1481 1206 atque
1490 1132 1670 1204 despiciunt,
1681 1147 1778 1203 eumque

153 1234 295 1298 exspectat
298 1229 447 1299 judicium,
455 1228 528 1282 sicut
537 1229 682 1299 sequentia
693 1228 885 1294 rnaniscstant,
897 1228 952 1283 uisi
989 1227 1114 1299 judicem
1125 1226 1251 1279 futurum
1261 1225 1377 1279 minime
1389 1222 1557 1278 formidant.
1568 1221 1625 1276 Vel
1636 1225 1711 1275 certe
1719 1219 1779 1275 etn-

154 1316 332 1386 perdignum
349 1316 544 1387 paenitentiam
560 1323 706 1370 revocatus
722 1316 817 1370 rueris.
836 1316 885 1370 llis
900 1332 953 1371 au·
993 1321 1067 1368 stum
1093 1314 1247 1378 conculcat,
1270 1312 1430 1384 quicunque
1453 1327 1559 1381 corpus
1582 1309 1664 1364 illius
1686 1308 1778 1379 indigne

153 1409 211 1457 tem
227 1403 318 1457 verbis
333 1421 388 1458 nun
400 1404 592 1475 paenitentiam
608 1403 738 1468 excludit,
755 1420 846 1474 neque
861 1404 953 1476 propi·
993 1402 1118 1475 percipit.
1139 1403 1201 1457 Sive
1217 1403 1258 1471 (ut
1284 1401 1368 1456 tertio
1389 1401 1473 1454 modo
1494 1397 1643 1467 dieamus)
1657 1396 1779 1453 christum

153 1491 299 1546 tiationern
315 1509 376 1563 qum
391 1493 429 1547 sit
442 1509 492 1563 per
514 1492 684 1564 paenitentiae
706 1492 950 1557 medicamentum,
993 1492 1146 1558 conculcat,
1170 1490 1217 1561 qui
1232 1490 1305 1545 nrale
1320 1489 1436 1544 virendo
1450 1488 1486 1543 de
1505 1486 1694 1543 tabernaculo
1706 1486 1779 1541 cordis

154 1579 203 1634 sed
227 1580 380 1635 secundum
409 1580 551 1635 lavacrum
577 1579 709 1650 baptismi
735 1580 866 1634 excludit.
890 1581 952 1635 Non
993 1580 1036 1635 sui
1052 1597 1116 1635 eum
1132 1579 1254 1650 expellit,
1271 1579 1319 1649 qui
1343 1577 1436 1632 dixit:
1458 1577 1629 1632 lababitabo
1651 1577 1682 1629 in
1697 1577 1779 1630 illuct

153 1668 228 1723 euim
245 1669 285 1722 ita
298 1674 341 1722 est
353 1668 486 1723 inimicus
494 1669 594 1723 salutis
605 1674 716 1731 nostrae,
730 1673 763 1722 ut
771 1668 885 1733 diceret,
895 1643 1172 1723 nonBinamtulabo
1189 1669 1284 1738 (Medi.
1296 1674 1384 1730 xxvi).
1396 1663 1576 1736 Sanguinem
1589 1679 1701 1735 quoque
1711 1669 1780 1718 team

154 1760 197 1811 est
216 1757 293 1810 ultra
312 1757 488 1828 poenitentia,
507 1773 598 1829 neque
620 1765 797 1827 peccatorum
813 1757 950 1825 remissio,
992 1757 1080 1812 menti
1096 1757 1234 1828 pollutum
1244 1754 1331 1823 ducit,
1344 1754 1411 1819 sire,
1422 1759 1455 1809 ut
1468 1754 1497 1808 iu
1514 1750 1657 1823 Gregorio
1668 1751 1780 1822 habetur,

153 1844 203 1900 sed
219 1845 320 1912 hostia,
331 1845 434 1916 inquit,
447 1846 522 1901 ultra
537 1851 654 1908 nonest,
671 1846 724 1900 hoc
733 1852 785 1911 est,
796 1862 863 1901 crux
876 1846 953 1901 ultra
992 1841 1656 1913 communemsiveimmundumquisanguinem
1662 1840 1780 1912 ριεεὶοιιίι

154 1938 265 1987 nonest
277 1933 401 1988 secunda
409 1939 439 1988 ut
449 1934 553 1989 iterum
565 1934 889 2005 Christuscruciligatur,
901 1936 952 1990 ite·
992 1934 1096 1990 christi
1111 1950 1162 2005 pro
1176 1932 1265 1988 nihilo
1280 1932 1368 1998 ducit,
1384 1948 1439 2003 quo
1457 1931 1676 1986 Testamentum
1688 1929 1780 1985 Nurum

153 2036 274 2091 rumque
286 2038 337 2075 nos
352 2020 535 2093 baptizemur.
545 2022 616 2076 Nam
632 2021 706 2075 sicut
721 2021 850 2076 Christus
864 2023 951 2078 semel
992 2023 1190 2078 confirmatum
1204 2025 1257 2086 est,
1280 2037 1335 2093 quo
1356 2021 1417 2091 ipse
1440 2019 1527 2074 etiam
1548 2019 1780 2074 monetatum

152 2113 282 2163 mortuus
292 2115 345 2173 est,
356 2110 452 2180 etjam
463 2125 519 2164 non
532 2110 660 2172 moritur,
676 2109 874 2165 itanossemel
886 2111 953 2183 bap
993 2118 1121 2182 tempore
1135 2109 1321 2182 baptismatis.
1340 2109 1402 2163 Alio
1417 2109 1493 2163 enim
1508 2107 1596 2162 modo
1615 2101 1779 2162 nihilomiuus

152 2196 231 2250 tizati
248 2197 278 2252 in
293 2198 348 2252 lide
362 2198 460 2252 mortis
481 2199 543 2268 ejus
558 2205 587 2252 et
600 2199 760 2269 sepultura,
775 2199 849 2254 sicut
862 2201 952 2271 Apos·
993 2199 1158 2270 sanguinem
1178 2197 1339 2252 testamenti
1358 2197 1498 2268 pollutum
1509 2197 1627 2262 ducere,
1638 2200 1778 2266 estmyste·

153 2284 229 2338 tolus
241 2285 312 2339 alias
326 2284 403 2349 dicit,
414 2286 570 2357 consepulti
580 2303 643 2341 cum
655 2286 702 2341 illo
717 2303 766 2357 per
780 2286 952 2361 baptismum
993 2288 1066 2343 rium
1076 2285 1332 2357 sanguinistristi
1342 2284 1456 2356 indigne
1466 2284 1624 2356 percipere,
1634 2284 1778 2355 nullamque

154 2371 185 2427 in
201 2377 320 2427 mortem
332 2374 392 2445 yam
408 2391 463 2429 non
478 2391 627 2446 possumus
642 2374 819 2447 rebaptizari.
994 2375 1181 2431 differentiam
1192 2374 1388 2429 interillumet
1398 2373 1777 2444 reliquospotuslaeere,cuu

122 2518 127 2523 ,
186 2461 954 2535 Terribilisautcrnquadamcrspectair'ajudiciieliyuir
994 2458 1778 2533 inillosanctillcatussittemporebaptismatis,etpoeril

155 2551 565 2620 aruulatioquacorrrumpturu
574 2553 956 2609 ertadversariaeAEmulatio
997 2553 1082 2607 etiam
1093 2552 1218 2623 quotidie
1230 2549 1409 2614 sanctificari,
1420 2550 1444 2604 si
1456 2549 1542 2620 digne
1553 2549 1710 2621 perceperit
1717 2564 1776 2604 eum

156 2637 307 2709 aliquando
321 2655 370 2709 pro
384 2639 541 2694 imitatione
554 2641 678 2712 ponitur,
692 2642 843 2714 aliquando
854 2660 904 2714 pro
915 2643 956 2698 in·
997 2642 1036 2696 lie
1050 2640 1154 2696 talibus
1169 2639 1238 2694 dicit
1256 2639 1405 2710 Apostolus
1422 2661 1428 2692 ι
1447 2641 1502 2706 (lui
1520 2640 1675 2693 ruaudurat
1689 2643 1712 2691 et
1726 2638 1776 2690 titii

156 2726 282 2781 ridentia
295 2744 302 2783 ε
317 2727 362 2782 hic
376 2733 471 2782 aulem
487 2746 537 2800 pro
553 2730 765 2801 consumptione
786 2738 816 2785 et
833 2731 955 2786 vindicta
995 2731 1120 2798 indique,
1131 2731 1275 2798 judicium
1288 2731 1343 2783 sibi
1352 2729 1504 2782 uranducat
1519 2732 1544 2781 ct
1558 2729 1639 2791 bibit,
1656 2743 1708 2781 nou
1721 2728 1777 2793 driu·

156 2814 302 2886 accipitur.
312 2816 412 2871 Terret
425 2833 494 2887 crgo
508 2819 657 2889 Apostolus
668 2834 775 2885 omnes,
787 2824 956 2875 ulmetuant
995 2822 1091 2874 dicans
1104 2833 1201 2886 corpus
1215 2821 1239 2871 ct
1254 2819 1420 2884 talequinem
1435 2818 1553 2871 lloiriiui
1568 2817 1595 2879 tl
1602 2816 1664 2871 Cur.
1675 2816 1717 2885 xi),
1732 2814 1775 2868 sire

154 2908 220 2977 post
240 2901 373 2974 baptismi
397 2905 538 2960 lavacrum
559 2905 595 2959 ad
616 2906 685 2961 vitia
704 2904 803 2974 relabi,
818 2907 954 2979 quianon
996 2907 1158 2961 discernens
1172 2921 1189 2959 a
1204 2905 1320 2976 reliquis
1333 2904 1403 2958 cibis
1418 2910 1446 2958 et
1460 2903 1586 2974 potibus,
1601 2903 1710 2975 spiritui
1722 2918 1776 2974 quo·

155 2997 274 3063 possunt
283 2993 461 3064 rebaptizari.
473 2994 572 3050 Terret
585 2995 671 3050 etiam
686 3002 719 3050 ut
733 2996 757 3050 si
768 2997 954 3070 peccaverint,
996 3012 1051 3067 que
1059 2995 1203 3065 gmtiae,id
1212 2998 1264 3061 est,
1274 2993 1391 3064 Spiritui
1398 2998 1496 3048 sancto
1507 2993 1708 3048 coutumeliam
1717 2989 1773 3050 adt
1817 2978 1819 3043 ἱ

156 3081 452 3152 punitentiamstatinr
459 3084 592 3138 studeant
599 3099 682 3154 agere
689 3084 955 3157 dignam,quoniam
996 3084 1044 3155 qui
1066 3083 1101 3137 de
1119 3082 1300 3137 tabernaculo
1314 3081 1406 3136 cordis
1420 3081 1465 3136 sui
1481 3081 1558 3136 male
1576 3080 1700 3146 virendo,
1713 3079 1772 3133 illun

155 3168 315 3241 quicunque
338 3170 508 3241 poenitentiae
529 3171 765 3227 medicamentum
790 3174 953 3245 neglexerit,
996 3171 1080 3243 ejicit.
1090 3171 1133 3226 vel
1144 3171 1192 3243 qui
1202 3187 1258 3225 non
1266 3170 1436 3242 creditquod
1448 3169 1586 3240 perillum
1598 3167 1772 3224 inEeclesiuit

156 3257 276 3313 vindicta
291 3266 319 3313 et
331 3261 507 3331 consumptio
521 3259 594 3332 ignis
607 3262 704 3315 aterni
719 3261 864 3316 devorabit
879 3279 953 3318 eum.
996 3260 1124 3315 remissio
1134 3264 1322 3331 peccaturum,
1331 3259 1373 3312 vel
1384 3263 1459 3313 certe
1470 3258 1519 3329 qui
1529 3257 1770 3330 blasphematilluu

155 3348 334 3419 Quapropter
343 3349 536 3422 unusquisque
542 3349 575 3402 ad
587 3349 758 3420 punitentia
766 3350 834 3404 dum
842 3356 955 3423 tempus
995 3364 1083 3420 opera
1097 3349 1159 3419 ejus
1172 3347 1347 3418 denegando,
1364 3354 1393 3401 et
1406 3345 1519 3400 diabolo
1532 3346 1694 3402 tribuendo.
1712 3342 1770 3400 Unde

154 3434 239 3492 habet
253 3437 491 3493 medicamentum
512 3437 665 3509 confugiat,
690 3455 726 3493 ne
750 3438 807 3509 igni
825 3439 956 3495 tradatur
995 3436 1132 3490 Dominus
1141 3435 1226 3489 dicit:
1239 3437 1294 3503 Qui
1303 3435 1532 3502 blasphemaverit
1542 3433 1769 3503 inspiraverunt

155 3530 270 3579 eterno.
995 3527 1194 3579 remitteturei
1208 3539 1294 3592 neque
1313 3527 1344 3578 iu
1359 3523 1408 3577 lior
1425 3525 1532 3589 secreto,
1553 3540 1641 3593 acque
1654 3526 1685 3577 in
1696 3522 1769 3589 salure

191 3614 956 3682 irritamquissaciensleqemMoysi,sinculiairrisera-
996 3614 1110 3685 (Marcu.
1135 3616 1195 3680 sir).
1216 3612 1271 3676 Qui
1294 3611 1397 3666 idcirco
1421 3610 1539 3682 spiritus
1562 3611 1662 3682 gratim
1683 3613 1769 3665 rouur

155 3704 228 3756 tione
241 3703 346 3756 duobus
360 3706 400 3756 ccl
414 3704 503 3756 tribus
518 3705 640 3770 tertioue,
653 3701 788 3758 subaudis
802 3704 952 3769 convictus,
998 3703 1041 3755 rel
1061 3701 1128 3772 quia
1147 3717 1198 3772 per
1216 3700 1295 3755 illum
1316 3699 1397 3754 uobis
1414 3700 1505 3770 gratis
1522 3699 1704 3755 dimittuntur
1724 3711 1769 3768 pit·

156 3791 289 3844 moritur.
996 3797 1068 3856 rata,
1090 3790 1134 3845 vel
1159 3798 1234 3844 certe
1254 3789 1320 3860 quia
1344 3787 1394 3842 illo
1421 3787 1611 3843 distribuente
1638 3787 1770 3842 diridmtu

110 3877 118 3903 '
192 3879 300 3946 Quanto
314 3883 403 3948 inagis
415 3883 523 3948 putatis
537 3881 674 3935 deteriora
689 3884 792 3935 mereri
805 3883 955 3950 surreptitia,
996 3878 1095 3950 gratiae
1113 3879 1252 3933 donorum
1266 3877 1458 3949 spiritualium
1475 3876 1619 3941 fidelibus,
1640 3892 1706 3948 quas
1720 3875 1770 3943 Ape

155 3969 314 4037 quidilium
324 3969 373 4022 tet
381 3972 580 4024 conculcaverit
595 3976 618 4024 et
629 3973 794 4038 sanquinem
803 3972 957 4024 testamenii
997 3968 1087 4023 stolus
1097 3972 1310 4032 commemorat,
1323 3965 1419 4020 dicens
1431 3983 1439 4020 :
1450 3965 1485 4019 lit
1494 3966 1550 4020 alii
1561 3968 1673 4033 quidem
1681 3960 1771 4034 perspi

151 4059 294 4127 pollutum
304 4058 415 4111 decuerit
427 4060 458 4111 iu
474 4074 526 4128 quo
543 4062 730 4126 sarrctificatuc
742 4064 789 4120 cst,
802 4064 827 4112 et
840 4060 958 4127 spiritui
999 4060 1088 4111 ritum
1107 4057 1194 4109 datur
1212 4071 1300 4108 sermo
1328 4057 1480 4123 sapientia,
1501 4056 1558 4108 aiii
1575 4070 1665 4108 sermo
1680 4050 1770 4107 scientie

153 4148 253 4213 qratia
264 4147 461 4198 coutumeliam
475 4147 591 4211 fecerit?
605 4146 660 4200 Lex
675 4144 766 4216 Moysi
779 4145 893 4209 dicitur,
910 4148 953 4201 rel
995 4148 1022 4214 (l
1033 4147 1094 4201 Gor.
1106 4148 1163 4214 ru),
1176 4149 1205 4199 et
1216 4151 1326 4210 catera,
1339 4143 1503 4214 usquedum
1514 4143 1667 4208 concludit,
1679 4141 1768 4196 diae:

156 4231 223 4302 quia
237 4246 287 4300 per
307 4231 421 4300 Moysen
436 4233 539 4303 populo
553 4232 629 4296 data,
646 4232 688 4286 rel
703 4234 770 4303 quia
784 4233 872 4304 Moysi
887 4235 953 4289 data
962 4263 985 4322 D
994 4237 1054 4290 llae
1064 4235 1261 4287 auteuromuia
1270 4237 1574 4301 operaturuuueatque
1585 4230 1769 4300 idcmSpiritu,

155 4315 443 4384 estallomino,sicut
455 4323 483 4371 et
492 4334 544 4372 nos
554 4319 629 4373 soliti
640 4335 738 4374 sumus
748 4321 841 4374 dicere
852 4323 882 4376 iu
892 4339 954 4377 ora·
995 4325 1120 4378 dividens
1132 4324 1252 4390 stupetis
1265 4327 1349 4390 prout
1366 4321 1435 4375 vult.
1450 4319 1552 4391 (ibid.)

154 4404 231 4458 tione
243 4402 389 4458 Dominica
398 4406 433 4459 ad
444 4407 550 4460 Deum:
565 4409 666 4462 Panem
678 4414 803 4464 nostrum
817 4413 954 4479 qrratidia-
1032 4411 1141 4468 Scimus
1155 4413 1231 4464 cuim
1243 4412 1293 4478 qui
1304 4410 1395 4463 dicit:
1410 4408 1481 4462 Mitt
1494 4410 1651 4463 uindictam
1664 4413 1688 4462 et
1699 4415 1771 4473 uult

155 4509 225 4548 nuru
239 4494 275 4546 da
290 4493 367 4547 nobis
385 4494 605 4565 indiuiduam),
619 4511 676 4551 nou
690 4498 764 4569 quod
779 4505 874 4553 noster
888 4506 954 4554 ante
997 4496 1461 4568 tribuam.Loquituromnipotens
1468 4495 1545 4551 Deus
1554 4496 1769 4567 peremptum

153 4581 248 4649 luerit,
258 4581 308 4637 sed
320 4599 385 4637 cum
396 4582 430 4637 ab
441 4583 489 4637 illo
500 4583 592 4650 datur,
606 4592 702 4639 noster
711 4586 840 4641 efficitur.
850 4588 955 4642 lucutit
995 4587 1063 4643 Mihi
1074 4586 1207 4658 injuriam
1218 4591 1246 4640 et
1256 4584 1456 4640 contumeliam
1466 4583 1639 4640 facientibus
1651 4581 1771 4637 intima

153 4678 250 4726 autem
257 4672 409 4744 Apostolus
417 4675 553 4727 terrorem
564 4672 739 4740 Christianis,
750 4690 866 4728 sumens
875 4692 955 4729 com·
996 4676 1112 4731 reddam
1123 4680 1152 4729 et
1159 4673 1314 4728 retribuam
1325 4674 1365 4726 eis
1374 4673 1458 4743 juxta
1470 4673 1546 4743 quod
1558 4670 1771 4736 merenturlllul·

154 4761 329 4831 parationem
345 4777 362 4819 a
375 4761 437 4832 lege
446 4760 547 4832 Moysi,
561 4777 645 4831 quam
656 4762 680 4816 si
690 4762 753 4833 quis
762 4767 955 4833 transgressus
996 4779 1085 4830 xxxn;
1098 4766 1174 4819 lloru.
1187 4763 1248 4831 xri).
1259 4763 1292 4816 di
1302 4765 1425 4815 iterum:
1439 4761 1511 4828 Ouia
1515 4762 1659 4829 iudicabit
1667 4758 1771 4815 terrra

153 4850 262 4918 luisset,
278 4849 387 4905 irritam
398 4867 460 4905 eam
479 4856 508 4905 et
529 4850 642 4905 inanem
661 4850 775 4917 iaciens,
789 4851 899 4906 duobus
914 4852 955 4908 rel
994 4855 1129 4922 poputum
1140 4851 1282 4905 sentrude
1290 4848 1411 4904 inimicis
1419 4848 1478 4903 suis
1491 4849 1546 4903 boc
1556 4849 1662 4904 dictum
1672 4841 1772 4907 ertzlu

153 4937 244 4992 tribus
268 4939 386 4994 testibus
399 4940 551 5002 conuictus,
569 4939 629 4994 sine
654 4939 711 4994 ulla
727 4941 907 4996 miseratione
928 4946 957 4996 et
997 4943 1151 4995 retribuam
1165 4938 1216 5003 eis,
1229 4938 1277 5010 qui
1287 4937 1361 4992 male
1371 4937 1488 5000 iaciunt,
1502 4953 1560 4992 non
1571 4938 1607 4992 de
1616 4937 1661 4992 liis
1669 4927 1773 5008 quidde

156 5026 236 5080 venia
246 5042 262 5080 a
266 5028 408 5097 judicibus
417 5029 599 5100 dijudicatus,
612 5029 953 5085 conlestimoccidebatur.
997 5030 1152 5102 patiuntur,
1168 5028 1203 5082 de
1215 5027 1259 5082 his
1269 5026 1398 5081 videlicet
1408 5025 1456 5097 qui
1471 5026 1650 5098 negligenter
1657 5021 1773 5085 virente

153 5113 431 5185 Dicitergo:Siille,
443 5118 583 5188 inquiens,
595 5119 643 5189 qui
654 5118 826 5190 legemque
838 5136 888 5190 per
899 5137 957 5174 ser·
997 5105 1773 5191 perpoenitentiamsepurgarenolunt3sedcummeleb·
1816 5100 1819 5131 ³

155 5216 220 5255 rum
235 5200 300 5256 data
315 5209 368 5271 est,
380 5209 573 5274 transgressus
588 5205 688 5271 luerat,
701 5207 761 5261 sine
772 5207 829 5262 ulla
841 5207 956 5262 misera·
996 5208 1083 5272 ciunt,
1096 5221 1194 5261 secure
1208 5205 1243 5259 ad
1259 5219 1385 5258 mensam
1395 5203 1575 5258 Dominicam
1590 5203 1726 5260 accedunt.
1736 5197 1773 5252 lt·

115 5298 121 5311 ‘
152 5289 231 5345 tione
245 5290 432 5354 occidebatur,
449 5298 555 5363 quanto
578 5295 668 5364 magis
688 5296 797 5367 majora
819 5297 956 5368 supplicia
996 5281 1774 5368 pulumautemquemDominusjudicaredicitur,dupl'r

155 5377 319 5448 sustinebit,
342 5379 390 5450 qui
410 5377 511 5432 Filium
532 5380 583 5434 liei
602 5384 827 5439 conculcaverit?
852 5384 955 5456 Utique
996 5386 1067 5441 citer
1077 5400 1226 5454 possumus
1237 5381 1405 5453 intelligere,
1417 5386 1446 5435 et
1457 5380 1492 5434 ad
1503 5380 1625 5437 electum
1636 5381 1774 5447 scilieetpe

154 5474 260 5541 quanto
271 5467 548 5538 maiorestcbristus
558 5468 663 5539 Moyse,
673 5478 700 5527 et
708 5473 802 5544 gratia
812 5474 955 5544 Evangelii
997 5475 1095 5546 pulum
1109 5473 1215 5528 reterre
1229 5472 1307 5528 etad
1322 5468 1485 5542 reprobum.
1497 5470 1642 5533 iudicabit
1654 5469 1723 5526 euim
1734 5462 1775 5521 be·
