3818 6104
129 181 194 241 roae
363 172 553 231 aaruoms
567 172 815 231 antecessu.
834 169 947 228 anso.
964 167 1043 225 ore.
1060 168 1152 225 ems
1165 168 1188 225 1.
1206 200 1237 212 -
1253 167 1439 227 eorunm.
1456 152 1550 226 aiau.
1698 166 1760 226 noc

132 308 441 378 Scripturasacrasaepe
450 315 585 371 aquarum
596 296 929 369 impetussignificatper-
938 297 959 355 Α
967 295 1179 349 ciunturTanto
1191 295 1264 348 enim
1275 294 1404 349 diabolus
1413 293 1534 365 amplius
1542 294 1622 348 sterit
1636 293 1762 349 adversus

128 395 311 456 secutionem,
323 392 397 445 unite
410 389 575 443 Psalruista:
590 388 657 441 Gom
669 390 836 439 irasceretur
843 386 925 450 furor
967 382 1093 438 Ecclesia
1108 378 1243 437 rnenibra.
1261 391 1365 454 quanto
1384 402 1401 437 a
1426 380 1649 454 praecedentibus
1677 384 1762 437 dlrin'o

128 498 224 541 corum
238 485 270 535 t'n
287 493 343 543 nos,
358 480 477 546 [ursiton
492 492 565 542 aquo
580 470 759 527 obsorbuisset
775 488 823 526 nos
836 470 920 541 [Prot.
966 488 1083 526 munere
1094 472 1231 525 roboratis
1247 473 1335 525 rictus
1350 480 1401 525 est.
1412 473 1483 525 Hinc
1493 478 1536 525 est
1550 469 1627 541 quod
1638 471 1762 541 expulsus

128 566 304 639 cxxrrrl.Per
314 586 344 622 os
355 553 873 634 reroantiquiserpentis,suasioillius
883 560 926 615 in·
967 560 1002 614 ab
1022 559 1144 623 trornine,
1170 574 1233 612 cum
1261 565 1368 630 septem
1392 559 1454 612 aliis
1470 558 1658 628 nequioribus
1679 556 1763 613 redire

127 660 332 730 telligitur,qua
339 654 449 725 reprobi
460 653 668 721 instiganturut
676 648 926 704 eontraEcclesiam
968 647 1144 700 describitur.
1159 649 1212 713 Qui
1219 644 1376 699 custodiunt
1386 646 1519 700 rrtdndolo
1531 648 1589 701 Drt'.
1603 645 1765 710 Q'uibussci·

129 747 252 803 saeriant.
265 746 330 799 Post
344 743 488 796 mulierem
502 757 568 810 ergo
582 740 610 792 in
626 738 765 793 desertum
779 734 926 801 volantem,
970 736 1035 788 licet
1050 735 1078 787 in
1093 734 1153 803 lege
1170 735 1330 804 praecipitur
1347 735 1426 788 :Non
1442 735 1562 797 occides,
1586 752 1646 788 non
1667 735 1767 788 ruitum

128 852 244 907 serpens
259 851 291 886 ex
306 846 354 886 ore
367 848 417 885 suo
429 827 533 883 ilurnen
548 828 720 896 cerasiacum
732 827 851 880 maxime
867 831 929 896 post
968 828 1062 887 facies,
1079 834 1107 880 et
1121 830 1222 881 etatem
1236 825 1278 880 his
1293 825 1403 879 similia.
1420 828 1453 880 Et
1468 829 1569 880 liabent
1581 830 1767 881 testimonium

129 919 279 978 adrentum
295 920 358 974 Filii
372 919 422 972 Dei
451 925 478 970 et
493 916 641 987 postquam
671 912 792 968 Ecclesia
806 912 928 967 coetestia
970 911 1257 978 resultantium
1286 914 1360 969 itlius
1377 914 1499 968 retinent
1519 914 1617 971 corde.
1635 914 1770 968 sternant

128 1011 218 1084 petiit,
233 1008 387 1063 infidelium
405 1005 614 1059 multitudinem
636 998 763 1056 diabolus
779 1003 929 1055 insancto·
972 1019 1065 1072 opere.
1080 1002 1151 1056 Cum
1178 995 1222 1055 liis
1249 1001 1494 1073 quippcdiabolus
1510 1003 1668 1056 maximum
1690 998 1769 1057 habet

128 1117 192 1153 rum
204 1115 298 1152 necem
310 1094 469 1159 commorit,
482 1095 553 1147 sicut
566 1094 715 1149 Neronem,
727 1085 928 1153 potentianum,
972 1088 1445 1161 condicturujuxtailtudApostoll:
1458 1091 1670 1159 Ortrnesqut'pr'e
1680 1094 1769 1143 rotant

129 1188 158 1242 ei
170 1196 294 1245 caeteros,
311 1191 343 1239 ut
355 1201 417 1238 eam
433 1183 537 1235 faceret
552 1180 626 1233 trahi
637 1197 654 1231 a
668 1179 794 1242 numine,
806 1178 832 1230 id
849 1185 890 1231 cst
902 1179 929 1232 in
970 1173 1766 1248 et'rercinChristopersecotioncmpotiunt-ur(illinisti).

129 1293 230 1347 corpus
244 1290 337 1336 suum,
364 1274 415 1326 hoc
439 1277 491 1333 est,
516 1270 543 1322 iu
560 1266 721 1321 societatem
746 1265 929 1336 reproborum
972 1268 1117 1321 Sustinent
1127 1268 1239 1337 quidem
1251 1275 1280 1321 et
1294 1268 1405 1338 reprobi
1419 1266 1557 1333 aiala,sed
1568 1285 1628 1323 non
1642 1268 1769 1322 adsersus

129 1370 225 1436 posset
243 1379 304 1416 eam
320 1361 478 1425 traducere,
494 1357 613 1411 sednon
629 1355 723 1418 caluit,
741 1355 805 1426 quia
830 1354 854 1407 si
869 1372 929 1408 rno-
971 1373 1018 1409 eos
1028 1354 1155 1410 diabolus
1166 1357 1309 1427 intorquet
1318 1356 1511 1427 beilum,quod
1521 1373 1704 1429 nequaquam
1714 1357 1769 1410 lieri

129 1446 243 1506 riuntur
259 1456 397 1520 martyres
411 1456 536 1518 corpore,
553 1453 647 1498 tamen
660 1450 854 1514 postmortem
870 1460 928 1497 car·
971 1451 1071 1513 potest,
1087 1445 1139 1497 nisi
1167 1445 1433 1515 intercisas-partes
1446 1446 1607 1499 contrarias
1642 1446 1696 1500 Sed
1711 1462 1769 1499 cum

129 1539 174 1593 nis
187 1539 321 1592 veraciter
338 1536 432 1588 dicent
445 1553 449 1584 :
470 1532 626 1587 Torrentem.
634 1533 814 1598 pertransiret
829 1534 926 1583 antina
973 1532 1076 1586 dicitur
1088 1534 1209 1603 primum
1221 1533 1267 1603 qui
1280 1534 1439 1587 custodiant
1453 1535 1591 1588 mandata
1613 1533 1734 1595 Domini.
1745 1540 1769 1589 et

129 1632 224 1679 nostru
239 1623 343 1693 (ibid),
360 1623 426 1694 quia
441 1621 506 1675 dum
525 1625 721 1691 persecutores
738 1619 869 1688 trajicere
884 1634 955 1691 eosss
972 1621 1073 1674 deinde
1088 1621 1225 1675 insertur:
1243 1620 1276 1674 Et
1295 1622 1377 1675 sidem
1392 1622 1471 1683 Jesu.
1488 1623 1530 1676 sic
1544 1621 1681 1676 ridentur
1694 1622 1770 1676 rerba

131 1713 160 1766 in
176 1729 276 1782 corpus
288 1722 371 1765 suum
385 1727 440 1764 non
456 1710 613 1774 valuerunt,
633 1707 760 1761 funditus
774 1699 867 1760 delere
883 1723 929 1761 co·
969 1711 1029 1764 hac
1044 1727 1154 1772 sonare,
1167 1711 1246 1781 quasi
1262 1715 1328 1764 ante
1342 1709 1424 1763 fidem
1453 1711 1528 1765 bona
1555 1728 1644 1782 opera
1669 1711 1769 1783 possint

131 1801 190 1855 nati
204 1806 280 1853 sunt.
971 1814 1041 1852 esse.
1070 1815 1133 1852 cum
1149 1799 1226 1869 prius
1242 1798 1279 1853 sit
1297 1797 1421 1861 credere,
1447 1816 1481 1853 ac
1504 1800 1528 1853 si
1544 1796 1677 1854 eamdem
1692 1800 1769 1855 fidem

167 1884 706 1956 ittadjutttterroinretiercmTerrain
723 1901 801 1937 sacro
818 1876 931 1954 eloquio
973 1886 1103 1957 operibus
1127 1894 1189 1956 post
1215 1886 1322 1940 fulcire.
1350 1887 1404 1941 Sed
1428 1888 1586 1949 sciendum,
1613 1888 1689 1960 quod
1713 1889 1768 1943 ideo

131 1979 285 2033 humanam
302 1983 433 2029 naturam
457 1974 606 2044 signifieat,
623 1974 698 2027 unde
714 1974 803 2042 primo
824 1968 931 2025 homini
973 1972 1106 2029 mandata
1119 1975 1196 2046 prius
1212 1976 1571 2046 ponuntur‚quiacharitas
1582 1994 1646 2048 quoe
1662 1978 1768 2031 inman-

130 2067 314 2119 dictumest:
335 2064 418 2118 Terra
446 2081 481 2123 es,
498 2069 521 2115 et
537 2066 566 2115 in
583 2068 687 2115 terrum
703 2064 764 2115 ibis.
777 2057 864 2115 Terra
879 2061 933 2114 ita·
974 2061 1047 2115 datis
1063 2068 1183 2128 constat,
1200 2064 1346 2131 ruajorcst
1372 2062 1503 2117 omnibus
1527 2064 1696 2130 virtutibus,
1710 2064 1768 2119 licet

131 2153 223 2224 quein
234 2153 356 2207 hocloco
367 2163 434 2205 caro
446 2151 534 2204 nostri
546 2149 743 2219 Redemptorls
754 2146 929 2218 intelligitur,
973 2144 1043 2204 netes
1054 2151 1097 2204 ria
1105 2151 1143 2204 sit
1152 2150 1187 2204 ad
1199 2148 1381 2206 Deum.Unde
1389 2152 1539 2223 Apostolus
1552 2172 1558 2206 :
1570 2153 1654 2208 Nunc
1664 2160 1768 2208 inanest

131 2242 179 2312 qui
190 2242 290 2295 cumin
300 2241 390 2294 torma
400 2234 449 2293 Dei
460 2245 542 2299 esset,
557 2239 756 2292 soranamserri
767 2238 881 2308 accepit·
893 2235 932 2290 De
972 2240 1047 2304 fides,
1063 2255 1129 2307 spes,
1152 2241 1285 2304 ebaritas,
1304 2244 1360 2294 trio
1375 2242 1438 2304 bac,
1455 2246 1549 2309 rnojor
1563 2243 1660 2296 autern
1675 2243 1767 2296 borant

130 2330 183 2383 hac
194 2334 269 2383 terra
279 2325 428 2382 psalmista
439 2327 495 2380 ait:
511 2327 814 2391 dcrtcdt'risti,Donnes,
828 2331 931 2379 terram
973 2326 1095 2381 citarttos
1122 2329 1149 2384 tl
1171 2329 1232 2382 Cor.
1247 2340 1318 2383 11111.
1333 2327 1425 2392 Quare
1448 2324 1564 2400 tnajort’
1584 2330 1652 2402 quia
1671 2337 1767 2385 caeterae

134 2416 335 2482 tuothsotm.
351 2429 469 2471 cxxxiv..
486 2410 548 2469 Haec
562 2421 638 2466 tcrra
649 2414 795 2466 mulierem
814 2408 929 2481 adjuvit,
973 2415 1141 2480 transibunt,
1155 2414 1278 2469 ebaritas
1294 2417 1469 2486 permanebit
1486 2418 1514 2471 in
1530 2418 1642 2473 electis.

131 2504 198 2578 quia
207 2504 267 2576 ipse
278 2502 400 2575 primum
411 2519 508 2555 onmes
516 2500 616 2554 ssuctus
624 2501 753 2554 huuiamc
764 2501 931 2571 persecutio·
1007 2503 1038 2558 ln
1058 2506 1130 2557 stetit
1152 2520 1233 2572 snper
1251 2521 1368 2559 arenam
1383 2509 1479 2560 enoris.
1498 2504 1665 2562 Notandum
1682 2490 1767 2566 autem

133 2587 176 2647 nis
188 2591 304 2665 pertulit
314 2590 497 2646 etdoricit.Et
507 2594 616 2659 operuit
625 2596 699 2643 terro
710 2608 738 2642 os
748 2606 841 2648 souin,
853 2583 932 2642 etat>-
972 2592 1045 2661 quod
1061 2592 1135 2645 idem
1150 2585 1233 2646 draco
1248 2609 1304 2646 non
1316 2610 1402 2664 supra
1416 2602 1538 2664 petram,
1553 2596 1603 2649 sed
1614 2614 1702 2668 super
1714 2615 1767 2652 are·

132 2681 239 2735 sorbuit
246 2681 436 2750 [temetipum
446 2681 523 2732 nnsit
533 2678 616 2731 droco
623 2677 654 2730 dc
665 2695 710 2731 ore
720 2677 853 2741 ritoQuia
862 2682 933 2731 tem·
972 2695 1038 2734 nam
1051 2681 1161 2733 stetisse
1176 2680 1288 2734 dicitur.
1301 2682 1415 2735 Cunctis
1428 2683 1504 2736 enim
1518 2682 1622 2754 liquet,
1631 2685 1699 2755 quia
1715 2702 1769 2740 ser·

130 2785 197 2841 pore
209 2767 345 2838 passionis
354 2764 526 2820 abundantia
535 2767 661 2820 ritaesuae
670 2765 768 2818 mortis
778 2757 930 2836 principem
972 2785 1041 2839 pens
1055 2770 1084 2823 in
1099 2778 1177 2840 petra
1193 2771 1339 2841 vestigium
1352 2771 1455 2827 habere
1470 2786 1528 2827 non
1541 2774 1627 2828 valet.
1645 2773 1678 2828 In
1692 2791 1768 2828 arena

131 2857 288 2928 deglutivit,
301 2859 329 2909 ct
338 2871 486 2925 resurgens
497 2870 514 2907 a
525 2855 642 2907 mortuis
653 2854 820 2907 inundantes
831 2850 932 2906 duetus
974 2873 1039 2912 vero
1061 2877 1177 2930 queque
1201 2861 1262 2914 loca
1277 2861 1413 2930 tetigerit,
1433 2862 1513 2931 signa
1528 2863 1576 2916 sui
1590 2862 1716 2933 corporis
1728 2879 1767 2917 re·

133 2938 277 3001 absorbuit
288 2945 415 3016 potentia
430 2938 593 2998 divinitatis.
612 2943 678 3013 quia
692 2942 790 2995 adhoc
804 2948 932 2995 mortuus
974 2947 1083 3019 linquit.
1106 2946 1136 3002 ln
1151 2957 1232 3020 petra
1251 2966 1307 3004 non
1329 2956 1385 3004 stat
1399 2949 1493 3008 draco.
1509 2952 1580 3022 quia
1597 2951 1629 3004 in
1647 2950 1767 3006 cordibus

134 3041 187 3104 est,
202 3040 234 3088 nt
249 3034 414 3087 etsiverum
434 3030 463 3085 e't
476 3040 651 3085 mortuorum
672 3031 840 3090 dominetur,
858 3029 932 3083 unde
972 3046 1143 3101 sanctorum,
1161 3050 1222 3108 quae
1241 3038 1396 3110 voluptates
1409 3038 1493 3092 nullae
1506 3039 1669 3105 emolliunt,
1685 3039 1766 3094 locum

132 3123 292 3193 Apostolus:
306 3122 437 3175 ttettitetti
448 3117 516 3174 Deus
526 3120 705 3186 etenimquod
715 3125 752 3172 est
762 3133 932 3187 superorans
972 3120 1100 3179 diabolus
1116 3124 1223 3180 nullum
1238 3127 1354 3180 invenit.
1371 3126 1393 3180 E
1417 3135 1526 3189 contra,
1543 3127 1574 3181 in
1587 3145 1677 3182 arena
1695 3145 1766 3198 gres·

134 3219 277 3274 nomenari
289 3212 319 3261 in
331 3209 442 3261 nominc
452 3206 812 3278 resuoveueepenupeetatur
828 3209 930 3272 1111111).
972 3230 1034 3268 sum
1048 3215 1117 3285 figit,
1135 3215 1201 3286 quia
1211 3223 1319 3270 ruentes
1333 3232 1402 3286 quas
1416 3217 1519 3270 humor
1532 3211 1659 3271 'carnalis
1673 3233 1766 3271 eoncu-

132 3297 168 3351 Et
182 3295 257 3349 unde
271 3297 330 3366 ipse
344 3294 445 3348 'fluctus
460 3295 683 3363 persecutionum
695 3294 846 3365 superarit,
866 3295 931 3349 inde
972 3303 1114 3373 piscentiae
1129 3303 1245 3368 emollit,
1258 3302 1407 3358 inhabitat.
1425 3302 1496 3359 Hinc
1510 3321 1528 3358 a
1544 3296 1766 3359 bominotoldi-

134 3384 289 3440 Ecclesiam
302 3401 336 3437 ne
352 3383 424 3436 vitici
440 3383 527 3453 possit
538 3383 654 3451 adjuvit.
670 3400 702 3435 ac
717 3376 739 3435 si
756 3383 860 3438 diceret
873 3383 930 3437 sais
971 3390 1045 3443 citur
1057 3390 1129 3445 :Sub
1141 3391 1240 3443 uirtbro
1252 3392 1354 3445 dornn't
1366 3388 1397 3445 in
1410 3399 1509 3445 secreto
1530 3397 1648 3457 coturni,
1664 3397 1693 3448 in
1711 3393 1765 3447 locis

40 3532 48 3542 ,
133 3472 263 3529 fidelibus
280 3492 285 3524 z
301 3473 394 3526 Nolite
407 3472 507 3524 timere
523 3483 651 3524 mortem,
666 3471 752 3524 nolite
767 3472 866 3525 timere
880 3472 931 3525 ssu·
973 3480 1150 3531 tinnientibus
1163 3480 1228 3533 eleb.
1241 3485 1293 3541 xil,
1311 3478 1337 3532 id
1352 3485 1404 3540 est,
1419 3478 1448 3533 in
1464 3477 1621 3536 lubriciset
1634 3481 1766 3554 voluptas

135 3570 197 3617 ctus
211 3563 400 3616 humanarum
416 3559 510 3614 subire
524 3558 760 3629 persecutionum,
777 3560 825 3613 sed
848 3560 933 3613 eonti-
973 3564 1011 3619 sis
1037 3563 1166 3619 cordibus
1190 3566 1349 3636 requiescit.
1371 3568 1460 3631 Quem
1490 3585 1561 3638 ergo
1588 3568 1725 3625 Domrnus
1741 3572 1765 3623 in

131 3653 199 3711 dite,
217 3653 283 3725 quia
309 3668 359 3721 ego
384 3649 436 3703 rici
467 3649 612 3709 mundum,
637 3649 791 3720 principem
821 3666 931 3720 quoque
972 3654 1040 3707 locis
1056 3653 1237 3708 humentibus
1257 3650 1379 3709 dormire
1402 3655 1765 3727 pammchunctoames

132 3736 231 3797 mundi
246 3739 391 3805 debellari,
408 3737 510 3792 fluctus
531 3740 591 3791 vitae
607 3737 734 3791 mortalis
761 3739 931 3808 resurgendo
972 3757 1186 3811 superarenani
1202 3736 1422 3797 stareatlirmat.

132 3831 246 3895 calcari,
265 3830 331 3901 quia
343 3828 420 3898 prior
435 3843 485 3897 ego
503 3825 709 3897 persecutiones
724 3828 785 3895 ejus
806 3826 871 3892 bibi,
889 3826 931 3880 bi·

132 3920 257 3990 bensque
269 3916 407 3989 superavi,
425 3910 557 3986 vobisque
569 3931 646 3986 spem
667 3915 831 3984 resurgendi
849 3909 927 3972 dedi.
1267 3880 1385 3941 OApUT
1398 3882 1474 3942 xm·

132 4006 255 4080 Ideoque
273 4007 343 4060 sicut
351 4022 405 4076 ego
419 4022 463 4058 me
480 4002 634 4066 humiliari,
648 4012 675 4057 et
683 4020 733 4074 per
744 4002 932 4058 humilitatem
1009 4007 1043 4063 Et
1056 4009 1115 4061 cidi
1126 4002 1157 4062 de
1173 4011 1257 4063 inari.
1271 4000 1328 4064 tloc
1342 4017 1384 4064 est
1396 4011 1431 4065 de
1442 4004 1630 4068 multitudine
1644 4006 1766 4088 reprobo-

133 4096 169 4150 ad
196 4092 341 4149 victoriam
368 4093 441 4156 veni,
458 4092 497 4146 ita
526 4100 555 4145 et
570 4109 616 4145 ros
632 4092 821 4146 humilitatem
837 4090 934 4162 sequi·
974 4098 1155 4160 rumesiae
1171 4094 1309 4169 profunda
1331 4100 1448 4168 persidia
1464 4099 1641 4156 Judaeorum.
1660 4107 1766 4157 Bestiam

134 4185 215 4246 ruini,
231 4192 263 4238 ut
278 4200 385 4238 mecum
400 4183 577 4253 postmodum
592 4198 709 4252 regnare
724 4181 845 4252 possitis,
863 4198 934 4253 quo·
975 4180 1172 4242 ascenden-tem.
1185 4184 1485 4242 ldestAntichristum.
1497 4182 1552 4243 Ubi
1562 4193 1642 4246 enim
1657 4194 1686 4247 in
1697 4207 1766 4246 sacro

133 4273 210 4327 niam
224 4267 351 4325 diabolus
364 4270 433 4324 nihil
447 4269 568 4339 amplius
583 4269 742 4339 prmi'alebit
756 4271 784 4322 in
799 4287 924 4340 corpore,
940 4274 1086 4360 Deloquio
1101 4272 1282 4345 singulariter
1304 4272 1393 4330 bestia
1407 4276 1532 4347 ponitur,
1555 4279 1618 4349 ipse
1638 4281 1766 4352 rualigno·

135 4377 220 4432 quarn
230 4360 303 4429 quod
319 4352 466 4430 praevaluit
479 4358 508 4409 in
521 4359 620 4427 capite.
639 4350 669 4411 Et
692 4362 782 4411 iratus
794 4365 832 4411 est
850 4361 933 4413 draeo
975 4380 1037 4416 rum
1051 4364 1201 4434 spirituum
1221 4365 1348 4436 princeps
1361 4382 1410 4436 per
1420 4365 1497 4418 illam
1511 4362 1766 4439 designaturllnde

135 4453 167 4503 in
182 4452 328 4502 ntutt'crem
347 4448 377 4501 id
388 4455 440 4511 cst,
452 4452 549 4500 contra
559 4455 684 4500 sanctam
697 4445 848 4501 Ecclesiam
861 4464 933 4521 quae,
975 4459 1019 4504 est
1034 4471 1039 4504 z
1057 4454 1143 4506 Bestia
1155 4456 1219 4519 apri
1229 4455 1332 4507 scindet
1342 4470 1393 4506 cos.
1416 4449 1453 4506 Et
1467 4444 1557 4508 isaias
1575 4475 1581 4509 ι
1604 4451 1680 4511 tiata
1692 4461 1765 4515 bestia

137 4538 212 4594 sicut
227 4537 292 4603 dixi,
308 4535 411 4590 rnulier
425 4536 591 4607 appellatur,
608 4537 674 4606 quia
686 4536 846 4607 spirituales
862 4533 935 4591 lilios
977 4557 1031 4593 non
1042 4534 1225 4609 pertransibit
1239 4558 1288 4610 per
1303 4559 1373 4596 coiit.
1399 4537 1454 4597 Ubi
1472 4560 1537 4597 vero
1553 4545 1765 4614 particulariter,

135 4635 261 4702 generat.
274 4622 308 4682 Et
320 4628 389 4681 obiit
404 4631 493 4692 locere
500 4628 630 4694 percitum
648 4643 710 4678 rrum
727 4628 841 4694 reliquis
852 4630 883 4679 tte
896 4644 935 4679 se·
975 4629 1016 4682 vel
1028 4624 1157 4682 universa
1165 4626 1322 4683 daemonum
1336 4633 1528 4700 pertentaret
1537 4624 1674 4689 bestiales
1686 4624 1767 4688 homi·

134 4724 208 4776 retine
233 4723 301 4788 ejas.
324 4716 401 4771 Fecit
414 4713 526 4786 quidem
541 4715 625 4770 draco
647 4715 774 4784 pralium
802 4712 932 4784 cumbis,
976 4734 1041 4770 num
1056 4725 1151 4771 motus
1166 4717 1371 4788 exprimuntur.
1387 4710 1466 4773 Unde
1481 4726 1547 4774 est:
1575 4722 1675 4777 Omnes
1689 4715 1766 4777 ¹bestia

134 4809 183 4880 qui
198 4809 310 4863 luerunt
326 4813 392 4860 ante
407 4803 519 4858 Domini
535 4804 686 4858 adrentum
703 4804 777 4869 boni,
793 4810 866 4858 sicut
881 4804 932 4858 tuit
974 4810 1038 4874 oprt'
1048 4798 1236 4860 tetdontr'bz'.Et
1250 4804 1399 4878 Apostolus
1411 4800 1620 4865 -St'secundum
1637 4813 1764 4866 ttoint‘nen

134 4890 286 4961 Abraham,
299 4895 378 4950 Isaac
393 4901 421 4948 et
433 4895 446 4947 J
450 4893 527 4952 acob,
547 4899 572 4946 ct
585 4893 733 4957 multicia,
747 4893 796 4947 scd
812 4886 932 4963 atnpl'ius
973 4897 1009 4947 ort
1020 4896 1116 4947 bestias
1123 4899 1246 4962 pupaori
1255 4892 1361 4963 Eptteti.
1370 4889 1422 4950 Et}
1439 4897 1577 4953 Cretenses
1587 4906 1763 4969 sempermcn-

134 4986 352 5055 postadvcnturn
365 4981 588 5052 Filiiltei‚coepit
604 4983 700 5036 saevire
718 4998 780 5035 curn
803 4983 927 5052 reliquis,
971 4984 1059 5045 daem,
1078 4980 1265 5036 ntotcbestt'a.
1292 4976 1344 5036 llic
1357 4982 1465 5055 itaque,
1489 4984 1565 5041 sicut
1591 4987 1659 5057 dixi,
1684 4986 1762 5041 bestia

136 5070 184 5140 qui
199 5079 280 5124 crant
291 5072 324 5124 de
337 5069 444 5124 semine
459 5072 530 5141 ejuS,
547 5065 574 5123 id
598 5078 641 5124 cst
664 5085 727 5124 cum
752 5071 887 5142 apostolis
903 5078 931 5124 ct
972 5089 1034 5142 qutc
1049 5069 1176 5125 ascendit
1190 5069 1225 5125 de
1237 5071 1319 5137 mari,
1334 5067 1476 5127 diabolum
1493 5075 1647 5146 significat.
1665 5076 1710 5147 qui
1723 5092 1761 5129 ss

135 5160 315 5230 martyribus,
333 5176 402 5229 quos
416 5177 466 5230 per
480 5158 605 5213 membra
620 5177 671 5213 sua
687 5159 834 5216 crucifixit.
851 5169 931 5213 ustu-
972 5160 1066 5214 cendit
1080 5160 1256 5213 discordibus
1271 5159 1464 5231 reproborum,
1481 5171 1514 5217 ut
1533 5166 1658 5235 aniplius
1669 5164 1759 5228 savia,

135 5248 214 5316 lavit,
229 5247 287 5317 igni
302 5247 427 5304 tradidit.
437 5257 465 5301 ct
480 5248 562 5301 sariis
578 5249 724 5301 tormentis
735 5247 875 5303 cruciarit.
886 5248 932 5300 Sc·
973 5249 1081 5303 solutus
1095 5237 1247 5320 peripsum
1264 5244 1402 5319 perditum
1417 5248 1573 5318 hominem,
1585 5253 1633 5322 qui
1644 5259 1760 5307 nascetur

135 5354 201 5392 nien
217 5337 320 5408 quippe
344 5335 471 5388 mulieris
486 5336 599 5388 terbum
616 5337 783 5406 intelligitur
797 5337 931 5407 praedica·
973 5339 1008 5392 de
1020 5338 1099 5409 plebe
1114 5336 1238 5398 iudaice,
1260 5332 1340 5407 juxta
1352 5339 1439 5392 illud:
1457 5334 1518 5393 rrae
1535 5341 1599 5394 Iton
1618 5344 1722 5396 eotuber
1734 5354 1757 5392 tn

135 5428 299 5502 lior1is,quo
318 5431 504 5482 renascuntur
518 5424 654 5493 homines,
672 5433 700 5480 et
724 5426 776 5480 titii
801 5419 851 5480 Dei
875 5426 934 5481 etit.
973 5430 1170 5499 vinctusque.
1182 5419 1754 5500 Utcattotoscensorm‘usretrottienxus).
