3840 6098
161 282 213 341 935
383 283 570 337 llhl'MOh'lS
589 281 830 336 transfluenta.
848 281 964 336 tet’tsb.
984 280 1063 335 tun).
1082 279 1172 333 PARS
1187 281 1208 333 Ι.
1225 307 1258 319 ·-
1274 280 1458 338 ΟΟΜΜΕΝΤ.
1478 285 1570 359 βΙΒΙι.
1740 287 1788 346 att

161 415 191 460 tu
205 407 279 461 enim
294 413 398 460 terram
415 404 525 468 dedisti,
540 404 585 456 illc
601 405 699 458 coelum
717 404 824 469 reddet,
841 409 934 473 tempo
947 434 953 441 ·
964 410 986 464 Α
998 402 1048 464 dit,
1063 418 1153 472 neque
1163 402 1279 456 danrnat
1291 406 1366 466 qnod
1381 406 1483 461 bonam
1494 409 1668 465 voluntatem
1684 414 1789 468 nonha-

161 496 230 549 ralia
245 495 356 560 dedisti,
374 502 478 547 aeterna
490 493 669 546 mercaberis.
998 490 1114 544 iuramus
1128 508 1195 560 erga
1211 507 1259 544 vos

198 586 304 639 obedite
314 586 467 650 prepositis
479 585 574 634 restris
590 586 613 633 et
624 583 758 648 svvljocete
769 580 955 635 eis0bedien·
1032 578 1159 645 Amplius
1167 587 1259 634 (evitem
1268 585 1396 650 ‹bpurcor
1407 586 1504 638 eoslvoe
1513 588 1671 654 facereque
1682 591 1788 644 celerius

160 674 226 727 duan
246 676 290 725 est
312 670 440 725 omnibus
461 668 582 740 prelatis
603 668 882 739 etpraedicatoribus,
910 669 955 722 in·
997 670 1222 721 restituorrobis.
1246 669 1409 724 Voluntatis
1424 673 1539 742 quidem
1551 690 1621 728 meae
1641 681 1684 729 est
1702 677 1788 733 venire

160 766 295 831 quantum
309 759 435 813 doctrina
454 764 482 811 ot
497 774 589 811 trieres
613 757 725 810 illorum
745 763 840 810 sancte
860 763 888 811 et
911 758 955 827 pie
997 755 1031 807 ad
1044 771 1100 819 vos,
1115 755 1232 827 ideoque
1243 766 1350 813 attente
1365 760 1499 830 deprecor
1511 778 1559 814 ros
1573 779 1624 832 pro
1640 780 1685 817 me
1705 781 1787 832 orare,

159 848 290 902 existunt,
308 847 336 901 Si
352 853 445 900 autent
470 863 486 899 a
506 846 549 898 via
569 845 744 899 rectitudinis
772 845 953 905 deviaverint,
996 850 1027 896 ut
1039 844 1094 896 cito
1110 844 1278 899 desiderium
1293 849 1680 919 nveunvimpleaturvenrendi
1691 853 1725 905 ad
1737 870 1786 908 vos.

157 936 231 990 sieut
241 936 342 989 Scriba
352 941 379 988 ot
391 934 534 996 Pharisaei,
543 951 598 987 non
609 934 744 988 faciamus
754 935 954 1004 qualiaagunt,
998 932 1031 983 Et
1041 933 1195 986 notandum
1205 936 1277 1003 quod
1291 935 1379 1005 primo
1391 937 1551 1005 postulabat
1563 939 1599 991 ab
1610 939 1651 992 eis
1662 941 1788 997 orationis

157 1024 205 1079 sed
221 1025 315 1095 qualia
328 1024 432 1085 dicunt,
445 1023 498 1076 nisi
510 1023 580 1076 forte
591 1023 618 1075 in
630 1023 684 1076 sido
697 1023 830 1076 contrarii
843 1023 953 1076 exstite-
996 1020 1160 1089 sull'ragium
1177 1038 1209 1074 ac
1224 1023 1324 1076 deinde
1346 1040 1401 1077 non
1416 1024 1590 1095 simpliciter,
1612 1027 1663 1080 sed
1678 1035 1738 1081 tota
1750 1029 1787 1083 in-

156 1112 220 1167 rint.
239 1113 310 1166 Nam
323 1112 346 1165 si
357 1112 384 1165 in
400 1111 454 1165 fide
466 1111 599 1164 covttrarii
615 1111 783 1173 exstiterint,
797 1127 852 1163 non
861 1111 950 1163 solum
994 1109 1165 1172 tent.ione,et
1175 1110 1248 1162 onvni
1261 1128 1375 1179 prorsus
1386 1112 1479 1166 studio
1491 1114 1565 1183 piam
1576 1116 1735 1169 orationem
1745 1134 1787 1188 pro

154 1201 261 1255 vitandi
272 1209 347 1264 sunt,
365 1201 413 1253 sed
429 1198 512 1253 etiarn
524 1199 662 1268 fugiendi.
677 1200 713 1253 ht
727 1199 750 1251 si
765 1198 835 1252 bene
850 1199 952 1252 doeue-
994 1196 1034 1247 eis
1048 1197 1082 1248 ad
1094 1198 1243 1250 Derninum
1262 1200 1362 1261 tundit,
1378 1200 1508 1269 inquiens
1524 1221 1530 1253 :

155 1291 222 1356 rint,
234 1289 453 1359 discrepaverint
467 1293 561 1342 autern
583 1287 707 1341 moribus
726 1305 743 1341 a
764 1289 885 1347 Christo,
901 1305 951 1342 au·
1029 1287 1098 1338 detes
1112 1292 1205 1338 virttem
1218 1290 1295 1353 poca
1310 1290 1360 1355 qui
1367 1290 1460 1341 eviucr't
1474 1290 1506 1342 de
1521 1293 1643 1344 uterinis
1657 1298 1786 1359 pastorem

155 1379 266 1431 ,fiamus
281 1393 344 1431 eum
360 1376 499 1429 dicentem
511 1376 545 1429 de
556 1375 660 1429 talibus
670 1376 698 1429 in
713 1392 831 1445 persona
841 1375 952 1430 scriba.
996 1389 1128 1439 uvopvnun
1141 1379 1266 1426 onmium
1283 1379 1291 1426 i
1298 1392 1311 1425 >r
1321 1379 1456 1441 saraptana
1467 1382 1627 1431 testamenti
1640 1382 1787 1435 aterailla·

155 1480 217 1517 rum
234 1471 262 1517 et
276 1463 480 1518 Pharisaeorum
497 1481 503 1514 :
515 1463 604 1530 Super
615 1463 774 1516 cathedram-
787 1465 873 1531 Mopsi
883 1463 952 1515 sede·
994 1464 1104 1514 aninum
1118 1467 1241 1514 nostrum
1254 1466 1346 1515 destrae
1360 1466 1509 1517 tllvrn'stuuv.
1522 1465 1598 1519 Deus
1609 1468 1687 1536 pacis
1702 1469 1786 1523 istoia

155 1558 224 1605 runt
246 1552 347 1606 Scriba
373 1555 398 1603 el
423 1551 554 1605 l'ltorisra'
570 1553 683 1603 :orrvnio
704 1566 766 1617 erpo
785 1567 951 1617 necarentque
992 1548 1052 1601 loeo
1064 1549 1231 1618 intelligitur
1245 1550 1320 1603 Durus
1333 1552 1416 1605 Pater
1426 1568 1441 1605 a
1450 1569 1505 1623 quo
1518 1570 1580 1607 vera
1593 1571 1645 1624 pax
1657 1556 1783 1626 procedit,

153 1641 277 1694 dicerint
286 1641 359 1694 cobis
369 1645 472 1692 serrato
486 1644 510 1691 et
522 1642 613 1705 sterile,
625 1640 776 1692 sectandum
795 1654 856 1691 rere
870 1655 951 1705 opero
994 1637 1040 1706 qui
1053 1644 1095 1691 est
1109 1646 1219 1691 amator
1230 1639 1314 1708 paris,
1328 1647 1356 1693 et
1370 1640 1418 1710 qui
1432 1657 1483 1694 nos
1496 1643 1657 1711 pacificavit
1673 1660 1724 1714 per
1733 1661 1784 1699 om·

153 1732 270 1784 illorum
283 1731 367 1782 nolite
380 1730 478 1795 fucere.
499 1729 601 1781 llicvuvt
624 1730 698 1780 euim
717 1731 741 1779 et
761 1743 816 1780 avon
841 1728 950 1793 sariunt
962 1725 1101 1809 p3vviasibi
1114 1743 1163 1797 per
1177 1727 1341 1795 sanguinem
1357 1728 1420 1782 Filii
1432 1729 1485 1789 sui,
1511 1729 1571 1799 ipse
1585 1731 1683 1784 eduxit
1697 1739 1783 1802 pasto·

153 1819 257 1887 (llottlr.
270 1823 337 1883 xxv).
356 1819 410 1884 Ipsi
422 1820 497 1870 em'm
513 1819 692 1883 pereipilant,
711 1819 792 1882 queri
811 1819 947 1868 rationem
992 1830 1050 1866 rem
1067 1832 1200 1884 magnum
1220 1816 1311 1869 ovium
1339 1817 1374 1869 de
1396 1818 1524 1882 mortuis,
1541 1818 1569 1872 id
1585 1826 1630 1873 est
1644 1820 1680 1872 de
1694 1822 1781 1891 sepul·

148 1907 363 1975 prroanhnabus
387 1904 950 1970 vestriscentetum,tvtcvvmpoudtodoc
990 1903 1205 1972 c1·o,quil0cus
1234 1905 1344 1974 proprie
1368 1911 1542 1959 vnortuorum
1566 1918 1620 1969 est,
1649 1909 1782 1962 suscitans

151 1997 261 2062 faciant
275 2000 299 2048 et
311 1990 658 2060 atonpcnteutos.0mnibus
670 1992 782 2061 quidem
792 1991 913 2061 praelatis
921 1996 950 2045 et
990 1991 1067 2044 illurn
1079 1992 1548 2063 tentiadiejuxtaquodipseFilius
1559 1996 1782 2068 appropinquans

150 2082 307 2153 praepositis
333 2081 519 2134 obediendum
546 2087 597 2143 est,
629 2079 682 2132 nisi
706 2081 777 2133 forte
797 2095 814 2132 a
831 2080 948 2133 veritate
990 2079 1781 2149 passioniorabatdieens:Potor,ctov‘r'flcali'tiumtuun

151 2170 214 2223 ndei
230 2168 439 2225 aberraverint:
457 2168 595 2238 precipue
607 2172 704 2221 tannen
723 2168 777 2220 illis
790 2167 838 2238 qui
860 2167 948 2238 pervi-
992 2172 1081 2230 pleon.
1099 2169 1217 2240 xv1t),id
1237 2176 1289 2229 est,
1314 2170 1417 2223 suscita
1436 2170 1537 2224 Filium
1555 2177 1647 2225 tuuvn.
1674 2173 1782 2244 Ecquid

150 2258 250 2327 ghent,
265 2257 318 2309 hoc
329 2263 372 2309 est
382 2256 405 2309 si
418 2256 478 2309 sine
494 2256 701 2309 intermissione
713 2255 828 2325 vigilant
840 2256 869 2309 in
880 2271 948 2325 pres·
989 2257 1054 2310 dicit
1067 2257 1157 2311 eidem
1174 2259 1246 2310 eveus
1260 2258 1342 2311 Pater
1355 2258 1384 2310 in
1404 2258 1530 2329 psalmo:
1546 2261 1682 2327 Essenos,
1698 2264 1781 2328 pieria

150 2345 300 2410 dicatione,
314 2345 341 2397 in
357 2343 430 2397 bono
442 2343 576 2412 exemplo,
585 2350 613 2396 et
626 2358 693 2395 eura
707 2342 874 2396 exteriorum
891 2343 947 2395 sol·
989 2362 1057 2399 rnre.
1076 2362 1197 2411 ersvcrpr,
1211 2347 1468 2412 psalteriumtl’sal.
1489 2348 1555 2415 cvr),
1572 2348 1600 2400 id
1623 2354 1667 2402 est
1686 2350 1782 2404 choras

148 2433 216 2487 liciti
236 2433 397 2497 existentes,
411 2431 532 2502 qualiter
545 2446 595 2500 pro
611 2430 651 2483 eis
664 2430 799 2483 rationem
817 2430 936 2484 reddant
989 2435 1114 2487 oriudum
1131 2435 1273 2487 virtutum.
1288 2434 1336 2487 tui
1351 2433 1439 2488 Filius
1456 2453 1461 2487 :
1488 2437 1645 2502 liavmuam
1663 2440 1781 2492 dilaculo

148 2522 214 2576 Ideo
224 2520 328 2575 subditi
345 2519 549 2574 debemusesse
557 2519 678 2589 prietatis
690 2518 802 2581 nostris,
815 2518 862 2589 qui
874 2518 947 2572 solli·
989 2523 1246 2591 (ibid.).Deusev·go
1259 2523 1444 2576 Patereduxit
1453 2523 1553 2576 Filium
1570 2540 1654 2577 suum
1670 2525 1705 2579 de
1716 2541 1781 2580 mor·

147 2610 195 2664 citi
211 2615 278 2664 sunt
291 2609 325 2662 de
338 2608 427 2672 nobis,
440 2615 536 2678 utpote
553 2623 603 2677 pro
617 2604 696 2660 nobis
707 2607 844 2661 rationem
856 2607 947 2660 reddi·
987 2610 1054 2671 tuiS,
1072 2611 1123 2662 hoc
1134 2615 1177 2663 est
1190 2612 1225 2663 de
1235 2611 1343 2664 inferno
1358 2611 1400 2664 vel
1416 2611 1450 2665 de
1463 2614 1604 2681 sepulcro,
1613 2614 1697 2682 Juxta
1710 2614 1780 2684 quod

147 2699 214 2764 turi,
227 2704 259 2752 ut
272 2714 335 2752 curn
350 2697 454 2767 gaudio
470 2697 522 2749 hoc
541 2696 655 2759 iaciant,
673 2701 700 2748 et
721 2711 776 2748 non
787 2701 942 2764 gerneutes,
986 2699 1296 2768 psalrnusprredixerat:
1311 2701 1371 2752 Non
1381 2701 1593 2753 ‹lubissanctmn
1606 2704 1780 2756 traunvridm

145 2788 174 2841 id
195 2792 247 2857 est,
271 2793 303 2841 ut
321 2803 385 2840 curn
412 2785 509 2838 laetitia
533 2790 561 2837 et
581 2784 723 2837 hilaritate
744 2800 839 2837 curam
857 2784 944 2837 nostri
986 2790 1189 2854 curruptionem
1211 2788 1290 2840 vl’cai.
1311 2791 1363 2848 xvt.
1387 2788 1430 2849 Et,
1455 2799 1488 2841 ut
1508 2789 1548 2840 ita
1569 2788 1709 2854 dicamne,
1724 2791 1779 2861 ipse

95 2937 104 2945 ἱ
145 2882 241 2945 agant,
256 2881 283 2929 et
295 2891 350 2928 uon
361 2889 423 2927 oum
437 2889 580 2927 murmure
590 2879 617 2924 et
631 2871 942 2942 perturbationeanivni,
986 2875 1073 2928 Filius
1085 2875 1231 2928 suscitavit
1253 2875 1435 2945 semetipsum
1457 2892 1506 2945 per
1523 2879 1680 2945 potentiam
1698 2878 1777 2934 verbi.

145 2964 277 3034 quoniam
288 2960 944 3034 plerumquevnalaconversatioetinobedieutia
986 2964 1058 3016 Nam
1070 2963 1142 3016 sieut
1157 2970 1216 3016 tota
1226 2963 1350 3017 Trinitas
1361 2964 1465 3018 crearit
1487 2964 1566 3016 illurn
1589 2966 1734 3020 hominem
1754 2967 1778 3021 ia

144 3019 974 3121 subjectorumadamaritudinemprovocantauimosprae-C
985 3060 1065 3104 utero
1078 3051 1258 3120 virginaliitn
1271 3057 1331 3105 tota
1344 3051 1466 3105 Trinitas
1480 3052 1577 3106 eduxit
1588 3052 1670 3107 illum
1684 3071 1700 3107 a
1713 3071 1778 3108 mor·

143 3140 275 3204 latorum,
296 3140 366 3192 adeo
382 3145 413 3191 nt
436 3138 579 3207 segniores
599 3143 684 3207 atque
702 3136 841 3193 tristiores
869 3138 943 3191 circa
983 3140 1049 3204 tuis,
1064 3140 1195 3209 quoniam
1211 3139 1419 3193 indivisibiliter
1429 3141 1715 3210 operanturillaetres
1723 3160 1777 3213 per·

145 3228 300 3298 proiectum
317 3227 430 3279 illorum
441 3225 563 3278 existant
579 3243 585 3277 ε
602 3225 660 3278 sive
674 3224 788 3278 obedire
808 3225 942 3280 debemus
983 3245 1067 3282 sorva.
1082 3229 1200 3296 Magnus
1214 3235 1308 3282 autem
1327 3235 1422 3298 pastor
1433 3235 1476 3281 est
1489 3229 1627 3283 Douninus
1639 3231 1721 3284 lesus
1734 3232 1776 3300 qui

143 3313 209 3371 illis,
226 3320 259 3367 ut
272 3313 300 3365 in
315 3312 359 3366 die
379 3313 475 3381 judicii
491 3329 555 3365 cum
569 3312 674 3381 gvvudio
700 3329 750 3383 pro
764 3313 844 3366 nobis
859 3314 942 3367 ratio·
982 3317 1015 3369 ad
1029 3333 1131 3385 pascua
1146 3319 1219 3377 vitre,
1235 3322 1264 3369 et
1289 3333 1399 3370 arvvoena
1414 3323 1494 3386 prata
1518 3317 1638 3371 uirentis
1660 3322 1775 3389 paradisi

142 3417 207 3455 nem
222 3401 342 3454 reddant
364 3400 454 3454 semri
475 3401 509 3453 de
536 3400 660 3470 praevale,
681 3406 710 3454 et
730 3417 784 3454 non
797 3409 942 3470 gementes
983 3422 1048 3458 suas
1064 3422 1127 3457 oves
1142 3405 1352 3475 perducit.lpse
1360 3413 1403 3458 est
1415 3411 1510 3474 paster
1519 3405 1644 3475 quidieit
1653 3409 1681 3461 in
1694 3409 1774 3461 Evan-

142 3489 217 3543 anxii
231 3489 265 3543 de
280 3496 374 3543 nostra
390 3489 579 3542 clementiano.
600 3491 655 3543 llos
675 3493 749 3542 evrini
765 3506 820 3544 avon
835 3493 941 3557 expedit
982 3493 1055 3562 gello
1072 3510 1077 3543 :
1096 3494 1148 3559 Epo
1170 3510 1232 3545 seven
1248 3497 1342 3560 postor
1358 3495 1444 3546 batos
1465 3495 1555 3554 (loeva.
1571 3500 1609 3559 x).
1629 3497 1702 3551 Oves
1720 3499 1774 3565 ejus

141 3580 223 3639 vobis,
239 3578 373 3632 subaudis
390 3578 469 3631 utilli
490 3577 628 3647 garriendo
639 3593 733 3630 curam
746 3577 829 3630 vestri
844 3585 939 3648 agant,
982 3587 1049 3634 sunt
1060 3580 1150 3637 electi.
1167 3580 1317 3649 dequibus
1337 3580 1396 3651 ipse
1423 3580 1511 3633 dicit:
1531 3583 1597 3635 Ores
1613 3600 1678 3638 inea
1692 3601 1773 3638 rocem

143 3665 186 3719 vel
202 3682 252 3737 pro
267 3666 344 3721 vobis
356 3668 493 3720 rationem
511 3682 573 3719 cunt
589 3665 704 3718 tristitia
715 3665 841 3719 reddant.
981 3685 1070 3721 ineam
1086 3670 1207 3722 audium
1226 3674 1250 3721 et
1265 3675 1421 3736 separantur
1433 3685 1483 3734 me,
1497 3675 1520 3721 et
1537 3675 1689 3737 eposium
1705 3680 1772 3726 ater·

178 3755 259 3810 Orate
279 3770 332 3822 pro
356 3756 442 3807 nobis.
467 3754 519 3807 llic
543 3752 703 3823 superbiam
731 3754 939 3824 elationemque
981 3773 1047 3809 atoue
1061 3759 1144 3810 daeis
1160 3759 1260 3824 albida.

141 3842 244 3897 mentis
264 3843 449 3913 quorumdam
475 3843 638 3912 pontiticuvn
657 3842 785 3908 destruit,
801 3844 848 3914 qui
872 3850 938 3914 typo
1015 3847 1093 3912 dptet
1107 3861 1160 3908 ros,
1177 3845 1204 3897 id
1220 3851 1261 3898 est
1273 3851 1412 3916 praeparet
1426 3862 1482 3907 ros,
1498 3848 1695 3920 perfectosque
1713 3849 1769 3903 retl-

101 3943 106 3950 ’
143 3931 281 4003 superbia
303 3930 392 3984 inflati
419 3931 608 3999 dedignantur
626 3931 850 4001 deprecarisuos
869 3931 936 3985 sub·
979 3933 1071 3997 datan
1082 3936 1160 3994 catervi
1170 3935 1404 4000 borio,utseciotis
1414 3937 1662 4006 rationalemque,
1674 3940 1768 4004 tociens

137 4023 237 4093 jactos,
251 4027 389 4092 quatenus
406 4037 456 4090 pro
471 4020 511 4073 eis
524 4020 665 4074 orationes
683 4020 812 4074 fundant.
826 4021 854 4075 Si
870 4037 936 4091 ergo
978 4024 1009 4074 io
1023 4022 1172 4088 nobisquod
1182 4024 1288 4089 placcat
1304 4036 1398 4075 coram
1410 4038 1437 4074 sc
1448 4025 1603 4089 perlesurn
1620 4027 1765 4086 Christum,

139 4112 186 4165 ille
196 4111 244 4182 qui
263 4110 298 4164 ad
315 4110 365 4162 hoc
389 4113 501 4161 vocatus
517 4114 589 4161 esta
607 4108 738 4173 Domino,
752 4113 784 4162 ut
803 4110 899 4163 doctor
909 4116 938 4163 et
978 4111 1074 4176 pariesi
1092 4112 1182 4176 pierio
1197 4114 1228 4163 ia
1244 4113 1341 4164 sanilo
1355 4112 1631 4167 sacratorumdurea.
1644 4117 1718 4176 Deus,
1731 4114 1765 4166 in·

139 4199 275 4268 magister
284 4196 541 4265 omniumgentiunv
552 4197 640 4258 lieret,
654 4212 709 4250 non
720 4197 936 4267 estdedignatus
978 4198 1047 4266 quit,
1059 4201 1135 4265 pacis
1147 4203 1219 4265 optet
1234 4215 1278 4252 ros
1292 4202 1324 4251 v'n
1337 4202 1414 4252 ovrvru'
1428 4201 1505 4258 borio,
1518 4200 1571 4255 hoc
1581 4209 1625 4255 est
1634 4203 1716 4256 saciat
1725 4216 1765 4254 sos

139 4292 245 4356 petere,
260 4290 398 4354 quatenus
412 4283 518 4353 proillo
529 4282 647 4351 subjecti
661 4284 730 4353 ejus,
740 4285 1056 4384 quosDonvin‘oDaptos
1067 4285 1095 4338 in
1111 4286 1165 4339 fide
1180 4292 1266 4351 recta,
1282 4287 1311 4339 in
1326 4286 1463 4353 doctrina,
1486 4288 1514 4340 in
1528 4290 1693 4359 operatione
1708 4305 1763 4360 per·

139 4372 309 4443 acquisierat
321 4377 443 4426 orarent.
455 4378 559 4440 quanto
571 4372 660 4441 magis
669 4372 796 4442 indigent
805 4374 880 4444 pleni
890 4374 934 4426 in-
976 4374 1057 4439 lecta,
1070 4379 1102 4427 ut
1114 4373 1226 4444 possitis
1240 4379 1298 4442 eJ‘ur
1319 4378 1486 4429 tvolvmtotcm
1506 4379 1653 4446 perticere,
1669 4381 1763 4446 faeiem

138 4459 222 4522 vidia,
239 4459 346 4531 rapina,
372 4459 491 4528 aliisque
510 4458 584 4512 vitiis
603 4460 731 4530 respersi,
761 4462 934 4515 orationibus
975 4461 1080 4531 ipsein
1099 4464 1171 4515 cobis
1196 4464 1267 4531 qaod
1286 4463 1680 4530 ploceotilli.hv¹obisenirn
1700 4465 1761 4519 nihil

137 4549 326 4620 subjectorum
337 4547 500 4602 subreniri?
515 4549 665 4620 Sequitur:
683 4549 932 4616 donnoamoumn
976 4549 1041 4604 boni
1055 4549 1157 4603 habere
1170 4551 1295 4620 potestis,
1309 4551 1362 4604 nisi
1378 4551 1425 4604 illo
1441 4554 1632 4622 praeveniente
1641 4560 1670 4608 et
1680 4554 1762 4609 subse

137 4641 311 4708 quiobonom
323 4640 518 4691 conscientiam
533 4639 674 4703 laedemus,
685 4640 855 4691 inarantibus
870 4640 933 4693 benc
975 4646 1087 4708 quante,
1102 4641 1183 4708 juxta
1198 4638 1272 4708 quod
1291 4640 1417 4709 psalmus
1431 4649 1538 4698 exorat,
1556 4642 1655 4697 dicens
1670 4660 1676 4696 z
1689 4644 1761 4698 ilice·

137 4731 254 4783 colentes
268 4729 439 4781 eonrersori.
460 4725 930 4797 CulpabaturApostotusasuauis,
975 4729 1097 4779 aa'cordv'o
1107 4732 1167 4795 ejus
1178 4730 1419 4794 praesentasset
1435 4731 1631 4784 arrisericordio
1645 4735 1700 4799 ejas
1709 4730 1760 4783 aab

137 4817 212 4887 quod
228 4833 284 4870 uon
299 4815 431 4885 diligeret
451 4818 563 4884 gentem
590 4829 681 4878 suant,
707 4814 779 4867 sieut
801 4814 930 4884 gentiles,
973 4821 1099 4882 sequetur
1119 4832 1161 4868 ane
1184 4817 1262 4877 tl’sol.
1294 4829 1378 4877 uvnn.
1400 4817 1552 4886 Apostolus
1574 4818 1758 4889 quoquealivs

136 4904 255 4974 ideoque
280 4903 381 4957 blande
409 4918 441 4955 ac
466 4902 658 4972 deprecatorie
680 4902 835 4972 alloquitur
858 4904 930 4969 illos,
972 4903 1040 4955 dicit
1057 4904 1145 4956 :naevus
1164 4907 1262 4970 estqui
1277 4907 1447 4970 operatoria
1463 4907 1540 4959 arabis
1551 4911 1575 4960 et
1586 4912 1696 4974 rottaet
1707 4920 1758 4975 pcr-

137 4992 287 5045 ostendens
302 5007 331 5044 se
344 4991 445 5044 bonnm
462 4991 630 5043 voluntatem
643 4989 746 5043 habere
761 4990 789 5043 in
803 4991 932 5044 ontnibus
972 4994 1050 5057 ficere
1068 4992 1196 5059 (l’lu'lipp.
1223 5005 1267 5046 vn.
1295 4992 1467 5045 Haecautenr
1492 4995 1588 5047 otrvnia
1604 5012 1654 5065 per
1674 4997 1756 5050 lesum

135 5079 305 5143 hominibus,
322 5078 375 5131 hoc
390 5084 442 5138 est,
459 5083 488 5132 et
506 5079 535 5131 in
551 5077 655 5132 Judaeis
674 5085 701 5132 et
724 5078 752 5131 in
767 5079 929 5148 gentilibus.
974 5078 1127 5143 Christum,
1144 5080 1172 5131 in
1192 5078 1318 5133 oratione
1334 5080 1453 5149 perlicit,
1478 5082 1613 5151 queniam
1631 5099 1681 5154 per
1690 5082 1755 5136 illum

136 5166 319 5229 confidimus,
333 5166 433 5236 inquit,
450 5183 503 5235 ego
518 5182 550 5219 ae
560 5166 626 5220 socii
642 5166 707 5231 mei,
723 5166 822 5220 bonam
838 5168 932 5221 volun·
973 5166 1037 5219 iacti
1058 5173 1142 5236 atque
1157 5167 1295 5236 redempti
1307 5183 1404 5220 suvnus
1421 5175 1467 5221 :et
1482 5170 1622 5238 perillum
1634 5167 1755 5242 quidquid

105 5295 107 5300 -
135 5260 223 5310 tatem
238 5270 294 5308 non
310 5253 413 5307 habere
426 5254 454 5306 in
473 5253 603 5307 erunibus
621 5254 789 5315 lvorninibus.
808 5255 876 5309 bene
888 5272 932 5309 ro·
972 5254 1191 5318 bonihabemuS,
1209 5255 1288 5308 nobis
1301 5254 1532 5310 sulnuinistratur
1555 5260 1658 5314 Cuiest
1668 5261 1756 5329 oloris.

134 5344 224 5398 lentes
238 5342 395 5396 conversari
407 5347 465 5395 tam
475 5341 586 5396 ludaeos
597 5359 680 5412 quam
695 5343 824 5413 gentiles.
838 5344 930 5398 Nolite
972 5342 1000 5396 id
1016 5356 1059 5396 est
1073 5343 1131 5396 Deo
1147 5344 1223 5397 Patri
1238 5353 1265 5397 et
1283 5343 1352 5397 lesu
1370 5345 1489 5408 Christe,
1511 5347 1539 5400 in
1556 5349 1654 5402 omnia
1674 5350 1758 5402 lutura

133 5432 244 5503 aliquas
262 5430 454 5485 accusationes
479 5436 530 5483 aut
552 5430 769 5485 detrectationes
793 5432 927 5502 prolerre,
970 5435 1080 5488 secuto.
1097 5434 1193 5489 draca.
1207 5436 1295 5487 ltmen
1311 5440 1404 5488 autem
1424 5434 1602 5490 confirmatio
1617 5444 1662 5493 est
1672 5453 1719 5508 pro
1730 5450 1758 5488 eo

134 5520 266 5596 quoniam
282 5519 451 5576 conscientia
466 5524 563 5572 nostra
576 5518 604 5572 in
622 5519 699 5573 trullo
714 5535 766 5574 nos
780 5521 929 5591 reprehen·
970 5521 1043 5590 quod
1059 5527 1102 5576 est
1116 5522 1175 5588 nat,
1184 5516 1234 5576 ¹vel
1249 5521 1289 5576 ita
1302 5527 1344 5576 est
1359 5538 1457 5576 verum
1471 5528 1503 5577 ut
1512 5523 1592 5579 dixit.
