3818 6104
283 239 475 299 expostulo
495 244 534 303 IN
554 246 630 303 EPP.
653 250 684 307 S.
703 250 821 307 PAULI.
840 281 871 294 -·
891 253 931 308 ΙΝ
951 249 1256 325 pulsanensem
1544 248 1598 310 850

113 367 227 418 vorocat
241 379 292 419 nos
315 370 347 420 ut
368 366 403 420 ud
419 369 544 439 requiem
564 378 675 430 ateruae
688 375 788 438 bea-A
800 377 861 449 piti,
877 378 929 432 hoc
939 383 983 432 est
999 390 1031 432 ex
1043 382 1165 447 utraque
1186 379 1266 446 parte
1294 378 1386 439 acuto,
1398 374 1463 445 quia
1486 374 1597 445 gladius

113 448 188 517 llam,
206 468 290 522 quam
316 452 518 512 sabbatismum
540 461 674 531 appellat,
690 465 758 520 totis
798 465 953 520 materialis
963 469 1083 535 utraque
1096 468 1175 534 parte
1185 467 1285 516 acutus
1295 460 1421 516 membra
1433 461 1547 532 quidem
1556 461 1596 515 di·

113 537 252 594 delemus.
270 541 404 612 Quisquis
419 559 488 613 ergo
497 546 573 601 istud
590 549 640 604 Dei
655 550 757 606 sabba·
796 553 891 608 videre
906 558 1000 625 potest
1013 570 1030 607 a
1042 568 1159 624 corpora
1173 558 1202 607 et
1213 557 1361 622 penetrare
1374 556 1480 605 secreta
1491 550 1594 616 camis,

112 627 192 693 verit,
203 629 363 699 requiescet
375 644 510 704 perpetuo
521 634 556 689 ab
570 638 646 691 omni
661 638 756 695 labore
797 641 867 697 adeo
881 647 915 696 ut
937 642 1060 697 animam
1080 658 1098 696 a
1117 656 1234 712 corpore
1248 639 1335 694 iaciat
1347 639 1434 706 exire,
1446 638 1595 711 ipsumque

112 714 184 771 sicut
197 717 272 773 Deus
288 719 451 789 requierita
464 725 606 780 creatione
620 741 755 784 uovamm
796 746 898 802 corpus
913 729 941 784 in
963 741 1082 784 mortem
1103 728 1282 801 redigat,sed
1308 733 1404 782 tamen
1417 727 1508 799 ipsam
1538 740 1594 782 non

567 806 570 813 ’
796 822 889 890 potest
905 817 1030 873 dividere
1048 817 1220 879 minutatim,
1236 832 1327 889 neque
1352 820 1460 870 secreta
1472 816 1535 887 ejus
1547 831 1596 887 pe·

112 908 159 949 rus
171 910 233 963 erpo
244 896 358 964 inpredi
368 900 398 950 tn
408 899 489 952 ittam
501 904 626 968 requiem
639 908 669 957 ut
680 919 713 958 ne
722 907 755 960 in
796 912 918 961 netrare.
934 905 1016 962 Unde
1027 906 1164 961 Dominus
1177 904 1257 960 dicit:
1274 905 1366 960 Nolite
1375 906 1471 959 timere
1489 920 1531 959 eos
1544 907 1595 972 qui

112 984 153 1037 nis
162 985 756 1063 incidatincredulitatiseremptam.llagna
796 996 924 1050 occs'dant
932 997 1171 1065 romanianum
1182 997 1275 1048 uertens
1286 1009 1343 1048 non
1353 995 1596 1062 possantoocidere

112 1075 166 1126 set
185 1072 318 1127 salutaris
333 1078 376 1127 est
388 1073 468 1140 tides,
482 1076 615 1146 quoniam
633 1079 756 1136 sinehac
795 1082 905 1152 (Mettis.
919 1086 961 1151 x).
982 1081 1132 1153 Sequitur:
1148 1083 1307 1151 Pertinqens
1323 1079 1404 1135 idem
1426 1096 1520 1136 sermo
1542 1082 1594 1137 Dei

112 1157 178 1214 lvari
197 1160 331 1232 possibile
343 1161 437 1229 alicui,
457 1163 530 1217 sieut
544 1166 679 1237 seriptum
694 1175 753 1225 este
796 1186 880 1240 nsque
894 1172 931 1225 ud
940 1172 1106 1225 diuisionem
1120 1168 1277 1239 aninrslac
1294 1171 1593 1240 spiritus,oompopum

125 1246 292 1315 impossibile
315 1253 353 1302 est
375 1251 484 1318 placere
504 1253 555 1305 lieo
578 1253 672 1325 (ltebr.
701 1257 752 1326 ιι).
796 1264 937 1328 quoquest
951 1259 1149 1322 rudoltus-am,
1166 1262 1190 1310 et
1203 1258 1335 1311 discretor
1349 1260 1548 1325 copitationnm
1567 1264 1592 1313 et

111 1333 157 1389 leo
166 1349 223 1388 non
238 1336 395 1402 credit,non
410 1338 552 1407 salvatum
569 1341 617 1395 sed
631 1343 665 1397 ad
676 1344 753 1399 salu·
794 1349 983 1401 intentionum
1005 1347 1103 1400 cordis.
1126 1345 1225 1399 llnima
1239 1342 1366 1410 vivimus,
1379 1344 1491 1415 spiritu,
1504 1346 1534 1401 id
1548 1352 1592 1401 eat

111 1422 197 1478 ulllcit
209 1424 269 1478 sola
283 1425 361 1479 tides.
378 1426 576 1483 Necessarium
591 1436 636 1483 est
645 1432 751 1487 etenim
793 1433 1014 1489 rationabilitate
1024 1431 1294 1504 intelligimua.Vita
1307 1431 1592 1488 uobiscarnaliscum

112 1510 348 1581 perdilectionem
364 1513 439 1579 lidei,
455 1518 654 1572 etconversari
668 1517 751 1589 digne
795 1520 892 1576 bestiis
907 1523 1075 1586 communis,
1090 1522 1163 1576 ratio
1177 1520 1313 1589 spiritalis
1333 1536 1398 1575 cum
1425 1520 1543 1591 angelis.
1557 1521 1592 1576 Et

122 1597 192 1652 tides
211 1598 270 1652 siue
301 1600 430 1670 operibus
441 1609 552 1657 mortua
565 1611 616 1659 est.
634 1605 754 1662 Proinde
794 1616 862 1665 sunt
873 1611 1000 1682 quaedam
1015 1616 1129 1682 peccata
1143 1626 1206 1680 quas
1229 1610 1372 1681 pertinent
1392 1608 1543 1680 specialius
1557 1609 1593 1664 ad

111 1727 113 1743 .
132 1687 312 1741 considerans
331 1688 495 1744 felicitatem
512 1698 654 1763 perpetuas
679 1687 893 1770 vitae‚Bcorpua
908 1716 992 1771 quarn
1012 1700 1047 1754 ad
1067 1699 1197 1770 spiritum
1215 1703 1268 1752 :ut
1281 1703 1324 1752 est
1337 1695 1592 1762 homicidium,tor·

111 1772 206 1829 icens:
221 1775 397 1832 Festinamus
419 1778 474 1832 lide
485 1785 573 1846 recta,
589 1783 752 1852 operatione
792 1787 905 1853 nicetio,
920 1786 1101 1855 adulterium,
1121 1786 1239 1853 furtum,
1254 1785 1592 1856 sacrilegiumetcntara

111 1861 183 1917 roire
194 1862 223 1916 in
238 1863 313 1917 illam
328 1866 454 1935 requiem
464 1868 564 1938 patriae
578 1870 752 1927 coelestisno·
792 1876 870 1941 talia,
885 1893 948 1948 quae
959 1882 1023 1931 actu
1036 1875 1161 1947 corporis
1175 1880 1386 1946 perpetrantur.
1406 1873 1509 1928 lterum
1524 1879 1593 1928 sunt

110 1964 186 2014 uam,
204 1967 238 2004 ne
250 1953 351 2023 aliquis
366 1959 495 2009 nostrum
510 1956 616 2012 incidat
635 1958 665 2012 iu
680 1959 751 2031 idip-
792 1965 848 2018 alia
866 1980 928 2034 quae
941 1964 1085 2036 pertinent
1093 1963 1242 2035 specialius
1256 1962 1291 2017 ad
1306 1962 1438 2033 spiritum
1453 1976 1539 2033 quam
1553 1962 1590 2016 ad

110 2036 234 2093 dulitatis
249 2042 408 2111 exemplum
437 2049 465 2096 et
489 2044 702 2116 desperationis,
719 2050 750 2104 in
790 2068 901 2123 corpus,
917 2058 950 2107 ut
963 2059 1006 2107 est
1021 2053 1127 2116 odium,
1139 2052 1191 2116 ira,
1202 2051 1346 2113 dolositas,
1358 2050 1464 2105 invidia
1477 2056 1591 2106 catera·

110 2126 266 2182 eciderunt.
294 2129 480 2197 Festiuemua,
497 2132 600 2204 inquit,
610 2137 747 2205 quoniam
791 2157 845 2212 que
858 2140 1020 2211 hujusmodi
1034 2156 1095 2212 quae
1109 2142 1170 2195 sine
1184 2146 1249 2194 actu
1270 2139 1394 2210 corporis
1412 2144 1535 2197 constat.
1555 2139 1591 2194 Et

111 2212 198 2269 tsola
224 2216 303 2284 tides,
319 2218 367 2271 sed
383 2218 467 2274 debet
480 2221 545 2276 addi
559 2227 589 2277 et
602 2223 659 2277 vita
684 2225 750 2280 tidei
792 2226 969 2299 quiacorpus
981 2229 1076 2282 anima
1097 2227 1262 2287 vivificatur,
1277 2241 1334 2280 nou
1364 2224 1519 2296 incongrue
1539 2241 1592 2296 per

115 2301 292 2358 Sufficienter
306 2305 381 2359 euim
397 2309 524 2378 exemplo
539 2316 688 2380 parentum
698 2328 750 2367 no·
791 2315 914 2369 animam
928 2331 1079 2387 possumus
1102 2315 1260 2385 intelligere
1280 2319 1395 2385 peccata
1408 2313 1566 2385 corporalia
1581 2331 1587 2367 :

110 2402 274 2457 ocemur,ne
291 2394 320 2447 in
334 2394 454 2464 idipsum
471 2396 644 2453 iutldelitatis
658 2416 750 2456 exem·
789 2420 841 2475 per
854 2404 986 2476 spiritum
994 2420 1061 2458 vero
1074 2409 1187 2475 peecata
1201 2402 1423 2475 spiritaliaque
1436 2401 1466 2457 in
1483 2408 1591 2457 secreto

110 2478 210 2544 lantes,
225 2481 255 2534 in
270 2481 345 2552 quod
360 2482 400 2536 illi
421 2483 593 2555 cecideruut,
615 2488 684 2543 tolia
697 2506 750 2561 pa-
790 2493 892 2548 mentis
909 2491 1192 2567 versantumlterum
1207 2508 1259 2562 per
1286 2506 1436 2562 compages
1456 2489 1591 2546 debemus

110 2566 174 2622 talia
187 2568 229 2622 illi
243 2570 402 2640 passisuut.
790 2581 948 2652 intelligere
962 2580 1148 2652 cogitationes
1165 2596 1227 2649 quae
1242 2578 1295 2634 sibi
1315 2578 1435 2633 invicem
1450 2579 1592 2650 compagi·

109 2657 196 2711 amnt
206 2674 295 2711 sermo
306 2661 391 2721 liutet
400 2662 534 2728 efficeret
544 2666 749 2733 penetrabitior
790 2676 895 2724 nentur
909 2674 938 2724 et
944 2668 1233 2740 conjunguntur,dum
1244 2684 1302 2722 una
1315 2668 1433 2722 alteram
1446 2666 1592 2738 subsequi·

110 2747 138 2799 to
154 2749 283 2815 uncim'ti.
299 2749 433 2818 Apostolo
448 2750 558 2806 dicente
568 2752 747 2820 ethortuute,
790 2765 852 2813 tur:
875 2775 925 2829 per
940 2757 1151 2812 medullasvero
1165 2756 1282 2811 subtiles
1296 2755 1478 2821 intentiones,
1494 2760 1523 2810 et
1536 2754 1590 2810 hoc

109 2832 232 2904 riugredi
242 2834 270 2889 in
281 2836 407 2905 requiem
415 2837 514 2907 patria
523 2839 712 2903 coelestiafide
722 2849 750 2897 et
790 2847 917 2918 estquod
932 2846 1226 2917 subjungitdisuetor
1239 2844 1441 2916 cogitationum
1456 2849 1486 2899 et
1499 2844 1590 2899 intan-

109 2922 406 2993 r,ncaliquisnostrum
417 2925 525 2980 incidat
534 2926 563 2980 in
576 2928 695 2999 idipsum
708 2931 749 2986 iu·
790 2935 898 2991 tionum
911 2934 1012 3000 cordis,
1025 2934 1209 3006 cogitationes
1236 2933 1359 2988 reterens
1377 2930 1414 2987 ad
1427 2948 1587 3005 compages,

109 3012 274 3082 implum,
291 3011 319 3066 ¹¹¹
334 3013 409 3083 quod
423 3013 464 3067 illi
479 3014 747 3080 ceciderunteteue-
757 3037 778 3097 0
790 3023 961 3078 intentiones
968 3023 1003 3077 ad
1011 3021 1205 3077 medullas.lta
1214 3029 1309 3075 autem
1315 3020 1589 3092 jungenduseatiste

109 3108 191 3163 italia
202 3109 296 3180 qualia
305 3109 360 3164 illis
369 3118 523 3166 euenerunt
536 3129 542 3179 ;
555 3113 603 3184 qui
613 3116 745 3184 prostrati
787 3111 941 3166 versiculus
954 3124 961 3159 t
976 3111 1062 3164 Vivus
1075 3115 1119 3165 est
1139 3126 1232 3164 sermo
1244 3109 1295 3164 Dei
1310 3115 1339 3165 el
1352 3108 1449 3164 duom
1460 3114 1490 3164 et
1501 3125 1589 3181 pcne-

109 3201 200 3261 raerto,
222 3202 351 3268 poterant
378 3198 419 3252 illi
442 3200 532 3255 Judoei
553 3202 745 3272 respondere:
786 3200 1003 3254 trabilioromni
1015 3199 1110 3270 gladio
1130 3199 1256 3269 ancipiti,
1272 3204 1302 3252 et
1322 3199 1484 3269 pertingens
1497 3213 1588 3270 usque

109 3298 130 3337 u
146 3282 226 3338 nobis
242 3284 311 3337 talia
320 3285 458 3352 evenient,
470 3287 599 3358 quianon
608 3289 745 3344 habemus
786 3289 820 3343 ad
837 3288 1001 3343 divisionem
1016 3289 1117 3342 anima
1129 3294 1157 3342 et
1166 3287 1331 3342 divisionem
1343 3287 1470 3359 spiritus,
1484 3291 1515 3342 et
1527 3303 1589 3359 per-

109 3376 137 3427 et
150 3371 322 3444 judices,per
331 3390 451 3444 quorum
462 3391 513 3429 ora
522 3375 602 3430 nobis
611 3377 745 3448 loquatur
786 3377 898 3448 tingens
912 3393 1001 3448 usque
1016 3377 1051 3430 ad
1067 3376 1231 3430 divisionem
1244 3376 1422 3448 compaguml
1435 3381 1465 3431 et
1476 3375 1589 3433 aindo-

108 3460 179 3515 sicut
192 3461 232 3515 illi
244 3460 415 3516 habuerunt:
430 3463 494 3519 ideo
506 3465 642 3536 quidquid
656 3467 744 3536 egeri·
787 3482 851 3521 nem
867 3465 1065 3527 medullarum,
1084 3471 1113 3519 et
1126 3465 1263 3520 discretor
1276 3470 1321 3519 est
1334 3464 1539 3534 cogitationum
1559 3472 1589 3521 et

108 3548 208 3605 sabiles
222 3550 338 3604 erimus.
354 3551 396 3605 Ad
412 3552 471 3606 haec
485 3555 635 3624 Apostolus
650 3555 745 3609 volens
785 3554 974 3609 intentionum
984 3553 1196 3611 cordis.Sermo
1206 3568 1272 3622 ergo
1282 3552 1331 3608 uei
1341 3553 1433 3607 Patris
1444 3552 1586 3607 intantum

108 3639 235 3694 cumdem
263 3638 366 3693 habere
387 3656 438 3694 nos
459 3642 583 3712 judicem
607 3659 691 3714 quem
704 3643 745 3697 illi
786 3647 829 3696 est
843 3640 941 3696 eiticax
953 3648 983 3696 et
996 3639 1197 3712 penetrabilior
1212 3639 1288 3692 omui
1302 3639 1395 3710 gladio
1410 3639 1536 3710 ancipiti,
1553 3645 1586 3694 ut

108 3727 167 3798 ‚qui
181 3727 243 3781 illos
254 3734 369 3798 propter
382 3729 608 3785 incredulitatem
625 3732 744 3786 damna·
786 3729 927 3785 disceruat
937 3730 1012 3784 inter
1031 3743 1116 3799 opera
1130 3727 1224 3781 carnis
1238 3732 1267 3780 et
1276 3726 1498 3798 operaspiritus,
1512 3727 1587 3782 inter

108 3816 167 3872 Non
184 3823 227 3870 est
239 3816 290 3869 ita:
308 3817 392 3870 Vivus
407 3823 448 3870 est
464 3818 537 3871 enim
553 3835 646 3872 sermo
659 3819 745 3873 Deiet
785 3819 910 3876 carnalia
925 3816 1233 3889 peccalaetspiritalis,
1247 3816 1322 3870 inter
1335 3814 1517 3887 cogitationes
1536 3815 1585 3873 bo·

108 3920 161 3959 ’mo
176 3904 226 3959 Dei
241 3905 334 3958 Patris
345 3910 374 3958 et
388 3904 511 3961 Verbum
528 3907 614 3961 Filius
629 3913 681 3966 est,
695 3904 744 3978 qui
784 3923 836 3961 nas
852 3908 985 3972 malasve,
997 3912 1025 3960 et
1039 3906 1210 3959 intentiones
1226 3903 1312 3960 bonas
1328 3905 1371 3958 vel
1380 3905 1587 3962 malas.Potest

107 4008 136 4048 ar
144 3993 284 4047 interiecit
301 3994 348 4047 illa
357 4001 489 4048 sexcenta
498 3994 586 4049 millia
596 3995 625 4049 in
633 3996 743 4050 deserto
784 3995 889 4050 etenim
913 3994 1047 4066 cogitatio
1061 3998 1204 4064 utcunque
1225 3991 1299 4047 bona
1317 4010 1388 4055 esse,
1409 3998 1439 4048 ot
1464 3994 1585 4049 intentio

107 4088 198 4145 atem,
210 4081 276 4152 quia
290 4082 316 4135 ei
331 4082 483 4137 noluerunt
496 4084 620 4138 credere.
634 4078 744 4139 llic'est
784 4084 872 4142 mata.
888 4083 973 4139 Verbi
981 4082 1118 4154 gratiamt
1127 4082 1179 4136 sub
1189 4081 1397 4153 comparatione
1413 4083 1583 4154 loquamur:

117 4186 262 4242 nunquam
276 4170 464 4241 mor·itru,sed
479 4188 591 4242 semper
603 4172 677 4226 idem
686 4188 743 4226 ma·
784 4173 833 4227 Est
846 4173 974 4244 quaedam
998 4171 1091 4234 vidua,
1112 4173 1192 4242 cujus
1211 4171 1350 4242 possessio
1369 4171 1550 4227 hereditaria
1567 4190 1585 4227 a

107 4260 175 4332 quod
187 4259 334 4313 Psalmista
348 4260 416 4314 dicit
428 4278 433 4313 :
452 4261 491 4313 Tu
503 4266 596 4314 cratem
607 4263 679 4315 idern
687 4265 743 4330 ipse
751 4310 776 4369 D
784 4262 899 4317 fortiore
910 4260 1202 4326 invaditur,accedens
1212 4265 1307 4315 autem
1318 4260 1352 4316 ad
1364 4260 1488 4332 judicem
1503 4261 1586 4333 legis·

113 4351 165 4415 tui,
183 4348 266 4403 idest
279 4348 599 4413 auniaeternitatistuae,
615 4366 670 4404 non
680 4353 743 4419 defi-
785 4366 838 4421 que
853 4351 1005 4415 doctorem,
1026 4350 1194 4421 deprecatur
1209 4355 1349 4421 ullatenus
1368 4348 1504 4420 suscipiat
1523 4350 1585 4421 ejus

107 4443 175 4506 .c1).
191 4437 242 4490 llic
257 4445 300 4491 est
322 4453 416 4492 sermo
432 4438 478 4509 qui
493 4438 528 4491 de
542 4438 634 4510 seipso
649 4439 718 4495 dicit
734 4460 740 4495 :
784 4457 898 4495 causam
910 4441 1002 4512 sitque
1011 4441 1036 4494 ei
1053 4441 1082 4494 in
1092 4440 1382 4511 auxiliunr‚quatenus
1394 4438 1522 4495 obtinere
1529 4440 1586 4495 has·

107 4528 595 4591 rnoremmeurissenmernpnortem
605 4544 660 4583 non
671 4531 744 4584 ride·
784 4529 934 4584 reditutem
949 4527 1000 4584 sibi
1017 4529 1187 4584 abstractam
1203 4529 1302 4600 possit,
1318 4529 1487 4600 promittens
1496 4528 1585 4594 ei,aut

106 4629 174 4668 narn
194 4615 289 4680 (doun.
302 4616 375 4683 rur).
392 4614 423 4668 Si
437 4614 512 4668 eninr
525 4614 567 4667 illi
581 4615 666 4670 istum
683 4633 743 4672 ser·
784 4624 895 4673 centum
911 4618 1015 4674 solidos
1025 4623 1075 4672 aut
1089 4618 1175 4672 etiam
1186 4633 1243 4671 nou
1258 4617 1394 4670 modicam
1409 4623 1517 4687 purtem
1528 4616 1585 4671 ha·

106 4702 287 4757 deerrassent
297 4709 372 4756 recte
382 4703 521 4757 credendo
532 4703 642 4758 etbene
653 4706 744 4761 viven-
784 4706 913 4762 reditatis
931 4707 1071 4777 ejusdem.
1091 4706 1144 4770 Qui
1156 4705 1242 4776 J‘udex
1257 4704 1416 4775 ingrediens
1437 4704 1584 4758 ecclesiam

106 4797 127 4847 u
137 4792 235 4863 utique
250 4792 399 4863 temporali
422 4798 451 4846 et
472 4798 578 4847 esterna
598 4793 664 4860 vila,
688 4801 742 4849 ter·
784 4796 845 4863 Dei,
861 4795 1014 4867 prosternit
1026 4812 1056 4849 se
1068 4796 1096 4849 in
1112 4794 1221 4858 taciem,
1236 4808 1319 4846 orans
1331 4797 1365 4846 et
1378 4791 1490 4847 dicens:
1507 4793 1583 4848 Deus

106 4880 299 4953 promissionis
313 4881 603 4936 intrarenl.Similiter
617 4889 646 4937 et
654 4900 706 4938 nos
718 4885 742 4940 si
783 4879 1584 4955 {eternaquiomuiajustejudicas.ctquidixistip‘udicate

106 4984 145 5025 lua
155 4985 314 5024 sermonem
335 4971 396 5039 ejus
411 4969 543 5036 vivemus,
560 4972 742 5043 requiemque
782 4968 1585 5043 pupillos,del'euditoriduam(IVEsd.1r),praebemihiho·

106 5056 326 5114 strabimusdste
338 5059 488 5113 sermoDei
500 5058 653 5130 Patris,qui
667 5077 741 5115 sem·
783 5059 828 5115 die
838 5060 984 5125 auxilium,
999 5064 1139 5129 quatenus
1147 5072 1259 5111 causam
1268 5056 1353 5127 hujus
1362 5056 1586 5114 viduoeobtinere

105 5163 146 5201 rm
161 5146 219 5201 Deo
233 5147 328 5212 Patre,
340 5154 368 5201 et
384 5163 434 5217 per
447 5162 531 5218 quem
549 5148 634 5202 Pater
648 5149 743 5203 omnia
783 5149 975 5220 possim.ilaec
988 5144 1233 5216 dicens,cogitatio
1248 5145 1362 5216 quidem
1377 5153 1406 5201 et
1420 5145 1588 5205 verbubona

106 5238 166 5293 lcax
181 5241 233 5295 est,
249 5237 301 5289 hoc
315 5243 358 5290 est
381 5237 417 5290 ad
443 5237 617 5308 operandum
642 5238 741 5305 facilis,
785 5242 861 5300 sunt,
877 5237 926 5291 sed
938 5234 1057 5290 intentio
1069 5249 1189 5305 nequam
1203 5253 1209 5301 3
1227 5234 1360 5306 quoniam
1375 5235 1429 5290 nisi
1443 5235 1527 5292 vidua
1537 5237 1587 5293 ali·

105 5324 196 5381 labore
212 5332 357 5396 operatur:
374 5328 430 5395 lpse
443 5330 520 5380 enirn
537 5328 617 5389 dicit,
634 5332 658 5380 rt
668 5329 743 5395 sacta
786 5325 852 5398 quid
868 5323 1043 5397 promisisset
1057 5323 1133 5393 quod
1148 5323 1194 5377 ille
1209 5329 1377 5395 speraretse
1393 5332 1586 5397 accepturum,

105 5417 743 5485 antequaeunqueuoluitsecit,(Psatcxxxrv,
785 5430 963 5487 nequaquam
972 5411 1587 5485 causamilliussuscapisaet.Hancaubtilita·

105 5503 278 5559 metrabilior
293 5509 456 5576 quoqueest
470 5504 546 5558 omni
560 5505 656 5575 gladio
666 5504 744 5560 auci·
785 5511 843 5559 tem
858 5501 1060 5574 cogitationum
1075 5507 1104 5557 et
1113 5502 1301 5559 intentionum
1311 5504 1405 5563 cordis
1413 5502 1547 5561 discernit
1556 5505 1586 5554 et
