3818 6104
197 280 246 342 ill
401 281 590 336 HhYMONlS
609 279 853 334 usitatissima.
875 277 988 333 liPlSC.
1009 277 1088 332 OPP.
1110 277 1202 332 Pauo
1221 278 1243 332 1.
1266 308 1298 320 -
1317 279 1502 335 nodutim.
1524 281 1617 337 BlDL.
1794 277 1842 338 ii‘i

193 395 866 469 duosdcosadinvenit,unumVeteris'l'estnmenti
876 403 990 464 malum,
1001 400 1106 461 Aliber
1120 401 1199 455 isaiae
1209 402 1343 466 declarat,
1355 405 1451 457 statim
1462 410 1493 459 ut
1503 403 1694 459 Sennacherib
1713 420 1841 460 necemus

193 496 344 556 crudelem,
356 494 438 564 etqui
453 495 542 563 piranis
557 493 701 546 hominum
716 493 887 546 delectetur:
902 491 988 545 alium
1032 496 1074 544 est
1090 491 1218 554 Niniren,
1233 492 1344 561 fugiens
1361 493 1471 563 plagam
1486 511 1569 564 quam
1590 495 1709 565 angelus
1728 495 1841 549 Domini

194 581 567 638 bouunnNoriTestameuti.
583 580 990 652 quemdicuutconsummatio·
1032 579 1182 633 circaeam
1207 580 1319 643 iecerat,
1336 583 1499 637 interiectus
1518 589 1562 637 est
1576 599 1593 636 a
1606 583 1672 636 tiliis
1688 582 1758 646 suis,
1776 599 1838 636 cum

193 689 257 727 nera
278 672 375 726 mundi
393 671 546 728 iacturum.
565 671 667 724 Comra
683 670 733 723 hos
747 671 815 724 dicit
829 670 965 740 proplrcta
982 685 987 718 :
1033 668 1163 722 adoraret
1178 669 1205 723 in
1222 671 1326 739 templo
1343 672 1559 726 Nescothdeum
1570 687 1667 726 suum.
1680 673 1716 725 Et
1731 672 1783 724 hoc
1799 677 1840 727 est

197 785 205 810 t
220 762 293 825 Quid
308 760 436 831 cogitatis
446 766 544 813 contra
553 759 722 813 Dominum?
732 779 744 811 n
757 758 820 829 lpse
833 760 879 828 qui
889 757 993 811 creavit
1034 757 1107 825 quod
1122 758 1249 828 sequitur
1263 776 1287 810 :r
1297 759 1332 812 de
1344 759 1428 812 domo
1439 761 1489 813 Dei
1500 761 1540 814 tui
1553 761 1790 820 interficiamur
1799 760 1838 814 ibi

191 850 339 912 muudum,
357 850 417 917 ejus
432 863 542 916 quoque
557 847 641 901 faciet
654 847 991 901 consuntmationern.Vc-
1032 845 1160 915 puniaris
1172 847 1248 900 uude
1258 847 1392 918 sperabas
1404 848 1546 903 auxilium.
1563 849 1724 919 ‹Sculptile
1734 855 1839 903 etcon·

191 950 351 993 rumtamen
365 936 463 989 scitote
475 935 541 1005 quia
556 951 611 988 non
627 935 889 1006 consurgetdupiex
904 934 992 988 tribu·
1032 933 1120 987 ilattile
1134 951 1234 1004 ponam
1247 937 1571 1008 sepulcrumtuum,qula
1583 938 1770 991 inhonoratus
1780 954 1836 1003 esp

189 1026 322 1092 latio‚nec
332 1024 375 1079 bis
385 1022 706 1094 judicabuntur,quiaiu
719 1025 774 1078 illis
785 1041 855 1094 quos
870 1040 991 1094 praesens
1033 1025 1065 1075 ut
1089 1021 1164 1077 iuter
1179 1040 1242 1078 aras
1258 1031 1287 1079 et
1300 1024 1375 1079 idola
1394 1043 1426 1079 ac
1445 1027 1611 1097 pulvinaria,
1629 1026 1757 1080 nefarius
1772 1042 1836 1080 saa·

188 1114 335 1168 tribulatio
344 1114 454 1183 affligit.
470 1112 595 1166 futuram
606 1113 990 1183 darunationemconsurgere
1031 1111 1095 1180 guis
1111 1119 1176 1166 tuus
1192 1114 1362 1168 effundatur.
1380 1115 1545 1169 Referemus
1562 1116 1619 1170 haec
1635 1116 1785 1170 moraliter
1802 1116 1837 1170 ad

96 1244 100 1251 .
187 1218 243 1257 non
257 1203 333 1256 sinit.
350 1201 594 1272 aspectantibus
609 1200 712 1254 idcirco
727 1202 803 1256 Deus
818 1201 854 1254 ad
869 1217 990 1272 praeseus
1032 1199 1292 1272 hereticosquibus
1308 1203 1476 1273 predicitur,
1488 1205 1564 1274 quod
1574 1221 1637 1258 cum
1649 1204 1772 1275 eapassi
1782 1205 1838 1259 iue-

187 1291 428 1361 intartsupplicia
446 1306 480 1342 ne
494 1289 523 1342 in
538 1296 673 1343 aeternum
689 1296 814 1359 pereant.
1031 1287 1088 1341 rint
1102 1304 1164 1359 quae
1179 1291 1522 1363 dictasunt,nequaquem
1535 1293 1637 1347 animae
1651 1293 1835 1364 deceptorum

225 1400 237 1431 t
255 1380 328 1443 Quia
341 1379 414 1432 sicut
428 1378 514 1449 spina
528 1394 558 1431 se
573 1378 689 1431 invicem
704 1380 938 1448 complectuntur,
950 1378 990 1431 sic
1031 1392 1064 1429 ex
1080 1393 1177 1431 eorum
1197 1380 1340 1435 erroribus
1353 1381 1492 1452 accipient
1505 1382 1617 1435 nomina
1632 1382 1766 1452 amplius,
1787 1399 1836 1438 nec

187 1468 344 1524 convivium
359 1483 455 1520 eorum
471 1466 577 1536 pariter
596 1467 763 1536 potantium.
781 1468 990 1521 consumentur
1030 1471 1166 1535 spargant
1179 1468 1253 1520 ultra
1267 1470 1377 1523 semina
1385 1469 1606 1524 falsitatislitde
1619 1471 1704 1528 darno
1719 1470 1769 1526 Dei
1781 1472 1832 1537 tui,

188 1558 268 1629 quasi
283 1556 390 1627 stipula
404 1556 535 1609 ariditate
555 1556 646 1625 plena,
659 1557 719 1610 »Dc
733 1557 871 1610 haercticis
887 1555 992 1625 specia-
1032 1553 1120 1608 idest
1139 1558 1262 1610 ecclesiis
1279 1559 1495 1628 malignantium
1515 1560 1682 1616 interficiam
1703 1561 1834 1632 sculptile

185 1647 254 1717 liter
268 1646 401 1716 loquitur,
418 1661 537 1714 quorum
554 1645 719 1706 concivium,
736 1645 764 1698 id
780 1644 948 1698 estsocietas
964 1649 991 1697 ct
1033 1647 1062 1695 et
1076 1646 1226 1707 conflatile,
1242 1646 1270 1699 id
1286 1652 1329 1700 est
1343 1664 1456 1701 omnem
1468 1648 1546 1718 pravi
1559 1648 1700 1719 dogmatis
1714 1650 1835 1705 idolola-

185 1734 407 1790 neeessiturllnes
421 1733 550 1788 auricilla
565 1734 604 1787 sic
618 1740 693 1795 sunt,
703 1734 782 1804 quasi
797 1733 885 1804 spinae
899 1749 929 1785 se
944 1732 988 1785 iu·
1003 1719 1127 1787 Btriam.
1145 1734 1174 1788 Si
1189 1735 1264 1788 enim
1279 1753 1362 1789 arara
1377 1737 1498 1807 pecunia
1521 1737 1590 1791 deus
1608 1743 1660 1802 est,
1687 1745 1717 1794 ct
1733 1740 1834 1809 guloso

184 1823 272 1878 ricem
291 1824 515 1893 complectentes.
534 1823 586 1877 Vel
606 1823 760 1877 convivium
781 1839 878 1876 eorum
899 1822 987 1875 altare
1029 1819 1098 1874 deus
1118 1829 1215 1876 venter
1228 1829 1281 1887 est,
1305 1841 1371 1894 ergo
1386 1830 1415 1878 et
1428 1825 1568 1880 haereticis
1583 1827 1642 1896 ipse
1656 1844 1725 1882 suus
1740 1845 1829 1894 error,

182 1913 429 1967 dicitetmensam
441 1911 649 1981 Domini,quam
661 1912 707 1965 ille
718 1911 860 1965 schabese
867 1911 985 1980 jactant,
1028 1925 1110 1978 quem
1136 1913 1331 1967 confinxerunt
1355 1914 1390 1968 de
1416 1906 1642 1977 cordibus'auis,
1671 1917 1779 1972 idolum
1803 1923 1832 1972 et

183 2003 233 2060 sed
249 2017 346 2056 eorum
361 2007 538 2055 sacramenta
551 2001 677 2055 animam
693 2003 828 2063 lacerant,
846 2001 918 2053 sicut
931 1999 985 2069 spi-
1027 1998 1156 2067 sculptile
1172 2006 1264 2069 potest
1279 2001 1344 2054 dici.

182 2084 440 2161 nas-corporalium
456 2090 529 2143 euim
545 2097 642 2143 contra
655 2090 805 2144 Dominum
819 2090 983 2158 loquuntur,
1063 2105 1074 2135 ι
1092 2085 1163 2140 Ecce
1178 2105 1263 2158 super
1277 2095 1386 2143 montes
1410 2089 1497 2160 pedes
1510 2093 1727 2162 evangelizantis
1742 2100 1771 2149 et
1783 2112 1833 2149 an-

182 2185 212 2235 et
226 2181 290 2234 rino
304 2179 408 2234 erroris
423 2195 453 2232 se
467 2177 617 2239 inebriant,
639 2179 736 2248 utique
751 2178 858 2248 pariter
872 2181 981 2248 potant,
1025 2175 1182 2229 nuntiantis
1195 2193 1293 2246 pacem
1310 2196 1316 2230 :
1340 2177 1466 2244 celebra,
1478 2180 1560 2237 luda.
1574 2180 1740 2237 festivitates
1754 2189 1828 2250 tuas,

181 2276 211 2324 et
224 2269 327 2323 idcireo
341 2273 545 2322 consumuntur
555 2275 658 2321 aeterno
674 2267 732 2336 igni
746 2267 892 2337 gehennae,
903 2266 983 2338 quasi
1024 2268 1053 2315 et
1067 2263 1152 2317 redde
1168 2269 1232 2319 vota
1250 2272 1308 2331 tua,
1325 2266 1392 2336 quia
1411 2282 1467 2320 non
1481 2267 1597 2338 adjiciet
1615 2269 1692 2323 ultra
1712 2276 1745 2325 ut
1767 2288 1831 2342 per·

180 2358 286 2430 stipula
300 2357 430 2412 ariditate
444 2357 537 2426 plena.
1024 2355 1149 2406 trauseat
1163 2353 1192 2407 in
1207 2360 1245 2419 tc,
1263 2355 1351 2409 Belial
1366 2356 1512 2410 universus
1526 2356 1643 2412 interiit.
1664 2377 1675 2408 »

217 2465 231 2499 u
249 2448 284 2501 Et
295 2462 327 2501 ex
339 2452 369 2500 te
382 2446 470 2500 exibit
482 2445 610 2515 cogitans
621 2450 719 2499 contra
731 2444 880 2498 Dominum
898 2443 981 2497 mali-

179 2536 258 2602 tiam,
273 2542 369 2590 mente
381 2539 557 2606 pertractans
573 2534 838 2604 prevaricationem.
862 2554 872 2583 a
893 2535 981 2603 Aper·
1340 2498 1456 2566 CAPUT
1474 2496 1510 2554 H·

178 2623 288 2680 tissime
307 2642 404 2680 omnes
419 2623 541 2679 haeretici
557 2629 654 2677 contra
679 2623 826 2676 Dominum
843 2621 981 2675 malitiam
1062 2617 1220 2673 «Ascendit
1234 2620 1281 2689 qui
1298 2621 1442 2692 dispergat
1455 2638 1550 2676 coram
1565 2627 1603 2685 te,
1621 2624 1669 2694 qui
1685 2626 1830 2681 custodiat

179 2716 312 2786 cogitant,
324 2731 387 2768 eum
397 2714 479 2767 Arius
488 2713 555 2766 dicit
565 2713 667 2766 Filium
678 2712 729 2765 Dei
741 2719 899 2765 creaturum
910 2727 979 2775 esse,
1023 2703 1224 2760 obsidionem.»
1234 2708 1365 2778 Legimus
1376 2710 1405 2764 in
1414 2711 1484 2764 libro
1493 2712 1728 2782 Paralipomenon
1739 2715 1827 2784 quod,

178 2802 235 2860 non
249 2805 375 2874 genitum
393 2818 426 2857 ex
440 2801 598 2858 substantia
620 2800 721 2862 Patris,
739 2801 788 2853 sed
799 2800 914 2853 iactum.
932 2800 981 2854 Sa·
1022 2792 1167 2849 obsidente
1183 2797 1371 2852 Sennacherib
1392 2798 1577 2865 Hierusalem,
1598 2817 1654 2854 non
1672 2809 1828 2872 potueruut

128 2942 136 2951 .
178 2893 280 2947 ballius
293 2892 460 2945 dicitrinum
484 2891 514 2943 in
537 2889 673 2944 Trinitatc
697 2905 862 2959 personam3
894 2888 980 2941 ilani·
1022 2883 1244 2955 hierosolymitae
1260 2887 1351 2956 primo
1377 2905 1472 2943 mense
1490 2890 1585 2957 (idest
1603 2891 1701 2961 Aprili}
1718 2893 1828 2946 Pascha

179 2982 273 3035 chaus
284 2980 427 3034 Christum
442 2995 498 3032 uon
516 2995 621 3042 rerum,
635 2978 683 3031 sed
697 2978 905 3048 phantasticum
921 2993 980 3031 cor·
1021 2971 1118 3025 iacere.
1137 2974 1214 3027 Caeso
1238 2980 1332 3028 autem
1347 2977 1470 3031 exercitu
1484 2979 1545 3047 ejus
1561 2995 1612 3049 per
1630 2980 1774 3050 angelum,
1798 2988 1827 3036 et

179 3082 233 3141 pas
244 3068 374 3125 imbuisse
386 3067 497 3121 delirat.
1021 3067 1110 3114 morte
1125 3062 1314 3116 Sennacherib
1329 3065 1469 3130 nuntiata,
1485 3068 1607 3121 secundo
1622 3084 1729 3131 mense,
1741 3070 1769 3123 id
1783 3075 1828 3125 est

215 3178 228 3209 ι
247 3159 313 3210 lime
326 3156 394 3210 dicit
408 3155 544 3210 Dominus
560 3173 566 3207 :
582 3156 613 3210 Si
628 3155 742 3226 perlecti
756 3154 871 3218 fuerint,
889 3161 917 3208 ct
936 3150 1009 3213 itaC
1020 3149 1102 3209 Maio,
1118 3150 1245 3205 fecerunt
1260 3152 1347 3223 phase
1363 3154 1392 3205 in
1407 3152 1571 3208 lutitianit
1584 3171 1650 3225 ergo
1666 3158 1823 3227 propheta:

179 3247 284 3320 piures,
295 3249 335 3299 slc
348 3261 460 3316 quoque
469 3244 662 3306 attondentur,
674 3249 702 3297 et
716 3230 925 3315 pertransibit.»
936 3245 976 3298 Dc
1018 3237 1041 3291 0
1055 3238 1136 3300 iuda,
1154 3255 1188 3293 ne
1199 3241 1236 3293 sis
1247 3241 1394 3305 sollicitus,
1410 3247 1436 3295 et
1452 3259 1487 3296 ne
1501 3244 1612 3308 timeas,
1626 3246 1692 3314 quia
1705 3246 1826 3303 interfe-

178 3335 395 3408 Assyriis'luxta
417 3334 542 3387 litteram
556 3332 645 3386 dicit:
669 3331 749 3395 Quod
776 3331 798 3384 si
814 3333 928 3402 perlecti
949 3337 978 3387 et
1018 3330 1079 3380 ctus
1100 3333 1143 3381 est
1158 3329 1246 3382 hostis
1261 3334 1337 3383 tuus.
1353 3331 1420 3384 Ecce
1441 3331 1518 3385 venit
1530 3331 1581 3385 tibi
1603 3334 1733 3401 nuntius,
1746 3353 1827 3392 mon·

178 3426 287 3481 robusti
300 3425 415 3483 luerint,
431 3429 590 3493 augeantur
601 3437 719 3475 nutriero
734 3428 892 3474 sanctarum
907 3439 977 3491 gan·
1019 3421 1062 3469 tes
1071 3421 1100 3468 ct
1109 3417 1193 3470 colles
1203 3418 1383 3473 velocissima
1394 3426 1599 3482 transcurrunt,
1612 3428 1642 3475 et
1652 3425 1827 3481 annuntiant

88 3579 92 3585 ,
178 3517 261 3579 dam,
273 3515 313 3569 sic
324 3529 436 3585 quoque
445 3517 571 3565 vastante
586 3510 685 3580 angelo
694 3508 804 3562 Domini
815 3510 980 3564 attondean-
1020 3502 1070 3556 tibi
1084 3521 1180 3574 pacem
1197 3511 1223 3559 et
1236 3507 1430 3561 liberationem
1445 3508 1522 3562 urbis
1536 3509 1570 3562 de
1582 3510 1702 3581 imperio
1714 3512 1826 3569 Senna-

179 3612 236 3669 tur,
252 3605 280 3660 id
297 3610 340 3659 est
353 3604 529 3664 minuantur,
540 3597 979 3669 veluticapilliiorcipefacillime
1021 3593 1129 3651 cherib.
1159 3596 1231 3664 Ergo
1256 3596 1367 3650 celebra
1381 3595 1556 3664 testivitates,
1580 3599 1667 3653 redde
1682 3607 1745 3656 vota
1755 3620 1826 3673 gau·

179 3693 379 3766 preciduntur.
400 3692 433 3744 Et
449 3686 642 3760 pertransibit,
665 3686 798 3740 subaudis
814 3688 912 3751 Assur,
928 3688 980 3740 hoc
1021 3682 1291 3752 dens‚quiasalravit
1301 3691 1329 3737 te
1346 3684 1490 3749 Dominus,
1503 3691 1532 3740 et
1544 3686 1632 3739 Belial
1647 3693 1724 3741 totus
1736 3689 1827 3743 inter·

179 3788 232 3849 eet,
248 3799 309 3837 esse
321 3780 439 3845 desinet,
456 3778 499 3831 vel
518 3781 627 3830 vastato
651 3792 702 3831 suo
718 3774 839 3828 exercitu
862 3782 980 3830 reverte·
1022 3770 1064 3833 iit,
1080 3771 1106 3824 id
1123 3777 1166 3824 est
1179 3772 1269 3825 curnis
1284 3773 1420 3827 exercitus
1436 3790 1499 3827 cum
1519 3791 1584 3844 rege
1599 3792 1661 3830 suo.
1683 3777 1826 3848 iuterpre-

178 3878 227 3928 tur
238 3872 269 3926 in
281 3876 386 3926 meram
401 3884 491 3923 suam.
511 3865 630 3919 «arnul
646 3871 685 3927 te,
698 3871 726 3919 ct
741 3880 797 3918 non
809 3863 931 3934 ailligam
953 3870 980 3919 tc
1021 3863 1098 3913 tatur
1107 3867 1200 3914 autem
1214 3860 1312 3923 Belial,
1325 3862 1430 3932 absque
1438 3864 1516 3932 jugo.
1530 3864 1648 3934 llystice
1663 3866 1826 3937 precipitur

179 3965 263 4020 ultra.
278 3982 292 4017 a
309 3959 482 4015 Subauditur
495 3957 547 4010 hoc
561 3962 686 4026 tempore
701 3970 751 4024 per
770 3953 821 4006 hos
836 3953 940 4018 hostes,
961 3971 978 4007 a
1021 3949 1156 4014 Ecclesia,
1166 3966 1249 4019 quam
1265 3949 1393 4004 diabolus
1403 3951 1569 4021 gravissimo
1576 3954 1646 4022 jugo
1656 3954 1825 4011 idololatriae

179 4052 281 4125 qulbus
309 4065 383 4104 nuuc
408 4045 553 4101 obsideris.
570 4045 641 4098 Nam
664 4043 817 4114 saepissime
841 4059 891 4113 per
907 4043 978 4096 alios
1019 4038 1173 4106 premebat,
1190 4044 1222 4091 ut
1236 4038 1353 4092 liberata
1366 4056 1416 4109 per
1440 4039 1550 4093 Domini
1566 4029 1735 4110 passionem,
1752 4044 1824 4098 cele·

114 4140 118 4147 '
178 4141 356 4214 postmodum
370 4136 465 4190 alllicti
478 4140 554 4188 sunt.
569 4135 650 4188 Unde
666 4133 756 4186 adhuc
770 4133 884 4187 additur
900 4151 905 4184 :
1020 4124 1264 4189 bret-festivitates,
1276 4136 1303 4181 et
1314 4127 1413 4181 reddat
1427 4129 1615 4183 Domiuovota
1625 4130 1823 4187 laudationum

217 4230 509 4282 ‹Dttunccoutcram
523 4221 632 4290 virgam
649 4222 709 4289 ejus
724 4221 855 4274 dedorso
871 4227 929 4284 tuo,
951 4224 979 4274 ct
1019 4231 1082 4268 cum
1102 4216 1209 4285 angelis
1224 4217 1393 4287 interempto
1419 4218 1822 4288 Belia131quaeenimcom-

177 4317 288 4373 muta
300 4320 351 4368 tna
364 4312 566 4380 disrumpatur
584 4309 611 4362 id
628 4315 671 4362 est
683 4325 794 4361 omnem
809 4312 977 4379 potestatem
1018 4304 1170 4357 manicatis
1187 4305 1288 4359 Christi
1299 4306 1333 4359 ad
1341 4306 1451 4360 Belial?
1466 4329 1476 4353 ·
1490 4307 1547 4360 Hoc
1560 4307 1653 4377 ipsum
1668 4309 1820 4366 dicendum

177 4422 263 4480 quam
276 4402 370 4467 hahet,
386 4406 415 4454 et
426 4400 456 4452 in
471 4415 526 4467 qua
549 4397 694 4466 gloriatur,
720 4398 778 4450 sive
792 4397 903 4450 nucula
916 4415 976 4468 quae
987 4427 1010 4484 D
1020 4398 1073 4455 est,
1087 4392 1111 4445 si
1127 4394 1238 4462 quando
1253 4395 1404 4449 Ecclesiam
1415 4413 1432 4449 a
1445 4396 1670 4465 persecutoribus
1684 4404 1713 4451 ct
1722 4400 1821 4454 adver·

176 4491 363 4569 preparabat,
380 4495 412 4543 ut
426 4492 523 4558 captos
536 4485 647 4556 ligaret.
659 4485 764 4538 hltiore
779 4500 873 4550 seusu,
883 4485 906 4538 si
917 4501 976 4555 per·
1019 4480 1101 4534 sariis
1115 4482 1225 4549 liberat,
1242 4489 1274 4536 ut
1299 4484 1421 4538 celebret
1445 4484 1601 4554 spiritualis
1616 4486 1719 4541 laetitiae
1735 4487 1818 4551 festa,

176 4585 241 4640 fecti
253 4581 361 4637 luerint
373 4576 452 4648 impii
466 4576 494 4628 in
515 4573 633 4633 malitia,
651 4579 679 4625 et
693 4572 789 4642 plures
805 4572 833 4625 in
848 4588 976 4636 numero,
1019 4575 1045 4623 et
1057 4575 1151 4624 votum
1165 4572 1321 4640 gratiarum
1338 4573 1437 4627 reddat
1451 4573 1603 4628 Dominus
1620 4574 1820 4648 Contemplare

175 4674 359 4731 attondentur
370 4684 422 4741 per
432 4660 824 4732 mortem,etpertransibunt
838 4661 977 4730 atquede·
1019 4659 1101 4724 viam,
1126 4661 1252 4715 conforta
1277 4661 1394 4727 lumbos,
1425 4662 1526 4716 robora
1557 4663 1690 4717 virtutem
1725 4667 1818 4732 valde,

175 4764 280 4826 ilcicnt,
292 4762 334 4814 ita
345 4765 378 4813 ut
392 4773 446 4811 nou
460 4755 525 4810 aiut.
550 4751 630 4816 Quod
643 4766 707 4804 vero
723 4748 975 4819 sequiturzhillixi
1017 4749 1083 4818 quia
1113 4752 1235 4805 reddidit
1263 4752 1398 4806 Dominus
1427 4752 1587 4823 superbiam
1605 4752 1700 4816 Jacob,
1719 4754 1820 4811 sicsu·

174 4859 213 4918 te,
226 4851 262 4904 ad
277 4848 427 4904 Ecclesiam
442 4843 554 4908 dicitur,
577 4838 772 4913 promittitque
786 4837 810 4891 ei
826 4839 898 4909 quod
912 4846 976 4910 post
1016 4837 1142 4908 perbiam
1167 4840 1334 4909 lsrael‚quia
1355 4845 1508 4893 vastatores
1535 4840 1743 4911 dissipaverunt
1758 4859 1816 4911 eos,

173 4938 356 4995 atlllctiouem
365 4933 509 5005 prtesentis
523 4932 584 4986 ritae
594 4935 730 5000 sequatur
739 4927 893 4981 consolatio
903 4944 975 4981 sem·
1016 4932 1045 4981 et
1064 4928 1232 4999 propagines
1257 4945 1354 4982 corum
1383 4934 1606 4999 corruperunt»
1635 4929 1676 4984 hd
1696 4930 1819 4987 Niniren

173 5016 290 5101 piteruec
300 5022 472 5077 felicitatis«
487 5021 524 5074 Et
535 5020 678 5090 praecipiet
690 5033 775 5089 super
789 5022 816 5070 te
827 5016 972 5080 Dominus,
1015 5032 1126 5070 rursum
1156 5017 1297 5086 prophete
1321 5034 1413 5071 sermo
1436 5018 1578 5087 dirigitur,
1596 5023 1623 5071 et
1639 5019 1745 5073 dicitur
1765 5022 1791 5076 ei
1808 5041 1817 5076 :

173 5123 202 5172 et
212 5130 272 5170 uon
287 5110 473 5166 seminabitur
484 5125 516 5161 ex
530 5107 643 5162 nomine
657 5113 706 5161 tuo
720 5105 851 5178 amplius.
865 5105 973 5159 »ohs-
1015 5105 1127 5176 Absque
1154 5106 1238 5160 dubio
1262 5107 1355 5160 reniet
1376 5105 1644 5166 Nabuchodonosor,
1662 5107 1711 5176 qui
1726 5114 1755 5162 te
1770 5110 1818 5164 de·

172 5192 230 5266 sur,
241 5205 365 5271 neputes
374 5197 492 5252 fortuitu
503 5196 615 5250 ercnirc
625 5197 841 5266 quodpassurus
850 5210 889 5256 ea,
900 5211 970 5263 prae·
1014 5199 1140 5257 structo
1155 5194 1264 5259 Ninive,
1275 5200 1303 5248 et
1313 5212 1396 5265 agros
1406 5199 1469 5248 tuos
1480 5195 1613 5249 devastet.
1627 5194 1697 5258 Quia
1713 5195 1817 5267 igitur?

103 5311 109 5324 ·
171 5294 254 5366 cipiet
267 5286 402 5344 Dominus
417 5290 516 5339 contra
529 5286 637 5354 tc,quia
655 5286 715 5356 ipso
728 5286 971 5356 Jubentesustine-
1012 5283 1174 5338 inevitabile
1188 5283 1238 5337 tibi
1254 5283 1384 5337 imminet
1398 5284 1514 5343 bellum,
1536 5284 1654 5355 praedico
1670 5285 1733 5351 tibi,
1751 5304 1817 5342 con-

100 5435 105 5444 ,
170 5380 366 5448 blsmalnqum
374 5374 507 5447 praniieta
519 5374 682 5426 suntrNoa
692 5375 970 5448 serninabiturcxno·
1011 5372 1147 5444 temptare
1162 5373 1310 5441 diligenter
1324 5373 1395 5425 iiam
1411 5381 1438 5426 et
1453 5373 1508 5428 iter
1520 5391 1571 5443 per
1585 5374 1659 5443 quod
1676 5381 1815 5432 venturus

171 5473 245 5528 ruine
255 5475 315 5529 teo,
329 5492 342 5518 a
358 5466 386 5518 id
403 5471 446 5516 cst
461 5463 553 5515 nullus
568 5468 698 5539 nascetur
710 5478 740 5514 es
757 5470 795 5527 te,
809 5465 855 5533 qui
872 5480 905 5516 ex
918 5469 968 5538 tuo
1009 5468 1052 5516 est
1064 5442 1162 5523 tortor,
1180 5468 1208 5515 et
1221 5461 1333 5529 accinge
1355 5461 1477 5529 lumbos,
1493 5463 1594 5516 robora
1609 5471 1638 5515 et
1662 5464 1813 5523 exhortare

172 5554 413 5618 roseta-sanine,
429 5557 458 5606 et
472 5551 561 5606 haercs
574 5551 636 5610 eius
647 5550 813 5620 appelletur.
835 5551 872 5606 Ut
891 5552 966 5605 enim
1009 5551 1139 5605 virtutem
1151 5551 1287 5604 exercitus
1299 5549 1422 5621 tui,quia
1433 5552 1507 5608 sicut
1521 5552 1598 5607 ultus
1610 5557 1653 5607 cst
1672 5552 1812 5614 Dominus
