3818 6104
216 251 267 311 199
351 209 359 233 Ι
425 247 618 308 HAYHONIS
636 249 884 309 HALBERSTAT.
904 248 1016 324 anso,
1038 250 1117 306 OPP.
1138 251 1231 309 PARS
1249 255 1278 310 1.-
1293 281 1324 295 -
1344 252 1533 310 COMMENT.
1552 255 1647 312 BIBL.
1801 254 1855 314 20⁰

214 379 338 434 vestibus
362 379 450 434 indui.
471 379 592 432 Vocatus
620 393 686 446 ergo
712 376 968 429 Nabuchodonosor
987 375 1046 434 etll
1094 378 1245 438 leulate.
1259 378 1433 433 habitatores
1453 378 1528 432 Pila.
1544 378 1679 435 conticuit
1694 378 1789 434 omnis
1804 394 1854 449 po·

214 470 359 524 chaldeos
372 469 506 542 debemus
520 467 657 536 accipere,
678 481 748 535 quos
767 464 773 516 i
777 481 826 534 pse
844 464 959 517 vocabat
978 463 1014 519 ad
1055 468 1137 536 pulus
1150 469 1295 522 Clranaan.
1308 468 1417 522 »Pilum
1436 469 1486 521 hoc
1501 468 1562 522 loco
1574 485 1621 522 vas
1634 468 1773 522 debemus
1787 467 1856 523 acci·

214 558 371 629 puniendos
385 562 627 627 peccatoresgnam
642 558 670 606 et
683 553 889 624 perlerenriarn
901 567 1012 605 servum
1054 574 1128 626 pere,
1145 557 1174 610 in
1189 574 1243 627 quo
1260 557 1399 611 frumenta
1417 557 1576 628 pinsuntur,
1586 556 1615 611 id
1628 563 1672 612 est
1684 558 1854 620 tunduntur,

214 663 296 701 suum
308 646 375 700 dicit
387 665 412 698 :n
425 642 1011 713 VocavitinquieuslNabuchodonosorser·
1054 653 1082 700 et
1096 654 1139 701 cst
1154 648 1288 717 producta
1304 651 1333 716 pi
1352 646 1469 718 syllaba.
1495 647 1566 700 Nam
1590 647 1666 701 aliud
1687 652 1731 701 est
1751 647 1809 716 pila
1826 651 1857 717 pi

214 752 278 789 runi
290 752 392 789 meum.
413 732 637 797 »Quidamdicm
647 731 767 795 Domini,
780 731 892 800 quando
903 746 1011 800 praepa·
1054 739 1191 802 correpta,
1217 733 1326 811 sphaera
1351 732 1479 787 videlicet
1497 733 1628 803 pilorum,
1645 749 1703 804 qua
1717 732 1798 802 pueri
1812 732 1857 786 lu-

215 825 287 878 ravit
296 824 415 881 hostiani
427 821 555 886 suarn,de
565 820 784 890 primoadventu
793 818 1010 889 ejusarcipiunt,
1055 821 1134 875 dunt.
1149 821 1236 874 lilani
1248 837 1314 891 ergo
1323 822 1446 892 appellat
1455 822 1641 879 Hierusalem,
1656 821 1739 892 quasi
1750 820 1856 875 enimvi

214 913 326 984 quando
334 911 485 982 singularis
496 909 597 972 hostia,
611 909 638 961 id
650 914 694 961 est
706 907 1013 976 verusugnust'hristus
1055 916 1083 963 et
1099 911 1204 980 impetu
1220 911 1362 964 frumenta
1373 911 1490 964 feriente
1504 911 1625 981 desuper
1640 911 1698 981 pilo
1713 910 1854 974 tunditur,

212 1002 376 1055 immolatus
399 1007 450 1053 est.
467 998 587 1052 Vocatos
606 1004 634 1050 et
649 997 845 1072 sanctificatos,
872 996 1013 1066 apostolos
1057 998 1095 1051 ita
1111 999 1145 1051 de
1158 1005 1239 1069 porta
1251 999 1368 1069 piscium
1380 1007 1408 1053 el
1417 999 1451 1053 de
1464 1000 1587 1053 secunda
1596 1006 1683 1071 atque
1696 999 1857 1054 decollibus

213 1095 242 1145 et
255 1107 303 1144 eos
319 1089 366 1161 qui
381 1105 431 1159 per
445 1104 492 1141 eos
508 1088 544 1140 ad
559 1087 642 1140 sulem
657 1091 803 1149 venerunt,
820 1084 993 1152 intelligunt.
1055 1103 1202 1157 proruens,
1218 1088 1348 1141 decurret
1370 1089 1563 1144 Chaldaeorum
1594 1089 1636 1142 vel
1664 1089 1857 1163 Ronrauorum

249 1175 580 1232 «Eteritindiehostirc
591 1173 1013 1243 Domini,visitabosuperprin-
1055 1176 1203 1240 exercitus,
1233 1181 1262 1229 et
1289 1177 1462 1231 comminuet
1475 1177 1579 1232 omnia.
1597 1178 1738 1248 Populum
1763 1183 1856 1232 autern

212 1268 288 1339 cipes
304 1275 433 1337 ctsupcr
459 1266 530 1318 lilios
546 1264 663 1334 regis.»
690 1262 754 1316 Dies
772 1263 870 1316 hostire
890 1261 1012 1323 Domini,
1056 1263 1199 1326 Chanuan,
1215 1252 1520 1334 populumludaeornm
1536 1266 1742 1338 appellat,qnia
1762 1265 1856 1336 impie·

212 1362 324 1428 tempus
340 1363 382 1409 cst
399 1355 522 1409 iudaicae
537 1352 717 1423 captivitatis,
734 1352 846 1422 quaudo
857 1350 947 1404 omnis
963 1367 1010 1420 po·
1055 1359 1127 1406 tates
1143 1354 1364 1408 Clrananarorunr
1374 1354 1512 1424 agebant:
1531 1371 1596 1408 nam
1611 1360 1640 1409 et
1654 1355 1758 1419 Daniel
1770 1355 1856 1426 impu·

212 1446 296 1517 pulus
311 1451 373 1499 erat
387 1443 575 1497 immolandus
592 1440 627 1494 ab
648 1440 793 1506 hostibus,
810 1447 877 1493 tunc
893 1439 1014 1493 visitavit
1055 1442 1148 1496 dicum
1179 1459 1274 1495 senem
1304 1460 1398 1497 semen
1415 1444 1550 1498 Chanaan
1569 1449 1656 1500 vocnt.
1674 1443 1855 1498 Venientibus

212 1534 350 1589 Dominus
365 1549 448 1603 super
458 1531 603 1608 principes
618 1535 645 1583 et
662 1528 825 1600 supersilios
835 1529 908 1598 regis
920 1529 1011 1593 tosiae,
1055 1531 1150 1601 itaque
1166 1531 1302 1591 hostibus,
1319 1532 1508 1586 conticescent
1530 1533 1617 1593 nimio
1637 1538 1727 1599 metu,
1749 1538 1780 1587 et
1796 1549 1855 1587 suo·

214 1622 400 1693 quodomnes
416 1621 568 1692 velcaptos
591 1624 702 1672 constat
717 1618 810 1683 luisse,
840 1617 883 1671 vel
899 1616 1012 1670 occisos.
1056 1636 1119 1673 rum
1147 1620 1284 1673 scelerum
1313 1621 1484 1674 couscientia
1512 1622 1656 1692 exagitati,
1681 1638 1733 1677 nec
1758 1622 1855 1676 saltem

141 1778 145 1788 Ι
214 1711 276 1766 Sive
289 1711 461 1781 generaliter
484 1709 554 1761 tilios
570 1707 653 1777 regis,
670 1708 786 1777 stirpem
814 1706 920 1774 regiam
935 1706 1012 1759 dicit.
1022 1689 1044 1748 B
1054 1709 1143 1763 Deum
1157 1725 1241 1779 quern
1257 1709 1442 1775 attenderunt,
1457 1711 1585 1766 invocare
1597 1710 1756 1766 audebunt.
1773 1710 1854 1765 «nir-

215 1821 226 1852 r
247 1801 280 1853 Et
290 1816 375 1870 super
387 1815 484 1851 omnes
496 1798 541 1867 qui
555 1796 647 1850 incluti
657 1803 723 1849 sunt
738 1801 813 1849 veste
825 1794 984 1866 peregrina,
999 1812 1011 1846 a
1055 1798 1201 1869 perierunt
1215 1814 1312 1851 omnes
1322 1798 1439 1853 involuti
1453 1806 1584 1870 argento·
1595 1820 1608 1853 r
1620 1800 1662 1855 illi
1672 1799 1800 1854 videlicet
1810 1798 1854 1870 qni

211 1889 241 1943 id
256 1895 299 1942 est
312 1887 418 1941 exotica
430 1891 459 1940 et
474 1884 669 1956 pretiosa,sive
684 1901 769 1954 super
783 1885 891 1954 eosqui
905 1901 955 1954 pro
963 1884 1014 1938 Dei
1055 1886 1159 1940 divitiis
1175 1887 1361 1951 confidebant,
1374 1894 1444 1941 etse
1459 1891 1537 1958 quasi
1552 1889 1692 1943 involutos
1701 1896 1732 1942 et
1740 1889 1854 1942 circum·

213 1978 290 2031 cultu
304 1977 378 2031 idola
389 1975 604 2029 venerabantur.
1056 1980 1149 2046 septos
1164 1976 1260 2030 nimiis
1272 1977 1371 2047 opibus
1384 1977 1572 2041 aestimabant,
1586 1984 1615 2032 et
1629 1978 1735 2032 idcirco
1751 1995 1855 2049 ,paupe-

251 2085 263 2117 r
278 2067 312 2120 Et
322 2065 440 2119 visitabo
456 2079 541 2134 super
555 2079 667 2116 onmem
681 2062 729 2133 qui
744 2067 909 2132 arroganter
920 2062 1014 2132 ingre·
1054 2081 1100 2117 res
1115 2064 1314 2134 despiciebant.
1328 2065 1361 2119 Et
1374 2066 1529 2120 notandum
1539 2066 1676 2137 quodnon
1686 2066 1854 2121 luturotem·

213 2156 289 2211 ditur
303 2171 389 2226 super
403 2154 489 2207 limen
505 2152 593 2205 indie
613 2151 677 2217 illa3
693 2170 705 2202 a
718 2151 746 2204 ivl
757 2151 860 2221 ost,qui
872 2151 1013 2221 quondam
1055 2170 1121 2224 pore
1138 2153 1209 2206 dixit
1225 2172 1232 2207 :
1248 2153 1422 2207 conticescet
1437 2155 1582 2217 chanaan,
1598 2163 1648 2210 aut
1666 2155 1852 2226 disperibunt,

129 2244 134 2254 ’
213 2245 286 2299 fastu
311 2251 339 2298 ct
365 2241 511 2312 dignitatis
531 2239 690 2311 supercilio,
715 2238 820 2309 gradus
846 2239 903 2293 sive
929 2240 1013 2292 limen
1055 2242 1152 2295 sedda
1167 2241 1319 2311 praeterito,
1336 2243 1496 2297 aconticuit
1515 2262 1527 2295 n
1543 2243 1852 2314 etcdisperierunt3r

213 2335 311 2406 templi
324 2333 524 2388 conscendunt.
543 2329 576 2383 lu
592 2329 727 2383 Hebraicu
743 2329 860 2383 veritate
871 2329 1011 2383 liabetur:
1056 2330 1122 2400 quia
1138 2330 1212 2400 quod
1227 2330 1381 2384 certissime
1396 2338 1544 2386 venturum
1564 2333 1720 2403 erat,quasi
1736 2335 1794 2404 jam
1808 2350 1854 2389 ve·

215 2446 229 2477 ι
244 2425 296 2490 Qui
311 2422 472 2478 transibunt
487 2419 678 2489 limenpiquod
689 2418 1013 2473 saciuntcultoresvestc
1056 2418 1130 2473 nisse
1146 2419 1321 2489 praevidebat.
1342 2420 1405 2473 Non
1420 2428 1514 2474 autern
1529 2422 1582 2474 soli
1596 2421 1740 2492 peribunt,
1755 2422 1805 2493 qui
1827 2422 1854 2476 in

214 2513 357 2578 daemonis,
376 2512 423 2582 qui
436 2510 521 2563 limen
537 2507 634 2577 templi
651 2507 725 2561 illius
750 2524 805 2560 non
829 2508 947 2572 calcant,
965 2507 1014 2562 sed
1056 2507 1114 2561 suis
1130 2507 1234 2561 divitiis
1245 2508 1414 2578 gloriantur,
1430 2510 1478 2563 sed
1492 2509 1576 2563 etium
1593 2510 1641 2580 qui
1663 2511 1803 2565 inflantur
1820 2513 1854 2566 de

213 2599 508 2674 pertransibuut.ot,lui
519 2596 779 2667 complentdomum
789 2595 900 2650 Domini
912 2596 1012 2649 Deisui
1055 2596 1237 2666 dignitatibus
1253 2598 1356 2661 saeculi,
1384 2603 1496 2652 tument
1520 2615 1591 2652 vana
1617 2598 1775 2662 nobilitate,
1797 2601 1855 2671 pul·

213 2693 361 2762 iniquitate
377 2696 406 2743 et
415 2689 489 2754 dolo;
503 2708 514 2737 r
526 2687 553 2740 id
568 2692 610 2739 est
622 2684 727 2738 divitiis
737 2684 887 2755 iniquitate
896 2685 1011 2754 puratis.
1054 2684 1212 2739 caritudine
1231 2685 1272 2738 vel
1297 2685 1396 2738 robore
1420 2687 1554 2757 corporis,
1572 2687 1736 2758 caeterisque
1756 2689 1855 2743 mundi

212 2780 394 2852 Tropologicc
406 2776 528 2832 haeretici
543 2774 699 2845 peregrinis
710 2774 831 2827 vestibus
846 2774 1011 2836 induuntur,
1054 2773 1223 2828 vanitatibus
1237 2774 1418 2828 extolluntur·

214 2862 1010 2942 qnirelictavrsteOhristi,qnarnaccepimusinbaptismo,
1091 2862 1218 2916 obterit
1235 2863 1262 2916 in
1278 2868 1405 2932 tempore
1417 2862 1465 2917 illo
1478 2862 1624 2918 scrutabor
1640 2863 1818 2919 Hierusalem
1825 2865 1854 2920 in

212 2955 595 3025 assumuntimpictatempro
604 2951 1013 3021 pietate,proveritatemenda·
1054 2951 1185 3009 lucernis,
1200 2958 1228 3006 et
1242 2952 1359 3005 visitabo
1375 2970 1460 3022 super
1475 2953 1548 3006 viros
1566 2951 1671 3007 defixos
1687 2953 1715 3006 in
1741 2953 1854 3008 saecibus

212 3048 296 3103 cium.
307 3044 361 3115 lpsi
373 3041 668 3114 quoquesuperlimen
680 3039 1121 3110 arroganteringrediun-csuis.
1139 3062 1152 3089 »
1167 3040 1236 3093 Cum
1252 3040 1367 3110 (inquit)
1392 3040 1514 3094 Ohaldaei
1538 3040 1580 3095 vel
1594 3041 1712 3096 Romani
1726 3042 1855 3096 venerint

211 3134 438 3204 tur,quiaspreta
448 3129 627 3199 simplicitate
638 3128 866 3190 fidei,llcclesiam
878 3145 928 3198 per
937 3146 1012 3182 erro·
1052 3129 1232 3199 ceperintque
1244 3130 1499 3191 Hierusalem,tunc
1508 3129 1655 3184 scrutabor
1664 3147 1728 3184 cum
1737 3129 1855 3186 lucerua

212 3223 251 3287 ris
266 3223 309 3276 sui
325 3219 551 3292 praedicationem
565 3217 713 3287 iniquitate
734 3223 763 3270 et
776 3217 840 3270 dolo
859 3218 1008 3286 complent.
1052 3218 1147 3271 omnia
1159 3219 1220 3272 loca
1235 3218 1363 3281 civitatis,
1391 3219 1420 3272 in
1436 3218 1537 3289 quibus
1552 3219 1684 3273 abscondi
1708 3225 1852 3290 poterunt,

250 3331 262 3363 r
277 3312 313 3379 Et
323 3309 378 3363 erit
395 3308 424 3362 in
435 3308 480 3361 die
496 3307 552 3376 illa,
570 3306 638 3360 dicit
653 3305 797 3369 Dominus,
810 3322 861 3359 vox
880 3305 1011 3360 clamoris
1052 3306 1137 3361 etiam
1151 3307 1259 3361 cloacas
1268 3313 1297 3361 et
1310 3307 1443 3362 obscuras
1457 3307 1614 3378 speluncas,
1631 3315 1664 3362 ut
1678 3309 1775 3363 nullus
1790 3325 1857 3380 pos·v

147 3457 153 3466 ,
212 3417 229 3455 a
244 3405 325 3471 portu
340 3397 469 3469 piscium,
485 3402 514 3450 et
527 3395 677 3449 ululatusa
690 3394 824 3453 secunda,
839 3402 867 3447 et
880 3393 1011 3448 contritio
1052 3395 1089 3449 sit
1103 3398 1236 3467 elingere.
1253 3397 1321 3463 Iloc,
1343 3398 1390 3467 qui
1405 3396 1615 3451 subversionem
1630 3413 1647 3449 a
1660 3397 1798 3453 Romanis
1815 3397 1855 3452 lu.-

212 3505 315 3560 magna
330 3505 347 3542 a
360 3486 487 3541 collibus.
506 3504 518 3536 a
540 3484 654 3536 Portam
674 3482 792 3553 piscium
818 3499 879 3537 eam
901 3490 1009 3554 portam
1052 3489 1125 3538 ctam
1142 3485 1249 3555 legerit,
1265 3485 1305 3538 ita
1325 3493 1436 3555 gestum
1452 3484 1584 3541 inveniet.
1610 3485 1743 3540 visitabit
1766 3471 1860 3543 etiam

212 3579 366 3634 secundum
379 3577 502 3630 litteram
518 3573 596 3637 dicit,
613 3590 673 3642 quae
689 3571 805 3625 vicinior
814 3578 875 3625 erat
885 3573 967 3640 mari,
982 3578 1011 3626 et
1052 3590 1137 3644 super
1156 3574 1229 3627 viros
1243 3574 1348 3627 defixos
1364 3574 1393 3628 in
1414 3573 1527 3628 lacibus
1537 3573 1605 3636 suis,
1621 3574 1673 3628 hoc
1689 3581 1742 3635 est,
1760 3576 1856 3646 quiin

211 3668 331 3722 ducebat
354 3665 508 3737 Diospolim
533 3668 561 3716 et
582 3663 698 3732 ioppen.
717 3660 853 3731 Quodque
869 3661 1007 3731 sequitur,
1050 3661 1213 3732 corporibus
1224 3663 1377 3715 confidunt.
1391 3661 1553 3732 Despective
1568 3662 1645 3716 enim
1659 3662 1855 3720 tortitudinem

132 3812 136 3818 ,
213 3774 227 3807 u
243 3755 403 3810 Ululatusa
421 3750 554 3811 secunda,
572 3768 585 3800 a
602 3755 710 3818 portam
727 3748 796 3801 dicit
808 3748 923 3802 secundi
938 3748 1011 3802 inuri
1051 3750 1176 3819 corporis
1201 3750 1281 3804 faeces
1297 3757 1384 3803 vocat.
1406 3750 1468 3804 Sive
1482 3751 1587 3805 defixos
1602 3752 1631 3805 in
1644 3751 1760 3807 faecibus
1775 3759 1855 3807 vocat

209 3844 239 3899 in
255 3843 352 3898 eadem
368 3840 453 3893 maris
467 3839 518 3890 via.
542 3837 698 3891 Secundam
713 3842 807 3890 autern
823 3837 1009 3903 Hierusalem,
1050 3845 1221 3908 peccatores,
1237 3839 1284 3908 qui
1299 3838 1501 3893 consuetudine
1520 3840 1661 3910 peccandi,
1684 3839 1769 3895 defixi
1787 3847 1854 3912 sunt

210 3931 337 3994 etiamin
356 3917 426 3982 libro
442 3927 550 3996 Regum
575 3924 712 3994 legimus:
732 3943 744 3976 u
760 3924 837 3978 Misit
855 3925 890 3978 ad
911 3925 1010 3979 Oldnm
1052 3927 1080 3981 in
1094 3927 1152 3981 suis
1166 3926 1313 3989 illecebris,
1326 3945 1376 3982 nec
1386 3928 1421 3981 ab
1436 3928 1477 3981 eis
1486 3927 1647 3999 poenitendo
1657 3928 1735 3999 ablui
1744 3930 1854 3991 volunt.

209 4022 365 4094 propheten
382 4006 495 4072 uxorem
516 4014 683 4087 Sellnm,qui
699 4012 845 4067 habitabat
860 4014 888 4067 in
908 4014 1008 4068 lliern·
1052 4014 1087 4070 Hi
1101 4016 1182 4080 tales,
1200 4015 1274 4086 «qui
1289 4016 1388 4071 dicunt
1401 4016 1429 4069 in
1444 4016 1574 4070 cordibus
1587 4016 1666 4070 suis:
1684 4018 1749 4071 Non
1768 4018 1854 4073 faciet

208 4112 295 4167 salem
310 4109 338 4162 in
353 4105 484 4161 secunda.
507 4122 520 4155 a
546 4103 749 4157 contritionem
772 4103 930 4164 acollibus,
945 4121 1009 4174 per·
1051 4104 1122 4159 bene
1148 4105 1293 4165 Dominus,
1320 4111 1348 4159 et
1373 4121 1429 4159 non
1454 4104 1536 4159 faciet
1551 4104 1632 4168 male,
1652 4124 1664 4157 r
1685 4105 1713 4160 id
1732 4112 1786 4171 est,
1800 4123 1853 4162 nec

209 4198 399 4253 turbationem
415 4193 544 4261 designat
557 4191 592 4245 de
606 4197 699 4244 monto
715 4191 792 4252 Sion,
817 4198 846 4245 et
860 4193 1009 4248 excelsiore
1051 4193 1216 4258 bonisbona
1227 4194 1373 4258 retribuet,
1387 4210 1438 4248 nec
1453 4195 1534 4247 malis
1550 4193 1623 4248 mala
1638 4193 1854 4265 rependet.Tro·

209 4286 316 4340 scilicet
343 4281 419 4338 urbis
448 4283 537 4350 parte,
568 4295 623 4347 qua
642 4284 732 4348 capta,
759 4278 865 4332 lacilior
890 4288 951 4334 erat
971 4281 1007 4334 ad
1050 4284 1175 4354 pologice
1190 4289 1283 4337 autem
1300 4283 1328 4336 in
1339 4283 1384 4336 die
1398 4283 1456 4346 illa,
1470 4282 1553 4337 idest
1564 4282 1594 4336 in
1607 4284 1853 4339 consummatione

209 4390 298 4446 prona
311 4373 470 4425 descensus.
491 4366 671 4436 Tropologice
686 4383 736 4437 per
754 4373 864 4437 portam
880 4365 1040 4438 piscium,ll
1052 4373 1160 4437 mundi,
1172 4371 1344 4426 scrutabitur
1358 4372 1433 4426 Deus
1447 4370 1637 4436 Hierusalem,
1651 4371 1680 4425 id
1697 4377 1742 4427 est
1756 4373 1852 4428 Eccle-

208 4478 307 4519 sensus
325 4465 468 4513 oculorum
488 4454 669 4526 exprimitur,
694 4471 744 4525 per
762 4457 924 4522 secundam,
941 4475 1007 4512 scn-
1049 4461 1119 4514 siam
1130 4461 1159 4515 in
1174 4462 1297 4526 lucerna,
1314 4460 1367 4513 hoc
1381 4470 1424 4513 est
1444 4459 1593 4530 injudicio
1616 4460 1733 4528 Christi,
1749 4461 1797 4532 qui
1819 4478 1852 4516 ex

209 4569 257 4608 sus
270 4549 393 4604 aurium.
409 4546 464 4600 Per
477 4545 528 4597 hos
543 4543 646 4614 quippe
666 4543 736 4597 duos
751 4561 859 4608 sensus,
880 4546 1009 4601 videlicet
1050 4549 1226 4603 humanitate
1242 4553 1352 4602 constat
1378 4553 1406 4601 et
1418 4547 1575 4613 divinitate,
1591 4547 1665 4603 sicut
1683 4548 1801 4603 lucerna
1819 4566 1853 4603 ex

207 4639 339 4698 audiendi
360 4642 389 4692 et
411 4633 531 4692 videndi,
550 4633 670 4687 maxime
685 4641 843 4703 peccatores
862 4635 1009 4705 iudicandi
1050 4642 1122 4692 teste
1134 4645 1162 4692 et
1174 4638 1289 4703 lumine,
1305 4654 1355 4707 per
1375 4653 1458 4707 quem
1486 4638 1560 4691 Deus
1574 4637 1658 4690 Pater
1671 4653 1757 4692 omne
1770 4638 1853 4693 saciet

207 4738 283 4796 sunt,
295 4745 345 4802 per
359 4742 429 4797 quos
444 4721 549 4796 peccati
565 4721 713 4776 delectatio
725 4722 760 4795 ad
776 4740 875 4778 sensus
886 4726 1008 4796 reliquos
1046 4727 1183 4799 judicium
1196 4746 1203 4794 3
1220 4733 1249 4781 et
1258 4725 1382 4780 visitabit
1397 4741 1482 4796 super
1496 4726 1568 4780 viros
1575 4725 1680 4780 deliros
1690 4725 1719 4781 in
1736 4726 1851 4782 laecibus

207 4824 330 4876 emanat.
348 4816 407 4870 Erit
423 4812 645 4885 enimcontritio*
659 4828 760 4882 magna
774 4813 927 4880 acollibus,
942 4816 1008 4886 quia
1049 4817 1117 4877 suis,
1134 4816 1185 4870 hoc
1209 4821 1261 4880 est,
1282 4815 1432 4869 ulciscetur
1455 4813 1483 4867 in
1508 4814 1557 4889 cis,
1583 4813 1685 4885 quibus
1710 4832 1764 4870 sua
1783 4831 1850 4886 pee-

207 4912 368 4964 conteretur
391 4902 526 4974 quidquid
553 4902 646 4957 fuerat
673 4901 824 4955 excelsum.
854 4902 912 4955 Vox
931 4904 1006 4958 enim
1048 4913 1111 4961 cata
1132 4906 1307 4976 placuerunt,
1324 4920 1387 4958 cum
1402 4903 1584 4958 defenderent
1598 4903 1673 4957 mala
1693 4922 1756 4965 sua,
1774 4905 1850 4959 blas-

206 4995 319 5054 Domini
333 5009 417 5063 super
431 5008 542 5045 omnem
557 4990 708 5062 superbum
727 4996 754 5044 ct
770 4998 962 5061 arrogantem,
978 5003 1007 5047 et
1047 4997 1213 5067 phemantes
1237 4995 1336 5051 Deum.
1360 4999 1495 5064 tanquam
1520 4995 1590 5048 tales
1614 5011 1661 5048 eos
1676 4995 1800 5062 lecisset,
1822 5001 1851 5051 et

206 5082 411 5141 humiliabitur.
425 5080 497 5133 Sunt
504 5079 627 5147 quiduas
638 5079 916 5151 portas,baptismurn
925 5081 1005 5136 intel·
1045 5085 1175 5139 tollentes
1189 5083 1393 5154 providentiam
1408 5083 1467 5143 Ilei.
1481 5089 1513 5136 ut
1527 5100 1578 5137 nec
1592 5083 1766 5139 benefacere
1781 5101 1849 5157 pro·

205 5177 298 5246 ligunt
310 5177 339 5225 et
348 5168 550 5240 poenitentiam,
566 5173 594 5221 et
608 5185 625 5221 a
639 5169 730 5240 prima
745 5175 825 5240 porta
838 5186 890 5224 vox
904 5170 1006 5225 clamo
1046 5174 1149 5236 desset,
1159 5190 1211 5228 nec
1219 5172 1329 5227 obesset
1339 5172 1411 5226 male
1423 5172 1524 5227 lacere.
1535 5173 1567 5227 In
1584 5173 1699 5226 lucerna
1711 5190 1779 5244 ergo
1793 5175 1849 5229 llo·

206 5265 246 5320 ris
261 5263 373 5316 illorum
382 5257 445 5321 erit,
456 5256 505 5328 qui
516 5272 571 5309 non
584 5265 766 5313 servaverunt
780 5261 854 5330 quod
871 5260 900 5313 in
912 5260 1004 5332 bapti·
1047 5262 1140 5316 minus
1166 5262 1340 5316 Hierusalem
1355 5261 1526 5315 scrutabitur
1548 5260 1578 5315 id
1592 5266 1636 5315 est
1646 5261 1773 5332 proferet
1786 5280 1851 5319 oru-

206 5369 267 5411 smo
293 5347 493 5422 promiserunt.
518 5345 647 5399 Ululatus
661 5364 678 5400 a
691 5349 822 5414 secunda,
845 5365 942 5404 eorum
958 5350 1005 5422 qui
1047 5352 1094 5405 nia
1103 5351 1267 5406 abscondita
1276 5350 1304 5406 in
1316 5351 1521 5421 lucemNeque
1530 5355 1642 5404 tantum
1656 5350 1692 5405 de
1702 5351 1847 5422 operibus,

205 5459 261 5500 non
276 5445 395 5510 egerunt
418 5434 613 5505 penitentiam
632 5436 666 5489 de
681 5436 723 5491 his
740 5456 801 5509 quse
814 5445 877 5511 post
899 5440 1004 5512 baptis·
1045 5441 1092 5495 sed
1107 5441 1192 5494 etiam
1207 5441 1242 5494 de
1254 5439 1352 5494 otiosis
1366 5439 1542 5495 sermonibus
1557 5443 1586 5494 et
1598 5439 1633 5495 dc
1654 5438 1849 5498 subtilissimis

206 5546 286 5591 mum
293 5523 505 5585 commisesunt·
881 5583 883 5587 ,
1043 5530 1259 5602 cogitationibus
1273 5529 1346 5585 ratio
1360 5530 1408 5585 liet
1420 5534 1450 5584 et
1462 5528 1595 5584 vindicta.
