3840 6098
186 263 238 321 tls
307 252 312 263 ⁸
404 267 592 326 HAYMONIS
612 271 855 329 HALBERSTAT.
878 276 988 333 EPISC.
1009 279 1088 334 OPP.
1108 281 1200 336 PARS
1219 281 1241 336 1.
1266 310 1297 321 -
1317 277 1502 334 COMMENT.
1523 276 1614 334 BIBL.
1771 278 1825 339 ila

184 393 309 444 turaeos
323 391 449 446 homines
461 393 557 456 luisse,
570 394 660 448 officio
676 412 739 449 varo
760 398 883 468 angelos,
900 400 927 453 id
943 405 1111 463 cstAetiam
1125 423 1219 460 mense
1234 404 1353 476 septimo
1366 407 1394 456 ct
1409 398 1640 472 vicesimaprima
1652 402 1699 457 die
1709 404 1822 468 mensis,

186 478 310 542 nuntios,
328 480 374 549 qui
390 482 500 551 populis
514 482 563 534 Dei
580 485 749 538 voluntatem
767 488 981 543 annuntiabant.
1026 494 1126 546 iterum
1141 495 1243 547 luctum
1259 499 1300 547 est
1317 491 1430 545 verbum
1447 491 1558 545 Domitii
1568 490 1597 544 in
1617 506 1704 546 manu
1717 493 1824 563 Augai.

188 563 240 618 Hic
255 581 322 635 ergo
337 568 474 637 propheta
488 570 604 623 nuntius
619 571 733 636 dicitur,
749 574 776 626 id
792 584 833 629 est
855 579 981 646 angelus
1025 583 1131 636 Mensis
1146 583 1282 653 septimus
1296 587 1372 635 totus
1384 579 1498 633 festivus
1508 585 1569 634 etat
1580 584 1665 650 atque
1679 581 1824 637 solemnis.

188 655 320 724 quoniam
336 661 434 726 typum
447 658 577 726 gestabat
591 660 701 714 Domini
718 662 879 730 salvatoris
897 666 985 736 quiet
1024 671 1092 725 ,lure
1107 672 1201 742 itaque
1224 672 1256 725 fit
1275 687 1368 725 sermo
1385 669 1495 723 Domini
1510 669 1545 723 ad
1565 669 1713 739 Aggaeum,
1734 670 1763 724 id
1783 676 1827 726 est

185 741 247 813 ipse
259 744 353 814 magni
364 746 471 800 consilii
486 749 602 816 angelus
611 749 723 805 dicitur.
737 751 816 818 Quod
832 762 926 809 autem
940 756 985 809 di·
1024 758 1164 818 lestivum.
1180 759 1207 811 in
1218 759 1337 829 septimo
1350 757 1390 821 (id
1402 763 1442 811 esl
1457 756 1564 820 festival
1575 772 1681 822 mense,
1695 762 1724 812 et
1739 757 1770 812 in
1783 759 1826 813 vi-

186 830 246 885 cit:
266 849 277 883 a
292 833 414 887 Nuntius
428 833 540 888 Domini
552 835 587 889 de
602 838 708 893 nuntiis
724 841 863 904 Dominis
874 845 929 897 tale
942 852 986 899 est
1024 848 1129 901 cesima
1144 848 1234 918 prima
1255 847 1300 902 die
1326 846 1439 911 mensis,
1455 845 1577 916 impletis
1601 845 1709 900 scilicet
1735 845 1825 901 tribus

187 934 220 973 ac
234 919 258 972 si
268 920 522 993 diceret,propheta
536 925 571 978 de
584 927 726 996 prophetis
742 949 752 978 ι
764 929 820 1000 Ego
830 931 983 997 vobiscum,
1025 934 1256 998 bebdomadibus,
1272 943 1300 990 et
1314 935 1453 1004 completo
1469 933 1826 1005 mystericTrinitatis.Ter

188 1007 257 1061 dicit
267 1008 413 1066 Dominus.
427 1033 440 1059 n
452 1012 515 1065 Non
525 1013 577 1067 hoc
587 1015 621 1067 ad
632 1016 984 1076 Zorobabelnccadlesum
1025 1023 1099 1078 enim
1114 1029 1232 1094 septem,
1249 1023 1347 1092 viginti
1363 1039 1450 1077 unum
1462 1028 1537 1077 sunt.

187 1094 264 1155 dicit,
279 1097 327 1151 sed
344 1098 379 1152 ad
394 1099 527 1170 populum
543 1102 589 1171 qui
605 1104 765 1161 timuerata
779 1107 849 1164 facie
861 1110 983 1168 Domini.
1063 1133 1074 1164 ι
1093 1113 1162 1176 Quis
1185 1113 1213 1165 in
1238 1111 1314 1165 robis
1329 1118 1371 1164 cst
1391 1110 1551 1175 derelictus,
1564 1110 1611 1181 qui
1625 1111 1696 1165 vidit
1709 1111 1825 1166 domum

187 1181 233 1237 Illi
248 1185 322 1239 enim
338 1185 367 1240 in
382 1204 502 1257 persona
512 1189 617 1245 Christi
634 1194 818 1264 accipiuntur,
833 1203 864 1253 ut
877 1200 983 1256 dictum
1024 1200 1107 1254 istam
1122 1201 1151 1254 in
1163 1200 1254 1270 gloria
1264 1216 1316 1254 sua
1329 1200 1442 1270 prima?
1457 1199 1567 1270 Eiquid
1580 1215 1627 1253 vos
1642 1199 1742 1254 videtis
1754 1199 1826 1254 hanc

187 1277 241 1339 est,
253 1279 281 1327 et
296 1290 359 1328 cum
374 1275 415 1329 eis
430 1283 515 1347 atque
530 1278 558 1332 iu
578 1280 618 1333 eis
632 1298 744 1353 semper
757 1291 819 1339 erat
837 1289 980 1344 Dominus.
1026 1289 1120 1344 nunc?
1134 1289 1267 1361 Nunquid
1280 1288 1387 1343 nonita
1402 1293 1446 1343 est
1459 1288 1539 1358 quasi
1558 1304 1614 1342 non
1631 1288 1668 1342 ait
1688 1288 1716 1341 in
1737 1288 1827 1342 oculis

188 1358 335 1416 doniortat
348 1380 414 1434 ergo
425 1365 561 1420 Dominus
575 1371 717 1439 populum,
730 1372 857 1428 dicens:·
869 1377 926 1447 Ego
937 1395 985 1432 vo·
1025 1378 1143 1442 vestris,
1160 1385 1190 1432 et
1203 1394 1277 1432 nunc
1287 1378 1455 1442 confortare,
1472 1375 1633 1441 Zorobabcl,
1649 1375 1717 1430 dicit
1728 1377 1827 1432 Domi-

188 1447 297 1504 bisfflffl
313 1468 386 1517 111111,
398 1470 450 1523 080
463 1471 511 1509 1110
522 1464 614 1512 vester
626 1460 748 1529 adjutor.
767 1483 780 1516 n
1025 1464 1826 1535 nus,etconfortare.lesu,DliiJosedech,sacerdosmagne,

226 1537 287 1592 «Et
300 1539 444 1596 suscitavit
458 1541 594 1598 Dominus
609 1546 739 1616 spiritum
759 1550 920 1613 Zorobabcl,
936 1555 986 1608 filii
1027 1562 1054 1610 el
1067 1556 1234 1618 confortare,
1248 1554 1340 1609 omnis
1359 1555 1478 1625 populus
1492 1559 1584 1618 terrae,
1603 1553 1672 1609 dicit
1690 1553 1827 1609 Dominus

189 1626 335 1687 Salathiel,
346 1628 425 1683 ducis
436 1631 517 1694 Juda,
528 1634 778 1704 etspiritumlesu,
791 1641 840 1694 lilii
849 1642 986 1697 losodech
1027 1643 1210 1705 exercituum,
1226 1648 1255 1697 et
1268 1642 1352 1697 facite
1367 1642 1499 1713 quoniam
1521 1658 1573 1712 ego
1597 1641 1739 1697 vobiscum
1752 1658 1827 1708 sum,

187 1714 342 1770 sacerdotis
358 1719 461 1788 magni,
479 1726 507 1774 et
524 1723 653 1792 spiritum
670 1728 843 1798 reliquorum
858 1731 893 1784 dc
908 1710 1095 1786 omninicit
1108 1732 1244 1786 Dominus
1256 1731 1441 1799 exercituum,
1454 1729 1569 1784 verbum
1582 1730 1655 1801 quod
1675 1729 1766 1800 placui
1778 1746 1829 1784 vo·

187 1802 302 1872 populo.
319 1822 333 1857 u
351 1806 510 1864 Suscitatur
530 1812 645 1882 spiritus
660 1817 811 1872 Zorobabel
827 1825 854 1875 et
869 1821 986 1891 spiritus
1027 1820 1145 1886 biscum,
1159 1837 1222 1876 cum
1236 1819 1439 1890 egrederemini
1454 1820 1488 1874 de
1504 1824 1580 1873 terra
1596 1818 1722 1891 AEgypti.
1741 1818 1828 1873 1011-

186 1888 984 1979 Jesu.utregnumetsacerdotiumaeuiacarcnuemplum.
1027 1909 1201 1963 mantissimc
1214 1909 1373 1963 consolatur
1383 1907 1519 1962 Dominus
1535 1906 1731 1979 populum,qui
1750 1905 1829 1977 prio-

188 1978 473 2054 Suscitaturspiritas
483 1988 584 2058 reliqui
598 1993 703 2061 populi,
712 1994 740 2047 id
751 2000 793 2049 est
802 1995 913 2051 devotio
923 1999 985 2052 ani·
1026 2013 1086 2050 rem
1098 1997 1211 2051 domum
1223 1996 1252 2051 in
1262 2013 1314 2051 sua
1322 1996 1412 2067 gloria
1424 1996 1561 2056 viderant,
1574 1995 1603 2049 in
1617 1995 1698 2065 cujus
1713 2010 1828 2065 compa·

186 2068 227 2125 ani
242 2074 271 2123 et
281 2071 418 2132 voluntas,
428 2078 460 2126 ut
471 2074 576 2129 laceret
585 2094 647 2147 qum
658 2089 828 2151 praeceperat
838 2084 983 2139 Dominus.
1026 2085 1134 2139 rarione
1169 2086 1227 2138 haec
1256 2085 1404 2139 videbatur
1430 2084 1509 2155 quasi
1542 2100 1598 2137 non
1631 2100 1700 2138 esse.
1733 2082 1829 2137 Nolite

189 2175 201 2204 1
216 2156 252 2211 Et
262 2157 501 2227 ingressiaunt,et
510 2163 649 2220 iaciebant
661 2184 730 2237 opus
741 2169 769 2223 in
780 2170 862 2224 domo
873 2171 984 2226 Domini
1025 2173 1178 2243 (inquiensl
1192 2173 1351 2242 desperare,
1371 2169 1458 2225 nolite
1477 2188 1578 2226 manus
1587 2171 1764 2237 submittere,
1773 2187 1828 2242 ego

186 2245 359 2301 exercituum
371 2248 420 2301 Dei
436 2249 488 2303 sui.
509 2270 520 2301 1
538 2251 660 2322 ingressi
676 2263 751 2322 sunt,
763 2259 895 2328 quoniam
910 2261 984 2314 iuras
1026 2260 1101 2314 enim
1116 2277 1178 2314 sum
1190 2260 1343 2321 vobiscum,
1363 2276 1414 2329 ego
1433 2261 1610 2329 omnipotens
1625 2261 1734 2313 locutus
1749 2276 1825 2327 sum,

186 2332 320 2398 exierant,
338 2334 365 2388 id
379 2341 422 2390 est
435 2337 539 2392 suimet
553 2340 631 2394 obliti
647 2352 736 2405 erant,
757 2344 828 2398 sicat
851 2347 984 2416 prodigus
1025 2349 1215 2419 cujusdixisse
1225 2347 1321 2402 iecisse
1332 2352 1415 2404 estet
1425 2346 1672 2417 illainvpleboquae
1682 2345 1825 2401 vobiscum

186 2420 272 2483 iilius,
284 2423 319 2476 de
330 2439 385 2494 quo
395 2425 498 2481 dicitur
508 2429 620 2497 quodin
631 2447 661 2484 se
678 2448 805 2488 reversus
815 2437 984 2505 est,qaando
1026 2436 1129 2508 pepigi,
1160 2452 1222 2489 curu
1249 2435 1347 2488 vosde
1369 2435 1489 2505 AEgypto
1518 2433 1639 2487 eduxi«
1662 2433 1829 2505 Etspiritus

186 2507 308 2565 decrevit
322 2513 358 2567 ad
367 2519 477 2584 patrem
493 2516 593 2570 redire.
1026 2540 1116 2586 meus,
1135 2543 1146 2574 r
1163 2523 1190 2576 id
1203 2529 1247 2577 cst
1260 2523 1392 2577 divinitas
1412 2522 1568 2592 majestatis
1590 2538 1669 2584 meae,
1694 2521 1753 2576 sive
1766 2522 1830 2592 Spi-

507 2661 624 2717 CAPUT
638 2661 666 2717 H
1027 2613 1099 2667 ritus
1112 2618 1236 2673 sanctus,
1252 2613 1333 2680 cujus
1351 2618 1395 2665 est
1412 2611 1504 2665 omnis
1526 2610 1688 2676 consolatio,
1704 2608 1778 2665 unde
1798 2616 1830 2665 et

670 2702 676 2716 '
1028 2700 1185 2771 paracletus
1200 2701 1392 2770 appellatum«
1408 2700 1463 2755 erit
1486 2699 1515 2753 in
1538 2698 1631 2753 medio
1647 2704 1779 2752 vestrum.
1813 2718 1827 2751 a

225 2801 239 2838 s
255 2782 289 2838 In
302 2783 349 2838 die
358 2783 526 2839 vicesimaet
536 2791 637 2856 quarta
647 2788 751 2843 mensis
762 2789 789 2843 in
801 2797 878 2846 sexto
889 2809 984 2849 mense
1026 2790 1075 2844 Est
1090 2795 1183 2843 autem
1195 2789 1239 2842 hic
1252 2794 1311 2842 tuta
1320 2787 1677 2842 commemorota'lrinitas.
1686 2787 1769 2841 Pater
1783 2793 1830 2842 est

185 2873 218 2929 in
229 2888 303 2927 anno
317 2872 439 2927 secundo
455 2873 531 2928 Darii
545 2876 628 2945 regis.
648 2896 659 2926 v
681 2877 834 2948 Coeperunt
848 2881 985 2936 aedificare
1027 2877 1075 2949 qui
1088 2878 1157 2931 dicit
1173 2896 1178 2930 :
1197 2877 1252 2947 Ego
1263 2894 1325 2931 sum
1339 2877 1498 2930 vobiscum:
1513 2877 1609 2937 filius,
1622 2875 1736 2930 verbum
1750 2877 1829 2946 quod

186 2962 285 3017 eodem
307 2976 391 3026 anno,
417 2962 465 3033 qui
484 2979 570 3031 supra
591 2966 698 3034 positus
720 2972 773 3036 est,
788 2977 817 3022 et
838 2969 867 3024 ia
887 2970 984 3026 eodem
1028 2967 1119 3036 placui
1134 2964 1291 3031 vobiscum,
1309 2965 1429 3036 Spiritus
1440 2974 1574 3019 sanctus:
1590 2963 1628 3018 Et
1641 2964 1757 3035 spiritus
1772 2964 1829 3031 (in-

185 3064 294 3114 mense,
305 3049 354 3103 sed
366 3066 420 3105 non
431 3049 563 3105 incudem
573 3053 619 3105 dic
641 3054 731 3125 Supra
741 3055 815 3108 enim
828 3073 899 3111 unus
910 3076 985 3113 vivon·
996 3018 1099 3125 Cquit)
1114 3071 1193 3108 meus
1207 3055 1261 3108 erit
1274 3056 1302 3108 in
1319 3055 1411 3108 medio
1421 3060 1553 3108 vestrum.
1572 3073 1584 3104 ι
1609 3054 1702 3108 Nolite
1715 3053 1827 3119 timere,

186 3137 237 3199 sis,
250 3137 277 3192 id
292 3143 335 3192 est
348 3138 456 3209 primus
466 3139 587 3210 ponitur,
600 3141 643 3195 hic
662 3158 725 3196 vero
741 3143 888 3199 vicesimus
903 3163 986 3216 quar·
1026 3144 1090 3213 quia
1102 3143 1160 3197 haec
1173 3143 1242 3197 dicit
1257 3143 1393 3197 Dominus
1410 3142 1581 3197 exercituum
1602 3159 1609 3194 ε
1625 3142 1723 3196 Adhuc
1738 3157 1829 3197 unum

186 3229 244 3281 tus.
259 3226 297 3280 Ex
312 3243 367 3296 quo
382 3227 565 3297 intelligimus
584 3228 660 3283 iatcr
678 3231 798 3300 primum
823 3233 909 3301 diem,
929 3253 985 3306 quo
1026 3231 1166 3286 modicum
1183 3240 1234 3296 est,
1251 3238 1279 3286 et
1293 3248 1344 3301 epo
1359 3230 1539 3285 commovebo
1558 3231 1659 3286 coelum
1675 3237 1703 3284 et
1720 3236 1830 3284 terram

186 3313 324 3370 Dominus
346 3315 456 3370 locutus
479 3321 522 3370 est
546 3332 597 3387 per
611 3319 755 3388 Aggaeum.
771 3327 800 3374 et
821 3321 983 3378 vicesimum
1026 3327 1055 3375 et
1066 3337 1143 3374 mare
1157 3320 1311 3379 etaridam,
1324 3327 1352 3373 et
1364 3319 1478 3374 movebo
1490 3336 1586 3375 omnes
1599 3317 1832 3389 genteeruan-

188 3408 323 3474 quartum
343 3419 398 3474 quo
415 3405 525 3474 operari
548 3414 700 3476 coeperunt,
717 3407 802 3462 luisse
822 3411 928 3465 medios
947 3413 985 3466 vi·
1025 3409 1061 3464 do
1075 3410 1196 3479 primum
1221 3409 1248 3462 in
1269 3415 1364 3462 monte
1378 3410 1446 3463 Sina
1466 3409 1677 3462 Testamentum
1696 3407 1830 3474 dabatur,

187 3490 259 3562 ginti
280 3492 350 3546 duos
369 3491 437 3546 dies.
453 3492 532 3562 apud
547 3493 677 3548 Hebraeos
692 3494 789 3565 viginti
808 3497 869 3552 duae
884 3499 984 3556 littera
1025 3499 1098 3552 mori
1111 3498 1337 3568 coelum,quando
1345 3497 1421 3550 vobis
1433 3497 1467 3550 de
1477 3497 1546 3551 celo
1558 3496 1667 3551 loculus
1676 3495 1831 3553 sum.movi

189 3585 265 3634 sunt.
282 3580 336 3634 Per
351 3579 403 3633 hoc
413 3580 571 3634 ostenditur
593 3584 725 3652 quoniam
744 3586 861 3656 populus
876 3604 988 3642 necesse
1028 3594 1145 3650 terram,
1158 3587 1270 3656 quando
1285 3586 1560 3657 nveampraesentiam
1572 3587 1660 3657 caligo
1670 3593 1697 3639 et
1706 3584 1831 3640 tenebrae

188 3667 310 3721 habebat
332 3667 425 3722 doceri
451 3674 480 3722 et
492 3668 601 3723 discere
615 3671 750 3724 elementa
765 3675 902 3730 sermonis
928 3677 985 3731 Dei.
1029 3682 1058 3729 et
1071 3675 1155 3732 turbo
1169 3676 1329 3741 cernebant,
1349 3680 1379 3729 et
1392 3681 1424 3728 ut
1439 3674 1587 3728 Psalmista
1602 3674 1644 3728 ait
1665 3693 1671 3727 ε
1691 3674 1794 3729 «Deus
1823 3692 1830 3726 :

189 3755 316 3825 Mystice,
333 3755 457 3826 quandiu
467 3756 496 3810 in
513 3756 565 3811 hac
578 3759 633 3812 vita
643 3763 834 3831 sumusquasi
844 3764 896 3818 sub
906 3763 990 3820 Dario
1031 3779 1094 3817 cum
1115 3763 1289 3834 egredereris
1304 3762 1332 3815 in
1347 3770 1494 3833 conspectu
1510 3761 1604 3832 populi
1619 3761 1671 3823 tui,
1689 3780 1702 3813 v
1718 3764 1747 3815 et
1760 3761 1831 3815 reli·

190 3841 317 3905 vivimus,
342 3843 409 3914 quia
433 3861 498 3898 caro
526 3855 665 3919 repugnat
686 3849 807 3921 spiritui,
830 3858 859 3906 et
872 3854 989 3924 spiritus
1031 3852 1172 3923 qaa,vnovi
1182 3868 1258 3905 mare
1269 3851 1519 3921 Rubrum,quando
1530 3849 1609 3903 divisi
1621 3849 1703 3915 illud,
1713 3854 1742 3902 et
1752 3849 1831 3903 viam

190 3932 279 3997 carni,
304 3937 332 3987 et
346 3933 375 3988 in
396 3940 475 3988 sexto
488 3952 594 4004 mense,
608 3937 637 3991 in
653 3954 708 4009 quo
725 3956 842 3995 numero
867 3945 989 4013 perfecte
1029 3940 1134 4011 praebui
1150 3940 1252 4011 populo
1267 3940 1434 3993 transeunti.
1455 3939 1526 3993 Mori
1541 3943 1568 3992 et
1581 3937 1697 4001 aridam,
1715 3936 1831 4008 quando

82 4060 86 4069 -
190 4019 269 4076 Deus
278 4022 421 4090 omnia,et
430 4023 459 4079 in
473 4025 596 4079 secundo
607 4028 722 4091 nnumin
732 4046 787 4099 quo
798 4047 915 4085 numero
925 4048 988 4087 con·
1029 4029 1201 4083 circumduxi
1212 4029 1345 4100 populum
1357 4027 1633 4099 quadragintaauuis
1641 4025 1766 4097 persiam
1782 4026 1832 4081 in·

190 4115 249 4166 stat
262 4112 365 4166 subolis'
378 4114 655 4183 reparatioNecesse
665 4106 782 4187 asterga
792 4126 823 4173 ut
837 4121 988 4176 timeamus
1029 4119 1102 4171 viam
1119 4124 1148 4172 et
1170 4118 1304 4171 incultam
1328 4123 1412 4186 atque
1425 4116 1532 4169 aridam
1557 4115 1748 4170 solitudinem.
1769 4115 1830 4184 Ego

191 4199 293 4257 aiacis
303 4201 425 4262 Domini,
435 4207 460 4255 et
476 4203 679 4271 ingrediamur.
702 4206 880 4261 otlaciemus
903 4225 988 4279 opera
1029 4205 1124 4276 itaque
1139 4207 1186 4277 qui
1198 4213 1264 4260 tunc
1278 4206 1326 4260 illa
1348 4205 1408 4268 leci,
1435 4204 1527 4258 adhuc
1553 4203 1668 4257 movebo
1690 4204 1752 4274 ipsa
1775 4203 1833 4257 ele·

191 4287 313 4350 Domini,
330 4288 358 4341 id
373 4294 458 4342 estex
480 4291 631 4345 virtutibus
646 4292 764 4347 Domino
780 4296 808 4348 in
824 4295 902 4350 nobis
915 4303 987 4350 tem-
1031 4300 1135 4358 menta,
1152 4294 1225 4364 quaid
1241 4293 1337 4363 utique
1350 4293 1453 4346 iactum
1470 4298 1514 4345 cst
1527 4291 1554 4344 in
1567 4293 1689 4345 adventu
1703 4291 1829 4346 Domini.

190 4375 268 4446 plum
280 4375 875 4454 aedilicemus.Vicesimusquartusdies,qui
893 4366 1102 4439 nume-DNam
1117 4388 1242 4452 tempore
1258 4381 1396 4452 passionis
1420 4380 1506 4439 illius,
1520 4384 1626 4433 motum
1653 4386 1698 4433 1111
1714 4379 1830 4444 coelum,

191 4478 255 4517 rum
277 4462 449 4535 duplicatum
470 4466 555 4520 habet
575 4467 789 4531 duodenarium,
810 4472 938 4542 designat
956 4491 989 4528 ex
1032 4470 1143 4540 quando
1158 4471 1199 4523 sol
1214 4470 1379 4524 obscuratus
1394 4476 1446 4528 est.
1456 4479 1485 4523 et
1499 4469 1620 4522 tenebrae
1628 4469 1708 4522 iactae
1717 4475 1783 4522 sunt
1792 4469 1831 4523 ab

190 4556 312 4624 utroque
321 4553 423 4624 populo
433 4553 550 4608 ludaico
560 4557 912 4628 etgentilicongregandos
923 4561 989 4616 Dde·
1031 4559 1286 4629 horaseatausque
1301 4559 1335 4612 ad
1351 4558 1448 4612 horam
1465 4574 1583 4623 nonam,
1599 4564 1675 4611 terra
1690 4563 1766 4611 mota
1785 4564 1832 4613 est

190 4640 242 4706 les,
258 4649 288 4696 et
300 4642 446 4713 spirituale
460 4644 595 4713 templum
609 4644 869 4704 aediDcaturos.Doc
879 4666 990 4720 quoque
1031 4662 1095 4700 cum
1118 4662 1184 4699 saxa
1197 4646 1379 4709 finderentur,
1394 4645 1523 4715 sepulcra
1551 4651 1734 4714 patescerent,
1766 4645 1832 4714 ipsa

190 4731 351 4796 dicendum,
363 4733 438 4804 quod
452 4733 609 4804 triplicatus
623 4735 783 4790 octonarius
807 4736 904 4807 viginti
923 4756 990 4809 qua·
1031 4751 1142 4806 quoquc
1156 4740 1233 4788 terra
1244 4740 1386 4794 tremeret,
1403 4740 1512 4787 motum
1527 4740 1571 4787 est
1592 4749 1669 4786 mare
1684 4734 1832 4803 presentis

191 4820 373 4891 tuorperlrcit
384 4838 390 4872 :
402 4821 540 4891 quievero
551 4821 735 4884 circumcisio,
748 4840 809 4894 quae
826 4832 923 4878 octava
944 4826 989 4879 die
1029 4824 1133 4888 saeculi,
1144 4823 1255 4878 ilatibus
1263 4824 1420 4878 damonum
1431 4823 1460 4876 in
1470 4823 1636 4877 seditionem
1645 4823 1831 4891 concitatum,

191 4907 287 4971 tiebat,
298 4914 327 4961 et
337 4908 491 4978 spiritualis
505 4911 764 4981 ternpliaedilrmtio,
776 4912 805 4965 in
815 4912 869 4967 lide
881 4920 991 4970 constat
1031 4913 1143 4983 quando
1161 4917 1189 4965 et
1211 4911 1295 4966 draco
1319 4911 1483 4966 interiectus
1504 4918 1557 4976 est,
1583 4911 1611 4964 id
1637 4917 1680 4965 est
1700 4911 1832 4966 diabolus

190 5011 258 5050 sanc
307 4996 461 5050 Trinitatis.
1030 5005 1189 5071 superatus,
1204 4999 1251 5070 qui
1267 4998 1388 5053 cubabat
1401 4998 1429 5052 in
1446 4999 1516 5051 mari
1531 4999 1616 5069 hujus
1630 4998 1731 5053 soeculi.
1743 4998 1834 5053 Movit

228 5111 244 5137 ε
255 5081 289 5137 in
299 5084 418 5154 septimo
434 5100 539 5147 meuse,
555 5087 785 5158 vicesimaprima
797 5089 864 5144 vdie
880 5108 894 5141 a
906 5107 987 5145 men·
1030 5094 1059 5142 et
1072 5088 1192 5154 aridam,
1206 5087 1335 5158 squalida
1348 5092 1376 5142 et
1390 5086 1562 5141 infructuosa
1573 5087 1658 5140 corda
1666 5086 1829 5157 gentilium.

190 5172 239 5237 sis,
251 5172 355 5226 lactum
370 5177 413 5225 est
428 5171 539 5226 verbum
556 5175 666 5229 Domini
682 5176 710 5230 in
722 5194 806 5231 manu
820 5180 915 5248 Aggaei
927 5196 989 5250 pro·
1030 5176 1112 5230 llmni
1128 5191 1197 5245 ergo
1212 5177 1395 5230 universitate
1402 5182 1552 5235 commota,
1562 5180 1644 5230 motae
1654 5182 1829 5229 suntomnes

190 5261 291 5332 phetae,
307 5260 420 5315 dicens:
437 5261 563 5332 Loquere
577 5263 612 5316 ad
626 5265 786 5322 zorobabel.
803 5266 891 5320 silium
907 5268 987 5322 Sala·
1026 5272 1125 5334 gentes
1140 5264 1354 5335 predicantibus
1368 5263 1513 5334 apostolis,
1523 5264 1655 5334 quoniam
1672 5264 1699 5316 in
1714 5279 1831 5318 omnem

189 5348 371 5408 thiel,ducem
381 5348 696 5412 Juda,etlesum,tilium
707 5354 986 5410 losedechsacerdo-
1027 5359 1131 5407 tcrram
1146 5353 1230 5407 exivit
1242 5370 1328 5407 sonus
1342 5369 1449 5406 eorum.
1464 5372 1474 5402 ι
1493 5351 1530 5405 m
1543 5353 1635 5406 veniet
1650 5352 1830 5406 desideratus

188 5440 246 5491 tem
257 5454 399 5508 magnum,
411 5437 481 5492 etad
491 5439 614 5510 reliquos
626 5442 842 5511 populidicens.
856 5462 868 5494 a
883 5443 986 5496 Eodem
1027 5442 1134 5494 cunctis
1146 5441 1287 5510 gentibus,
1297 5447 1324 5494 et
1334 5440 1453 5510 implebo
1462 5440 1577 5494 domum
1588 5440 1778 5511 istamgloria,
1788 5440 1831 5494 di·

189 5525 454 5600 quidamanno‚quo
469 5532 498 5581 et
510 5544 605 5600 supra,
615 5529 644 5583 id
658 5529 828 5586 estsecundo
838 5529 926 5595 Darii,
937 5531 986 5585 sed
1027 5531 1065 5585 cit
1077 5529 1213 5587 Dominus
1225 5530 1408 5584 exercituum.
1419 5529 1615 5585 »Manifestum
1625 5529 1831 5584 estadventum
