3818 6104
128 240 180 306 att
339 240 529 308 ntruorttt
548 242 794 309 nmnnssm'r.
815 186 930 307 uerso.
951 238 1030 305 ont.
1051 238 1144 305 unns
1161 236 1184 303 t.
1206 272 1239 289 .-
1258 232 1446 306 dennuni.
1466 248 1560 305 sisu.
1712 238 1762 304 att

129 379 241 446 rerunt,
255 377 283 430 et
297 375 409 447 quando
422 372 470 431 illo
481 374 622 432 esuriente
636 378 815 433 accesserunt
826 380 855 430 et
872 373 960 435 mist
970 374 1161 445 legehumnna
1175 372 1346 445 proripitur,
1358 374 1455 426 utnon
1465 366 1549 427 detor
1560 368 1698 443 judicium
1712 368 1761 428 nisi

127 463 366 535 nistrareruntei‚
377 464 435 519 sive
450 466 562 536 quando
578 466 737 537 sepulcrum
756 468 816 543 ejus
835 469 926 519 costo-
967 461 1666 533 sedendo.Quapropiernonincongruepersedern
1675 474 1762 533 possu-

129 551 385 625 dierunt,qu0tidie
401 566 512 625 quoque.
523 554 642 610 adorant
656 550 927 625 eum,quiajussioni
968 568 1030 606 inus
1038 550 1196 622 intelligere
1202 548 1419 620 iudiciumqood
1430 548 1580 620 pmcedita
1599 548 1677 604 sede.
1692 550 1761 605 lstnd

129 640 207 698 illius
220 640 424 714 obtemperant.
442 642 497 698 Sed
509 645 636 715 nunquid
652 643 719 699 solis
733 642 841 715 angelis
860 656 928 713 pra·
971 644 1013 696 est
1020 639 1167 711 judicium,
1179 638 1275 709 dequo
1285 636 1441 710 ipseFilius
1450 636 1532 693 dicit:
1543 634 1762 707 Paterncajudt·

130 728 205 802 cepit
217 728 292 785 Deus
301 728 386 785 Pater
394 731 474 785 illum
500 728 639 786 adorare?
662 733 734 800 Non,
758 730 825 803 quin
838 730 931 804 potius
972 734 1015 784 cot
1030 742 1207 798 pereloquens,
1220 729 1266 781 sed
1275 726 1498 796 omnejodiclam
1507 721 1582 781 dedit
1595 726 1667 781 Fttto
1682 720 1761 791 (icon.

130 816 208 874 omni
218 820 362 883 omniura.
972 820 1010 888 u),
1026 822 1055 873 et
1068 817 1103 872 de
1117 828 1172 889 quo
1183 811 1332 870 Psalmists
1344 810 1378 869 ad
1390 818 1478 870 ileum
1492 812 1623 870 Patrem:
1633 816 1710 879 deos,
1719 816 1762 886 lo·

164 900 361 975 Bindcnyetos
381 906 732 978 primmdr'eit:octtnro
746 909 932 978 ungatassans
972 908 1080 964 dicium
1096 914 1177 961 tarem
1196 904 1257 974 reci
1276 904 1313 959 do
1326 900 1412 974 (Psoi.
1439 904 1514 975 nux),
1535 902 1565 958 id
1583 908 1630 959 est
1651 902 1761 960 cunco.

131 996 258 1064 tpirs'tus,
267 996 292 1049 et
302 996 447 1051 ministros
456 1004 519 1051 suos
528 996 930 1067 flcrnmamtpnisQuoddicit,
971 996 1101 1051 Thronus
1118 990 1248 1066 argolici
1262 980 1290 1047 rin
1311 992 1443 1047 saeculum
1456 992 1552 1047 saculi
1563 982 1699 1057 manebit,
1708 986 1762 1064 qula

132 1085 158 1140 ct
169 1084 206 1139 cd
220 1087 331 1153 coortos
344 1088 453 1154 quictem
469 1088 541 1140 Dares
551 1086 642 1149 Pater,
663 1087 706 1141 vel
731 1087 875 1157 Scriptura
888 1084 932 1139 di·
970 1078 1108 1153 judtclom
1117 1081 1301 1137 novissimum
1315 1078 1388 1151 quod
1401 1072 1594 1145 debitalectis,
1606 1070 1700 1133 dicens
1709 1076 1761 1137 eis:

131 1171 207 1239 nna,
223 1174 280 1229 tnle
294 1178 380 1229 estac
392 1174 415 1228 si
425 1174 532 1228 diceret
546 1174 580 1229 de
596 1175 713 1246 angelis,
725 1175 934 1247 adponenspro
980 1168 1079 1229 Venite.
1090 1170 1231 1232 benedicti,
1254 1168 1388 1238 percipite
1403 1180 1521 1236 mgnum
1547 1170 1623 1223 cobis
1640 1172 1761 1237 porcinas

132 1262 173 1317 dc.
185 1254 330 1317 Nonenlm
352 1262 603 1333 servatdposiolus
613 1263 738 1318 ordinem
749 1263 806 1318 sire
819 1276 934 1318 sensum
977 1260 1083 1328 (illottir.
1100 1260 1165 1328 xxv)
1179 1274 1185 1327 ;
1198 1262 1227 1313 et
1241 1256 1380 1336 reprobis
1392 1252 1462 1312 dicit
1473 1269 1480 1305 t
1491 1258 1531 1313 lte
1543 1259 1574 1311 in
1589 1256 1681 1325 torsera
1696 1262 1761 1312 ater-

132 1351 582 1422 ptaepositlonum,etestsensus:
597 1352 659 1423 lpse
671 1366 753 1423 quem
771 1352 935 1424 praecipiun·
975 1362 1045 1403 num
1060 1344 1159 1413 (liridi,
1176 1348 1281 1402 osterna
1295 1344 1463 1400 discretione
1487 1343 1576 1400 stabit
1601 1346 1678 1400 inter
1685 1348 1759 1400 utrot

34 1490 38 1497 .
132 1440 182 1493 tur
191 1438 284 1509 angeli
298 1439 426 1504 adorare,
438 1439 473 1493 de
486 1438 555 1511 ipsis
569 1440 628 1495 suis
653 1436 795 1511 spiritibus
811 1442 934 1511 quoties·
976 1452 1040 1509 quc,
1052 1452 1084 1492 eo
1093 1440 1216 1490 testante
1226 1435 1255 1490 in
1265 1434 1414 1505 Evangelio
1424 1451 1458 1488 ac
1466 1433 1577 1488 dicente
1590 1446 1597 1480 τ
1611 1428 1758 1489 iunctiont

133 1541 245 1597 cunque
255 1528 315 1581 vuit
332 1526 532 1598 tacitangelos.
544 1526 778 1583 llintstrosctiam
794 1528 935 1584 suoslacit
977 1527 1007 1579 bi
1022 1528 1054 1580 ia
1071 1526 1239 1593 sarppticiom
1258 1528 1402 1589 aternam,
1413 1526 1487 1593 justi
1497 1527 1594 1576 cartem
1604 1524 1723 1577 incitam
1733 1538 1757 1576 a

132 1614 275 1669 llammam
282 1614 369 1685 ignis:
381 1616 448 1686 quia
456 1616 538 1687 quiin
545 1624 695 1688 conspectu
704 1615 931 1680 illiusassistunt,
977 1620 1096 1669 ternant.
1108 1614 1202 1684 (litet.)
1216 1611 1295 1677 Quod
1311 1628 1375 1666 vero
1390 1608 1621 1682 sequitanvirga
1637 1606 1755 1683 requitatis

132 1694 163 1757 ln
179 1717 275 1757 aurore
285 1716 336 1757 suo
347 1702 527 1758 incendentes
549 1709 577 1759 et
602 1704 811 1760 inflammantes
830 1704 931 1771 reddit,
943 1724 967 1785 B
977 1703 1142 1773 virgarcgni
1156 1701 1379 1773 tui,perrirgam
1394 1694 1754 1772 aequitatismtelllgitorrcc·

130 1791 213 1861 Juxta
226 1791 301 1861 quod
313 1790 380 1845 alibi
390 1792 501 1850 dicitur.
514 1796 545 1846 in
568 1808 648 1861 qoem
670 1795 827 1849 desiderant
840 1796 934 1863 capati
976 1791 1067 1846 titudo
1082 1791 1230 1845 sententiae
1244 1792 1272 1843 et
1279 1786 1378 1860 ludicii
1387 1788 1473 1854 illius,
1490 1789 1548 1842 sire
1560 1792 1684 1860 potestas
1693 1780 1752 1858 regni

128 1881 294 1947 prospicere.
305 1876 376 1934 Nam
388 1879 546 1952 quoddixit.
554 1886 605 1950 qai
615 1883 683 1950 tacit
692 1886 801 1951 otrpctcs
810 1900 873 1937 suos
882 1884 936 1952 spi-
973 1881 1060 1951 iusta,
1073 1892 1136 1952 qum
1145 1879 1226 1950 uirga
1238 1878 1312 1949 regit
1323 1878 1414 1950 justos
1424 1877 1454 1931 ln
1466 1874 1591 1947 justitia.
1614 1874 1643 1931 et
1655 1874 1753 1948 petoutlt

132 1969 217 2033 eitun
233 1972 404 2039 prepostero
419 1969 517 2025 ordine
543 1966 671 2042 protulit.
702 1969 846 2026 Debuerat
860 1973 935 2026 enim
976 1970 1078 2039 impios
1090 1970 1167 2039 justa
1181 1971 1210 2022 et
1223 1970 1310 2031 recte,
1330 1964 1390 2020 sine
1414 1963 1510 2036 aliquo
1531 1978 1752 2036 personarumac·

132 2055 371 2126 decrepitant
385 2057 500 2128 spiritus
512 2074 577 2112 suos
593 2059 716 2129 angelos.
731 2058 880 2115 Sciendum
893 2064 936 2116 est
976 2057 1113 2128 ceptione,
1129 2060 1244 2110 ΰῦῐὶῦῦθδ
1257 2053 1418 2125 &thematis
1428 2059 1457 2109 ὓῐ
1468 2052 1612 2125 ludiim·

132 2150 228 2198 nutem
239 2145 313 2216 quod
329 2148 446 2217 angelus
461 2163 563 2201 nomen
578 2155 621 2202 est
643 2146 728 2203 ollicll
743 2164 800 2203 non
814 2155 932 2217 nator-se,
1011 2146 1140 2200 ditecisti
1148 2145 1293 2213 justitiam
1308 2147 1333 2197 ct
1346 2142 1429 2197 odisti
1442 2142 1633 2212 iniquitatem.
1657 2140 1711 2197 Ista
1724 2144 1753 2196 est

133 2231 182 2302 qni
191 2246 304 2303 semper
314 2234 426 2303 quidem
451 2238 518 2288 sunt
541 2236 667 2306 spiritus,
685 2238 734 2291 sed
755 2251 934 2308 nequaquam
974 2235 1151 2305 virgarecta,
1167 2237 1200 2286 ot
1221 2230 1491 2302 diligaturjustitla,
1506 2230 1536 2285 et
1549 2229 1616 2286 odio
1635 2221 1751 2285 habeatnr

131 2320 196 2390 jure
211 2327 462 2391 sempervocantur
472 2324 574 2393 angeli,
584 2324 639 2377 nisi
649 2324 931 2394 quandomittuntur.
974 2320 1117 2392 iniquitas.
1131 2322 1220 2375 Nemo
1234 2318 1310 2374 enim
1329 2320 1451 2390 perfecte
1460 2324 1555 2390 potest
1563 2318 1681 2390 diligere
1690 2314 1753 2389 lusti·

133 2409 249 2479 Angelis
257 2409 364 2475 etenim,
371 2410 468 2465 Graeco
476 2411 619 2477 roratum,
630 2413 731 2467 Latino
741 2412 844 2467 dicitur
858 2429 933 2467 nun·
975 2410 1055 2474 tiam,
1077 2410 1130 2463 nisi
1142 2409 1206 2463 odic
1216 2405 1349 2462 babuerit
1364 2407 1555 2479 iniquitatem.
1576 2406 1707 2479 iniquitas
1717 2418 1753 2460 ut·

133 2497 200 2553 tius.
215 2498 244 2552 Si
255 2499 357 2569 queris
368 2514 471 2554 nomen
482 2505 600 2563 naturae,
610 2501 775 2572 spiritusest
787 2521 792 2555 :
804 2502 826 2555 si
837 2502 931 2572 allicit,
973 2505 1029 2553 tem
1039 2512 1101 2568 quse
1114 2503 1142 2551 et
1150 2496 1261 2550 anomia
1272 2495 1444 2561 nominatur,
1457 2494 1632 2565 intelligitur
1640 2488 1753 2568 quidquid

134 2588 313 2658 angelusest.
331 2588 370 2642 Ex
384 2589 501 2659 eoquod
512 2588 648 2654 subsistit,
661 2591 777 2660 spiritus
789 2597 842 2655 est,
858 2596 887 2644 et
900 2605 933 2644 ex
973 2592 1072 2641 contra
1098 2586 1190 2655 legem
1212 2582 1334 2638 divinam
1351 2584 1393 2638 tlt.
1416 2584 1553 2639 Veritatis
1574 2584 1677 2639 etenim
1694 2594 1754 2639 ano

134 2675 390 2746 ecqucdmittitur,
401 2678 527 2747 angelus.
547 2677 631 2732 Verbi
648 2680 750 2748 gratia,
767 2679 933 2734 sicutborno
975 2676 1070 2729 odium
1086 2680 1129 2728 est
1143 2673 1284 2727 falsitatis.
1302 2673 1337 2727 Et
1347 2673 1413 2743 quia
1423 2671 1562 2728 Dominus
1582 2673 1680 2728 dilexit
1688 2670 1754 2744 justi·

133 2770 238 2819 nornen
249 2767 291 2818 est
304 2770 421 2831 notum,
438 2766 520 2820 miles
534 2772 629 2821 autem
657 2782 760 2821 nomen
782 2774 824 2821 est
838 2767 932 2822 oillcii.
974 2763 1054 2830 tiam,
1067 2762 1132 2835 quia
1144 2778 1200 2815 non
1210 2761 1343 2832 peccavit,
1351 2768 1379 2815 et
1390 2761 1455 2815 odio
1473 2760 1577 2816 habuit
1587 2761 1752 2833 iniquitaten,

133 2853 250 2908 Dicatur
259 2858 288 2908 et
298 2853 352 2908 aliu
362 2854 444 2908 inodo
461 2873 467 2908 :
490 2856 591 2925 Angeli
605 2860 633 2909 et
648 2856 771 2910 ministri
782 2857 832 2910 Dei
847 2856 935 2910 omni·
976 2851 1043 2923 quid
1058 2851 1164 2922 premii
1180 2844 1316 2904 meruerit
1342 2849 1486 2921 percipere
1510 2849 1636 2921 exponit,
1656 2850 1751 2905 dicens:

134 2942 257 3012 potentis
270 2946 337 2995 suist
351 2943 511 3000 sacerdotes
526 2948 554 2996 at
575 2944 683 3014 prolati
703 2940 841 3012 Ecclesia,
855 2946 936 3014 Juxta
976 2943 1122 3009 Propterea
1132 2941 1215 2993 orauit
1225 2943 1249 2992 tc
1258 2939 1340 3003 Deos,
1360 2939 1505 2992 denotans
1515 2941 1573 2993 otoo
1586 2937 1754 2993 consuetiori

135 3030 211 3100 quod
225 3029 377 3084 Malachiae
387 3029 456 3084 dicit
468 3038 501 3093 tc.
514 3036 560 3099 nt:
581 3033 664 3086 lotio
690 3034 836 3087 sacerdotis
845 3039 935 3088 casto-
973 3044 1032 3099 pra
1042 3029 1229 3097 participibus
1243 3030 1309 3081 tais.
1330 3027 1481 3082 Psalmista
1500 3027 1658 3099 alloquitur
1673 3026 1753 3083 filiun

133 3118 219 3172 ciant
232 3120 386 3186 act'rntiam,
399 3125 424 3173 et
439 3121 524 3187 lenem
539 3123 935 3190 requirunteaorecpas,quia
975 3116 1391 3181 Dei,etdicit:01)eus‚unxn
1412 3120 1442 3170 te
1463 3114 1541 3171 Deus
1556 3114 1642 3172 Pater
1654 3112 1708 3172 oleo
1718 3128 1753 3170 et·

132 3209 249 3275 angelos
259 3208 373 3261 Domini
384 3211 555 3261 coerciturum
572 3213 619 3262 cst.
632 3209 797 3264 Sacerdotes
809 3224 876 3280 ergo
886 3211 934 3265 Ec-
974 3207 1143 3273 saltationis,
1155 3210 1304 3276 propterea
1311 3205 1445 3276 qniaodio
1454 3204 1751 3277 habuistitntquiuuo.

133 3295 225 3350 alesia
239 3296 356 3367 spiritus
370 3300 446 3357 sunt,
461 3296 572 3365 quando
586 3297 691 3366 gaudia
702 3290 800 3368 patria
813 3299 934 3353 coelestis
974 3298 1004 3350 ot
1011 3294 1132 3350 dilexisti
1152 3294 1302 3365 justitiam.
1320 3292 1383 3347 Non
1407 3306 1475 3363 ergo
1503 3297 1548 3349 est
1562 3290 1752 3366 intelligendum

130 3384 191 3438 nnis
207 3383 383 3439 auditoribus
399 3384 577 3448 annuntiant,
590 3385 729 3439 dicentes:
740 3389 934 3444 Pnnttcntinm
974 3385 1048 3456 quod
1064 3382 1154 3438 Filius
1169 3383 1229 3445 Dei,
1245 3382 1398 3437 secundum
1414 3376 1750 3446 recommemorando

131 3475 206 3541 optes
218 3486 226 3527 .·
236 3475 550 3542 nppmptnprrotitenlm
563 3486 681 3542 regnam
691 3476 930 3547 cntcmsnrtldottb.
974 3472 1152 3545 quoequalis
1160 3477 1203 3526 est
1213 3466 1298 3536 Patri,
1311 3470 1400 3541 possit
1406 3471 1497 3525 Deum
1505 3470 1623 3538 habere,
1634 3473 1695 3544 quia
1704 3470 1749 3542 ipso

132 3563 185 3632 mli
194 3568 223 3616 et
230 3563 460 3630 delcetantjastt
468 3565 539 3616 sicat
549 3565 589 3615 sol
600 3564 705 3632 (naut.
715 3562 787 3631 x111);
801 3570 826 3618 et
840 3565 933 3620 Erunt
972 3576 1036 3617 cum
1045 3562 1129 3615 Patro
1138 3560 1280 3631 etSpirltu
1303 3564 1399 3613 sancto
1423 3574 1506 3614 verus
1516 3564 1563 3615 est
1574 3561 1657 3616 Deua.
1671 3561 1750 3616 Sccuu

132 3652 369 3718 marcescentia
381 3654 412 3704 in
426 3654 488 3705 coto
502 3652 607 3718 (Matilo.
626 3655 704 3720 xxti).
731 3652 856 3706 Flamma
866 3666 932 3708 vero
972 3646 1146 3705 domantem
1170 3649 1245 3719 quod
1266 3648 1349 3702 homo
1375 3653 1427 3713 est,
1448 3646 1539 3703 Deum
1553 3649 1671 3714 {Patrem
1686 3646 1751 3702 babet

16 3778 26 3787 -
132 3739 208 3809 ignis
219 3744 295 3805 sunt,
304 3739 416 3810 qnando
428 3744 565 3793 terrorem
577 3740 650 3810 ignis
666 3740 801 3811 gehennae
815 3741 874 3796 suis
885 3758 932 3797 au·
972 3738 1142 3809 Deum,quln
1150 3738 1185 3791 ab
1192 3737 1287 3791 illosst
1293 3730 1516 3808 iactus‚ldecque
1526 3738 1597 3792 dicit
1607 3736 1749 3793 Psalmista:

132 3824 272 3882 ditoribns
283 3826 437 3892 minentur,
449 3825 574 3882 dicentes
590 3842 596 3880 τ
614 3830 710 3884 dranis
727 3831 811 3883 orbor
824 3830 934 3885 nonta—
978 3828 1060 3883 onan
1071 3832 1095 3880 tc
1113 3828 1195 3891 deas,
1210 3827 1280 3880 Deus
1304 3829 1369 3878 taos
1387 3828 1444 3879 cieo
1463 3828 1550 3894 (Paci.
1565 3828 1650 3896 rurs).
1668 3824 1751 3881 orsa

133 3914 210 3971 nens
224 3916 464 3983 fructuariensem
478 3919 648 3972 eacictetorct
661 3920 693 3972 tn
703 3920 795 3985 ionem
808 3922 935 3974 initietur
975 3915 1216 3969 ostchristusnon
1226 3912 1288 3966 cleo
1302 3910 1413 3976 visibill,
1429 3908 1480 3967 sed
1495 3913 1672 3984 plenitudine
1683 3910 1752 3984 Spiri-

133 4001 241 4073 (natet.
258 4007 312 4067 ιιι).
974 4008 1021 4058 tus
1029 4002 1128 4069 sancti,
1138 4003 1186 4075 qni
1197 4002 1241 4056 dis
1253 4000 1387 4072 baptismi
1396 4001 1427 4055 ln
1437 4001 1530 4072 specie
1544 4002 1678 4057 columbo
1686 4010 1752 4071 supas

27 4086 36 4097 ⁸
166 4093 431 4158 ddFitiomoutem,
443 4092 576 4148 subaudis
585 4094 654 4148 dicit
670 4095 837 4150 Psalmlsta:
851 4097 935 4151 Tiro-
975 4092 1199 4162 eunrrequierit,
1217 4104 1269 4145 nec
1283 4104 1316 4144 er
1332 4089 1650 4162 temporebapttsmntls
1671 4088 1752 4144 mlum

132 4192 187 4234 nus
201 4182 344 4235 tauslleas
370 4185 401 4235 tn
428 4187 558 4236 caculam
572 4185 675 4248 sacnti,
692 4187 772 4250 sirpo
785 4186 932 4253 aquitonis,
975 4180 1058 4234 modo
1070 4181 1214 4252 plenitudo
1225 4179 1346 4251 Spiritus
1359 4179 1448 4234 sancti
1469 4175 1499 4233 ln
1522 4194 1557 4234 ao
1577 4180 1699 4235 mansit:
1714 4174 1752 4230 ssd

131 4270 213 4333 sirpo
223 4262 478 4335 repnitat.lntuerc
488 4270 933 4341 quomodoetcumquantnclarl-
974 4270 1068 4340 potius
1081 4284 1115 4323 ex
1128 4274 1255 4340 tempore
1267 4267 1466 4339 conceptionis,
1484 4269 1568 4339 juxta
1594 4269 1668 4340 quod
1684 4265 1752 4321 lsai!

132 4358 192 4407 tate
203 4354 933 4430 discernatangelicnmcreaturamaFilioquiconcts
974 4357 1108 4428 loquitur,
1120 4356 1214 4411 dicens
1228 4373 1236 4411 ε
1250 4357 1402 4422 aequasset
1414 4370 1497 4424 stipor
1510 4366 1576 4411 sum
1586 4357 1701 4425 Spiritus
1711 4354 1752 4407 dt-

131 4442 247 4497 creavit.
256 4442 386 4497 Thronus
397 4444 502 4510 orsos,
514 4444 613 4499 latine
627 4446 730 4500 dicitnr
750 4447 830 4502 sedes
843 4447 929 4519 regia,
974 4449 1176 4514 arsin-inpim'tos
1185 4447 1325 4514 sapientia
1333 4449 1358 4498 et
1367 4446 1532 4511 intellectas,
1540 4448 1658 4514 spiritns
1664 4434 1752 4499 arati

131 4531 208 4586 sicut
221 4537 250 4586 et
258 4531 370 4586 sollum.
383 4533 438 4586 Per
449 4532 582 4587 thronum
598 4539 692 4588 autem
704 4551 760 4590 uno
773 4537 856 4591 modo
869 4551 934 4607 pos-
974 4540 999 4589 ct
1007 4534 1193 4601 fortitudinis,
1202 4536 1318 4601 spiritus
1328 4536 1446 4587 scientia
1455 4530 1752 4604 srpnmrasmspottns

131 4634 231 4676 sumus
239 4620 397 4691 intelligere
407 4636 536 4693 regnum,
545 4629 742 4694 persceptrum
755 4631 850 4678 autem
859 4625 934 4695 quod
974 4640 1037 4678 corn
1047 4626 1164 4692 spiratus
1189 4625 1299 4676 timoris
1313 4622 1427 4675 donnini
1439 4624 1506 4690 (Iso.
1523 4623 1570 4690 xi).
1588 4623 1657 4678 Olco
1673 4624 1748 4675 anun

131 4715 175 4766 ast
189 4710 268 4782 virga
286 4724 385 4778 aaran,
410 4714 535 4782 potestas
562 4712 731 4783 intelligitur
750 4713 840 4783 regni.
861 4714 935 4768 Dicit
975 4711 1167 4766 exsultationis
1181 4726 1231 4765 seu
1244 4709 1347 4764 latitia
1370 4709 1438 4764 dicit
1466 4709 1547 4764 ilium
1570 4705 1750 4779 unctumque

133 4812 201 4870 ergo
210 4799 361 4854 Psalmiata
374 4799 491 4870 loquens
502 4800 538 4852 nd
553 4798 655 4854 Filium
671 4800 720 4854 [lei
737 4801 778 4856 :0
792 4801 876 4868 Deus,
890 4816 933 4856 re·
974 4801 1103 4858 Christus
1114 4800 1162 4870 qui
1172 4813 1317 4869 nunquam
1331 4799 1621 4870 peccarit,nunquam
1628 4796 1747 4855 munau

132 4898 218 4956 gnum
230 4892 310 4941 tuum
326 4892 355 4941 et
366 4893 491 4958 potestas
505 4888 618 4959 imperii
632 4888 674 4943 tui
688 4888 718 4942 in
733 4889 866 4943 saeculom
880 4905 933 4944 sn·
973 4888 1072 4943 habuit
1082 4905 1116 4943 ex
1123 4887 1316 4941 recordatione
1335 4886 1452 4958 peceati.
1475 4887 1552 4951 Quid
1565 4893 1611 4943 ast
1627 4888 1694 4943 enlm
1703 4882 1747 4937 olto

131 4973 489 5048 culimanebitt'lalequid
499 4985 529 5031 et
538 4973 653 5031 Gabriel
663 4976 777 5031 dicitad
789 4976 929 5032 Mariam:
973 4978 1077 5033 laetitia
1098 4976 1177 5046 ungi,
1201 4975 1255 5029 nisi
1274 4975 1380 5046 peccati
1407 4977 1551 5030 maculam
1565 4990 1624 5033 non
1649 4967 1746 5030 misni

132 5056 191 5126 Ipse
202 5063 327 5128 repondit
338 5065 454 5118 iadorae
461 5067 544 5120 lacot
554 5068 586 5120 tc
594 5070 738 5131 aternam,
753 5068 778 5119 et
789 5070 869 5133 repat
874 5070 933 5135 ejas
974 5069 1140 5122 Sanctorum
1156 5064 1261 5118 etenim
1271 5064 1443 5119 conscientia
1453 5069 1523 5120 tuno
1538 5064 1630 5136 megia
1638 5080 1669 5120 ao
1680 5057 1744 5129 mint

131 5151 251 5201 necarit
259 5150 407 5216 finisttuc.
419 5152 451 5220 i).
463 5151 723 5225 istudastregnum,
736 5154 771 5208 de
781 5154 933 5224 quctnrboe
974 5154 1216 5224 hilarescit,atque
1225 5152 1386 5208 intuentiam
1393 5144 1742 5226 magisprorumpitqoaod

132 5234 294 5290 clamabant
307 5235 484 5293 benedictum
512 5242 587 5311 quod
612 5243 689 5298 venit
711 5258 830 5313 regnum
845 5243 934 5313 patris
974 5241 1312 5315 nullapaocatigravioris
1326 5242 1521 5296 recordatione
1543 5231 1741 5306 monronis
1793 5228 1795 5233 ⁵

132 5323 223 5379 nostri
233 5322 332 5391 navic,
342 5326 476 5396 atdequo
486 5327 545 5398 ipse
556 5330 798 5385 DominusPilato:
809 5334 932 5399 ltcprrom
973 5332 1164 5403 ritusquidam
1176 5330 1344 5401 sanctusqui
1354 5330 1494 5401 requierit
1509 5330 1541 5386 in
1548 5332 1665 5395 Christo,
1675 5328 1740 5382 cubit
1793 5324 1795 5329 '

132 5426 227 5468 maora
242 5426 299 5465 noa
309 5414 346 5465 est
359 5413 390 5465 dc
407 5415 455 5467 boc
471 5418 573 5470 arundo
589 5421 677 5486 ttoors.
704 5428 793 5489 svnt).
814 5420 929 5475 Aliter:
972 5419 1041 5475 divit
1049 5421 1178 5487 illum,ot
1192 5419 1252 5473 sine
1267 5424 1381 5490 moesto
1392 5420 1598 5492 conciperetur,
1608 5420 1739 5488 noemae

135 5502 265 5560 Thronus
277 5499 611 5573 airesedastudicsntium
620 5508 851 5566 sdatoesaflnda
864 5509 932 5565 etin
972 5515 1003 5565 ts
1017 5515 1191 5577 maceratur,
1207 5512 1236 5565 st
1249 5507 1311 5562 sine
1319 5507 1427 5580 peccati
1436 5509 1653 5566 macotaablsoo
1663 5496 1739 5562 omit
