3818 6104
130 244 184 302 ⁷99
359 244 550 306 llATllONlS
562 244 808 302 llALliERSTAT.
822 243 934 302 EPISO.
952 244 1031 302 OPP.
1052 245 1145 303 PARS
1156 245 1179 302 1.
1195 273 1229 286 -
1245 242 1434 301 comam.
1446 240 1542 298 amn.
1716 240 1765 305 w]

128 369 194 425 ham
208 369 286 424 dedit
299 369 422 426 decimas
445 371 480 425 de
507 371 607 443 pradis
639 370 765 425 omnium
780 370 905 425 hostium
915 389 922 438 3
933 368 956 428 A
966 374 1010 425 est
1021 369 1205 436 tortitudinis,
1221 374 1253 424 ut
1266 372 1431 424 constanter
1442 366 1648 423 annuntiemur
1656 365 1766 421 verbum

128 462 158 511 et
171 457 239 512 dicit
249 458 322 513 idem
351 459 456 514 Paulus
475 460 619 530 apostolus
641 459 670 512 in
691 459 808 530 epistola
822 459 858 513 ad
873 460 930 513 lle-
970 457 1243 522 fideietdilectionis,
1257 463 1290 512 ut
1304 455 1767 527 diligamusDeumetproximum3

128 544 229 615 breos,
241 547 401 619 quodLevi,
428 549 476 618 qui
491 548 616 603 decimas
639 548 778 619 accepite
796 547 930 602 iratribus
970 552 996 602 et
1015 548 1179 614 sobrietatis,
1195 546 1272 602 utin
1299 543 1430 601 omnibus
1456 544 1551 600 sobrie
1573 551 1604 599 et
1616 548 1768 615 temperato

131 635 200 702 suis,
212 635 271 707 ipse
279 635 434 691 decimatus
447 637 531 691 estin
545 653 648 708 proavo
658 654 708 692 suo
718 636 930 693 Abrahamhd·
970 653 1097 709 agamus.
1399 695 1408 712 ,

131 724 187 779 huc
197 725 271 779 enim
282 723 420 780 inlumbis
428 730 488 780 erat
498 725 872 799 Abmhae,quandodecimas
880 726 930 781 de·
1007 727 1072 782 lioti
1084 730 1179 794 itaque
1188 727 1541 781 erabesceretertimoninm
1548 726 1665 780 Domini
1674 726 1794 791 nostri.N

133 813 175 868 dit
202 813 404 870 Melchisedech
430 814 579 869 sacerdoti.
594 815 674 870 Unde
696 815 930 870 considerandum
971 814 1183 886 Erantquidam
1195 815 1243 869 illo
1257 813 1442 885 temporequi
1463 810 1670 868 erubescebant
1682 810 1795 885 dicer*

133 907 185 966 est,
198 902 264 973 quia
274 902 418 958 sicutLevi
431 904 460 958 in
471 919 573 975 proavo
587 920 639 958 suo
657 903 813 959 decimatus
823 910 876 971 est,
891 904 931 959 ita
971 903 1183 959 Christumesse
1193 903 1335 958 hominem
1344 919 1451 968 verum,
1467 905 1660 966 etmortuum,
1671 904 1795 970 etpas„

132 992 284 1062 Apostolus
294 991 702 1059 inAbraham,Isaac,etJacob,
713 993 831 1065 aliisque
846 995 932 1065 patri-
973 991 1178 1063 sum1quidam
1192 991 1278 1046 etiam
1297 991 1439 1062 negabant
1449 990 1531 1044 illum
1546 994 1646 1043 natum
1663 1003 1723 1042 esse
1735 988 1786 1061 d„

135 1077 253 1135 busDeo
261 1080 383 1135 servivit.
396 1081 431 1136 at
440 1082 494 1136 hoc
510 1086 553 1137 est
568 1082 643 1153 quod
657 1081 741 1136 dicit:
753 1082 865 1137 Gratias
881 1098 932 1149 epo
973 1081 1089 1151 virgine,
1100 1086 1129 1135 et
1135 1080 1322 1135 resurrexisse
1344 1097 1362 1134 a
1374 1079 1503 1135 mortuis.
1516 1078 1696 1149 Quapropter
1706 1076 1775 1139 allo.

131 1169 185 1224 Deo
197 1171 429 1224 mecenisereioo
437 1172 659 1239 proponitoribnr
669 1169 750 1224 meis.
766 1171 826 1225 lloc
835 1175 930 1224 autem
973 1169 1070 1240 quitur
1082 1168 1271 1235 Timotheum,
1299 1168 1430 1239 inquiens
1446 1185 1452 1220 :
1468 1166 1562 1221 Nolite
1591 1164 1767 1231 vemcundan·

132 1257 196 1312 ideo
211 1256 279 1312 dicit
293 1262 326 1311 ut
346 1257 476 1312 ostendat
503 1259 630 1313 eamdem
651 1259 735 1313 sidem
752 1257 883 1313 habuisse
901 1243 948 1314 ut'
972 1257 1165 1313 testimonium
1175 1256 1427 1327 praebereChristo,
1437 1255 1503 1326 quia
1517 1260 1602 1309 naurs
1616 1259 1661 1308 est
1673 1254 1706 1307 de
1713 1256 1757 1312 vir.

133 1351 242 1401 veteres
254 1351 349 1416 patres
364 1346 412 1417 qui
425 1346 536 1402 Domini
550 1347 701 1404 adventum
720 1353 931 1418 precesserunt,
972 1347 1047 1418 gine,
1069 1346 1142 1418 quod
1158 1362 1257 1417 passus
1272 1352 1325 1410 est,
1338 1345 1412 1416 quod
1427 1350 1556 1399 mortuus
1572 1348 1626 1408 est,
1639 1342 1709 1413 quod
1720 1359 1753 1402 re.

136 1449 219 1505 quam
230 1433 418 1504 habebatipse
429 1435 532 1506 aliique
541 1435 668 1506 apostoli.
680 1441 708 1490 et
717 1435 752 1489 ab
765 1435 820 1489 illis
842 1436 931 1506 patri·
973 1436 1103 1502 surrexit,
1116 1442 1201 1506 atque
1211 1434 1338 1489 ascendit
1358 1434 1387 1488 in
1397 1434 1491 1500 eoelos,
1504 1431 1553 1487 ubi
1569 1431 1650 1487 sedet
1660 1436 1749 1490 nuncin

133 1520 338 1577 busdescendit
353 1522 388 1577 ad
402 1524 552 1594 apostolos,
569 1523 641 1577 etab
656 1523 717 1577 aliis
728 1524 764 1577 ad
783 1540 844 1589 nos,
860 1524 934 1579 siout
971 1524 1062 1595 gloria
1072 1522 1353 1596 paterna.Sedneqne
1364 1524 1537 1576 meoinetam
1553 1522 1613 1589 eius
1626 1518 1748 1576 erubescas

135 1615 164 1666 et
177 1627 194 1665 a
209 1610 289 1666 nobis
302 1613 446 1667 descendit
458 1614 493 1667 ad
505 1612 568 1667 illos
581 1613 629 1684 qui
647 1613 735 1668 futuri
748 1618 824 1668 sunt.
837 1613 933 1668 Refert
972 1617 1023 1668 aut
1036 1612 1181 1684 despicias.
1199 1611 1334 1682 quianon
1359 1626 1445 1664 causa
1469 1609 1538 1664 furti
1559 1613 1611 1663 aut
1630 1608 1746 1664 homicidii

135 1703 230 1753 autem
239 1701 346 1770 gratias
361 1701 428 1767 Deo,
444 1717 499 1772 quo
512 1701 634 1756 donanto
661 1718 772 1774 semper
796 1708 858 1756 erat
871 1681 1212 1756 me-Bteneorastrictns
1227 1698 1354 1764 vinculis,
1370 1697 1418 1753 sed
1429 1713 1480 1768 pro
1487 1697 1616 1751 veritate.
1624 1695 1674 1752 Sed
1685 1699 1745 1751 mtto·

133 1802 198 1841 mor
211 1788 341 1860 discipuli
355 1789 399 1843 sui
409 1788 558 1854 Timothei,
579 1805 631 1843 nec
644 1796 755 1860 poterat
769 1789 844 1844 illius
859 1789 933 1844 obli·
974 1792 1040 1844 bora
1055 1790 1210 1856 licenpetio.
1226 1787 1336 1842 Laboro
1354 1803 1416 1856 ego,
1432 1785 1575 1840 collabora
1598 1789 1630 1838 tu
1651 1800 1745 1852 mooun,

134 1874 219 1943 visci;
239 1877 282 1932 rel
297 1878 383 1932 etiam
404 1878 434 1932 in
458 1879 510 1932 hoc
528 1876 668 1933 referebat
687 1879 713 1932 ei
729 1879 846 1949 gratias,
866 1879 933 1950 quia
973 1880 1125 1933 secandum
1136 1881 1267 1931 virtutem
1278 1877 1334 1940 Dei,
1348 1879 1398 1945 qm·
1411 1891 1460 1930 nos
1471 1877 1603 1929 liberarit
1614 1890 1631 1928 a
1644 1879 1720 1928 morte
1729 1879 1746 1928 rt

134 1965 273 2021 serviebat
283 1967 349 2021 illia
364 1966 591 2039 progenitoribus
602 1967 669 2032 suis,
683 1968 841 2022 desiderans
852 1973 875 2020 te
893 1971 933 2022 ri·
973 1969 1078 2022 uocauit
1089 1968 1229 2021 roratione
1242 1981 1293 2020 sno
1304 1969 1410 2018 macto.
1432 1963 1481 2016 llio
1494 1963 1592 2034 jungit
1602 1979 1631 2017 se
1644 1961 1746 2017 omnibns

134 2055 196 2109 dere
206 2059 238 2109 ut
251 2058 353 2124 pendeo
372 2059 480 2124 repleor
496 2057 531 2110 de
545 2063 594 2111 tuo
618 2056 751 2123 adventu,
766 2072 870 2110 memor
890 2059 932 2110 to·
972 2054 1123 2125 Apostolis,
1134 2053 1201 2124 quia
1216 2053 1336 2108 Domino
1345 2057 1412 2107 sunt
1421 2051 1525 2108 vocati.
1539 2052 1613 2106 Nam
1638 2050 1747 2105 sicutPe

135 2157 300 2210 myreorum
323 2149 439 2197 terarum
462 2159 532 2213 quas
550 2143 647 2197 fudisti
666 2159 683 2196 a
701 2159 746 2197 me
764 2143 930 2198 recedendo.
972 2147 1042 2207 trus,
1059 2144 1196 2207 Andreas,
1212 2141 1332 2196 lacobus
1346 2140 1507 2194 etioannes
1520 2156 1539 2194 a
1553 2139 1671 2194 Domino
1682 2137 1747 2192 vocati

138 2229 256 2293 Quando
271 2232 423 2302 Apostolus
435 2231 490 2286 istu
497 2230 847 2296 sciehat,Timotheuserat
859 2233 934 2288 ultra
973 2237 1049 2293 sunt,
1064 2231 1255 2302 quibusdixit:
1272 2231 1359 2284 Venite
1366 2235 1424 2298 post
1435 2246 1487 2294 me,
1495 2230 1602 2297 faciem
1622 2244 1666 2282 eor
1680 2231 1748 2296 pirou·

136 2324 264 2383 marest
279 2319 339 2390 ipse
349 2319 462 2389 jacebat
477 2320 506 2375 in
522 2336 633 2375 carcere
645 2322 813 2376 constrictus
826 2321 933 2376 catenis
975 2326 1044 2374 tores
1055 2322 1202 2374 hominnm
1211 2320 1306 2373 tldorc.
1319 2325 1350 2383 ι),
1365 2317 1405 2371 ita
1427 2317 1573 2389 apostolus
1583 2316 1748 2371 Paulusvoca

135 2409 164 2458 et
180 2405 260 2477 cippo
276 2424 282 2459 :
300 2406 418 2480 ideoque
431 2414 541 2462 tantum
563 2409 741 2464 desiderabat
751 2410 841 2475 illum,
857 2417 890 2466 ut
903 2411 933 2465 in
975 2414 1070 2464 tuaest
1080 2409 1202 2473 decoelo,
1212 2407 1322 2461 dicente
1333 2406 1470 2461 Domino:
1488 2406 1584 2466 Scan,
1594 2406 1685 2471 Sonti,
1700 2403 1749 2472 qnid

136 2493 185 2548 illo
196 2494 313 2551 haberet
326 2496 449 2567 aliquam
458 2498 689 2554 consolationem.
700 2499 771 2553 Nam
779 2501 890 2571 quando
899 2499 934 2554 ab
975 2513 1019 2552 me
1040 2498 1230 2566 persequeris?
1247 2497 1314 2565 (Act.
1332 2509 1379 2549 rm.
1396 2496 1456 2550 lsta
1468 2511 1537 2565 ergo
1552 2494 1660 2549 vocatio
1676 2499 1749 2547 sanda

136 2581 185 2637 illo
200 2582 328 2638 discessit
351 2586 524 2650 Timotheus,
551 2587 742 2642 amarissimas
759 2588 833 2643 indit
846 2590 935 2660 lacry-
974 2586 1029 2641 luit
1040 2587 1106 2657 quia
1119 2602 1170 2657 per
1183 2585 1260 2640 illam
1276 2583 1443 2638 sanctificati
1457 2588 1525 2638 sunt
1548 2598 1605 2638 non
1625 2582 1748 2637 secundun

136 2672 442 2729 mas.Recordationem
454 2674 602 2747 accipiens,
618 2675 856 2747 sivehabensrjus
870 2680 935 2747 pilei
975 2691 1057 2744 opero
1067 2678 1172 2741 nostro,
1187 2672 1216 2727 id
1231 2678 1275 2727 est
1288 2673 1389 2728 merita
1403 2677 1502 2726 nostra
1521 2671 1631 2726 vocarit
1649 2686 1702 2733 nos,
1716 2669 1748 2722 ni

135 2777 195 2830 qun
213 2766 251 2815 est
270 2765 301 2817 in
316 2768 339 2817 tc
358 2779 414 2818 non
424 2767 498 2833 ficto,
513 2765 581 2836 quia
592 2765 674 2819 bonis
697 2765 828 2837 operibus
856 2766 935 2822 illam
975 2765 1302 2832 secundampropontum
1312 2760 1442 2831 senn1„id
1457 2765 1510 2825 cst,
1526 2758 1679 2814 secundum
1693 2755 1748 2827 quod

135 2866 337 2920 exoransque
359 2852 428 2907 fides
454 2854 589 2908 habitarit
604 2857 734 2926 primum
752 2859 784 2909 in
801 2859 866 2909 ovio
886 2861 934 2911 tao
975 2853 1036 2924 ipse
1049 2851 1178 2906 definivit
1192 2856 1220 2904 et
1233 2848 1450 2921 predestinavit,
1479 2848 1587 2903 vocavit
1610 2863 1669 2912 nos,
1682 2851 1706 2901 et
1718 2859 1748 2898 se

135 2938 215 2993 loide
222 2944 247 2992 et
256 2942 288 2994 in
296 2945 440 2996 matretno
447 2943 561 2997 Dunice.
579 2942 778 3014 Genealogiam
795 2943 934 2999 Timothei
974 2941 1097 2996 cundum
1107 2942 1297 3007 pretiumque
1309 2939 1375 2992 date
1390 2943 1427 2992 ert
1440 2938 1517 2991 nobis
1531 2939 1564 2990 in
1581 2936 1746 2997 Dlvrirtoirn,

135 3026 352 3104 admemoriam
367 3029 519 3086 reducebat
541 3031 701 3102 Apostolus,
717 3036 750 3086 ut
773 3032 934 3088 ostenderet
974 3035 1037 3084 ante
1047 3034 1169 3097 temporo
1178 3026 1475 3097 serntorr'oTempora
1482 3023 1630 3080 secularia
1639 3022 1747 3078 debemus

135 3131 261 3172 amorem
272 3134 355 3175 suum
365 3135 449 3192 quem
462 3118 584 3174 habebat
593 3136 649 3175 non
660 3120 828 3191 solumerga
841 3121 932 3189 illum,
974 3118 1021 3172 hic
1039 3117 1337 3187 intelligeretempora
1351 3119 1380 3169 et
1393 3113 1497 3168 saecula
1511 3129 1574 3184 quie
1603 3128 1636 3166 ex
1660 3115 1748 3166 eoten»

136 3204 284 3261 sedetiam
304 3224 372 3280 erga
388 3216 520 3280 parentes
541 3210 610 3280 ejus,
632 3225 751 3279 quorum
767 3210 933 3265 memoriam
974 3223 1042 3279 pore
1052 3222 1113 3261 esse
1129 3211 1284 3276 coeperuut,
1295 3219 1350 3275 quo
1362 3202 1484 3259 mundus
1494 3202 1585 3256 lactus
1597 3206 1649 3267 est,
1661 3199 1746 3257 noia

135 3291 275 3364 habebat3
289 3303 379 3352 certus
392 3315 455 3352 soni
465 3304 557 3353 antem
572 3300 645 3365 quod
655 3305 681 3352 ct
704 3302 736 3353 in
752 3305 784 3365 te,
801 3298 936 3355 subaudis
976 3295 1310 3350 etnox.Namanteanon
1320 3297 1402 3346 erant
1418 3290 1519 3345 secula
1529 3305 1622 3362 neque
1635 3294 1746 3359 remma

132 3382 243 3440 habitat
258 3387 355 3441 eadem
370 3387 449 3442 fides.
976 3400 1121 3457 quousque
1135 3383 1210 3439 venit
1219 3380 1381 3437 vicissitudo
1400 3380 1455 3435 diei
1466 3386 1495 3435 ει
1504 3380 1607 3445 neoda,
1617 3385 1647 3434 et
1655 3376 1747 3433 mutabi-

170 3477 286 3543 Propter
298 3491 382 3545 qoem
401 3491 524 3541 oausam,
538 3475 605 3546 quia
620 3475 704 3530 tidem
720 3491 814 3529 veram
833 3474 933 3543 habes,
975 3473 1039 3528 litas
1048 3473 1194 3544 temporis,
1203 3471 1252 3525 sed
1260 3471 1339 3541 quasi
1357 3474 1525 3524 aevumerat.
1537 3468 1631 3541 Igitur
1638 3472 1697 3523 ante
1706 3480 1747 3521 on·

135 3562 268 3616 admoneo
283 3568 306 3617 te
321 3570 351 3617 ut
367 3568 522 3619 ressuscites
535 3567 659 3632 pretinm
673 3565 804 3633 Dei,'qnae
817 3570 855 3618 ost
868 3567 899 3618 in
910 3570 934 3619 tc
974 3563 1021 3617 nia
1031 3562 1129 3616 secula
1146 3567 1175 3615 et
1186 3567 1323 3630 tempora,
1339 3558 1407 3613 data
1421 3562 1464 3612 est
1481 3558 1618 3628 apostolis
1634 3552 1746 3628 manain

135 3664 183 3715 por
192 3654 395 3720 impositionem
405 3669 544 3707 manuam
552 3652 934 3717 meorquuiaTimotheus
975 3650 1222 3723 predestinatione
1229 3649 1290 3711 Dei,
1302 3646 1375 3718 quod
1385 3647 1505 3718 apostoli
1518 3646 1622 3701 Christi
1628 3641 1747 3700 esseutia-

135 3739 379 3794 mansuetissimus
394 3746 456 3796 erat
469 3746 497 3796 et
520 3742 613 3797 nimie
632 3742 784 3812 patientie,
804 3741 935 3795 hortatur
974 3740 1041 3806 turi,
1053 3745 1186 3793 etomnes
1194 3737 1279 3791 etiam
1287 3734 1461 3790 electiaDeo
1469 3734 1659 3805 praedestinati
1667 3730 1747 3787 euntia

134 3825 215 3880 illum
229 3828 380 3898 Apostolus
395 3829 654 3899 quatenussortiter
672 3830 845 3884 consistatin
861 3845 933 3899 prae·
975 3827 1086 3883 Christo
1107 3833 1173 3881 ante
1199 3825 1313 3879 initium
1340 3823 1449 3888 mundi,
1469 3822 1584 3877 sioutin
1603 3816 1747 3894 epistolant

135 3915 283 3970 dicationis
295 3917 395 3983 oliveio,
412 3925 441 3973 et
450 3919 560 3974 lortiter
580 3918 734 3988 redarguat
747 3919 931 3988 negligentes,
974 3916 1109 3987 Ephesios
1120 3915 1224 3969 dicitur
1238 3930 1244 3965 τ
1260 3913 1314 3978 Qui
1328 3911 1537 3984 predestinavit
1548 3927 1601 3966 nos
1614 3911 1643 3965 in
1656 3910 1716 3981 ipso,
1727 3904 1747 3959 id

134 4002 358 4074 inquiens:ldeo
371 4007 549 4062 admonente
564 4017 596 4063 ut
607 4007 739 4078 evigilare
764 4006 849 4060 iacias
862 4006 891 4060 in
905 4013 934 4060 te
974 4013 1017 4060 est
1032 4006 1061 4058 in
1073 4004 1186 4059 Christo
1196 4008 1263 4056 ante
1277 4001 1375 4056 mundi
1395 4000 1626 4055 constitutionem
1639 4018 1646 4067 ;
1664 3999 1695 4052 de
1708 4009 1748 4066 qut

134 4092 255 4161 gratiam
272 4095 332 4160 Dei,
346 4103 376 4151 ut
391 4096 452 4151 sine
468 4097 569 4151 timore
589 4096 732 4167 praedices,
757 4101 786 4149 et
799 4095 934 4166 corripias
974 4092 1220 4166 predestinatione
1228 4091 1297 4146 dicit
1306 4090 1441 4144 Dominus
1454 4089 1484 4142 in
1499 4088 1650 4158 Evangelio
1661 4111 1666 4144 :
1677 4086 1749 4141 stori-

135 4190 294 4251 peccantes.
311 4185 437 4240 Gratiam
458 4191 553 4240 antem
572 4185 621 4239 Dei
638 4185 762 4255 appellat
776 4184 871 4249 tidem,
887 4184 935 4239 do·
974 4187 1025 4252 ilco
1040 4199 1090 4245 me,
1108 4182 1238 4243 tnPoter‚
1254 4179 1329 4248 oport
1356 4183 1529 4247 temetipsum
1549 4179 1749 4242 ctoritatequon

135 4270 266 4337 ctrinam,
276 4278 304 4326 et
315 4274 518 4343 operationem.
532 4273 702 4343 quaomnia
715 4273 804 4342 gratis
818 4273 930 4327 dantur.
973 4272 1059 4326 imbui
1070 4271 1098 4324 in
1115 4267 1369 4340 predestinatione,
1384 4270 1550 4335 prinsquam
1567 4266 1686 4319 inundes
1703 4262 1750 4316 rint

135 4358 199 4412 Non
214 4358 287 4413 euim
303 4361 381 4414 dedit
395 4360 475 4415 nobis
501 4362 577 4415 Deus
593 4361 724 4430 spiritum
744 4361 864 4425 timoris,
884 4341 965 4416 sedD
976 4363 1063 4429 (ioan.
1080 4364 1152 4425 xviri·
1166 4359 1392 4424 Meniseatetoest
1410 4360 1513 4419 annm,
1528 4352 1661 4408 subaudis
1673 4351 1751 4406 εειειι

135 4446 256 4501 virtutis.
266 4448 327 4502 lluo
335 4455 402 4503 sunt
413 4449 538 4515 timores,
550 4465 624 4503 unus
634 4447 732 4511 bonus,
740 4449 812 4504 alter
827 4451 931 4504 malus:
974 4449 1075 4520 gratia,
1091 4462 1165 4501 nunc
1175 4445 1204 4499 in
1230 4444 1331 4499 ultima
1345 4448 1438 4509 aetate,
1464 4458 1516 4512 per
1535 4443 1752 4497 illuminationem

135 4535 227 4591 malus
234 4537 321 4591 timor
327 4545 369 4592 est
377 4537 828 4610 quiadiaboloimmittitur,quem
836 4539 935 4594 habuit
974 4539 1127 4594 Salvatorrs
1136 4537 1226 4589 nostri
1237 4535 1300 4587 Jesn
1316 4533 1428 4597 dimisti,
1441 4531 1470 4585 id
1484 4537 1528 4585 est
1551 4547 1603 4601 per
1617 4529 1753 4585 doctrinam

134 4625 236 4682 Petrus
250 4628 362 4699 quando
385 4628 535 4683 Dominum
546 4627 670 4694 negavit,
687 4633 716 4681 et
738 4626 773 4681 de
793 4644 848 4697 quo
867 4628 935 4682 dicit
975 4632 1004 4680 et
1019 4625 1153 4678 miracula
1162 4622 1239 4677 illius
1260 4622 1308 4693 qui
1324 4622 1371 4676 lux
1386 4625 1439 4686 est,
1454 4625 1480 4674 ot
1493 4623 1544 4687 qui
1555 4621 1699 4674 ittnrninot
1711 4630 1753 4670 orn·

133 4715 271 4772 Dominus
291 4731 299 4768 ε
331 4717 421 4770 Nolite
441 4720 536 4770 timere
555 4732 596 4769 eos
620 4717 670 4783 qni
688 4717 816 4769 occidant
836 4731 934 4784 corpus
975 4732 1037 4770 nem
1051 4715 1190 4768 bominem
1204 4715 1295 4779 (loon.
1311 4713 1341 4776 r).
1357 4711 1478 4767 Ostensa
1491 4717 1536 4764 est
1549 4714 1580 4763 et
1593 4707 1755 4763 manifestati

133 4808 245 4873 (Metili.
269 4805 519 4873 xt3bonusantem
534 4803 721 4858 timoralleo
736 4803 829 4868 datur,
851 4820 934 4875 quem
975 4803 1123 4873 illigratia
1142 4802 1171 4855 in
1192 4800 1308 4866 mundo,
1339 4816 1400 4870 quse
1430 4804 1472 4853 est
1493 4798 1693 4868 predestinata
1705 4797 1755 4849 anto

134 4893 203 4948 dicit
215 4894 304 4949 isaias
314 4910 400 4966 super
416 4894 568 4948 Dominum
589 4893 768 4964 requievisse.
780 4893 813 4946 Et
828 4895 934 4962 requie·
975 4892 1120 4947 exordium
1136 4890 1242 4955 mundi,
1255 4891 1305 4958 qni
1318 4890 1457 4942 destmrert
1472 4888 1586 4955 quidem
1601 4891 1756 4949 mortemne·

132 4989 195 5049 sort,
210 4983 350 5052 inquiens,
360 4998 443 5051 snper
465 4999 528 5037 eom
551 4985 669 5052 spiritns
692 4984 801 5035 timoris
821 4983 934 5036 Domini
973 4980 1141 5050 surgendoa
1154 4977 1272 5032 mortuis
1285 4982 1313 5032 et
1326 4976 1430 5032 eleetos
1445 4991 1513 5030 suos
1540 4974 1577 5030 de
1591 4979 1680 5030 morte
1693 4985 1756 5028 revo-

135 5072 199 5138 (lro.
210 5077 293 5135 11¹,et
301 5072 336 5124 de
351 5088 405 5141 quo
419 5071 557 5127 Dominus
570 5072 600 5126 in
614 5070 765 5141 Evangelio
784 5089 791 5123 ι
821 5071 931 5136 Timete,
973 5069 1071 5137 eandm
1079 5069 1473 5123 iltnmr’naoitnntrmvitamet
1480 5066 1715 5133 incorruptionem
1720 5072 1757 5130 pn·

134 5158 237 5229 inquit,
249 5174 311 5212 eum
322 5163 371 5226 qai
382 5165 468 5227 potest
478 5164 638 5214 onimemet
647 5175 744 5228 eorpus
754 5161 876 5228 perdere.
892 5159 933 5213 De
972 5159 1172 5226 Eoonpetiam,
1183 5156 1211 5209 id
1227 5154 1361 5210 estvitam
1377 5158 1522 5217 aetemam,
1541 5159 1571 5206 et
1589 5148 1758 5223 incorruptie

134 5247 209 5302 malo
224 5245 407 5316 ergotimore,
419 5262 557 5317 perquem
573 5248 635 5318 quis
648 5247 767 5302 discedit
782 5263 798 5300 a
812 5247 877 5314 lide,
889 5246 933 5300 di·
973 5243 1385 5316 nematqueimmortalitatem
1397 5257 1481 5313 quam
1491 5239 1613 5295 habetin
1625 5256 1666 5299 se.
1676 5250 1759 5310 exque

132 5337 172 5391 cit
186 5335 335 5406 Apostolus
347 5334 392 5388 hic
403 5351 409 5385 :
420 5335 482 5389 Non
493 5337 566 5390 dedit
578 5339 654 5391 nobis
666 5341 798 5406 spiritum
811 5339 931 5402 timoris,
974 5334 1127 5391 resurrexit
1137 5331 1291 5393 amortuis,
1299 5331 1365 5401 qnia
1381 5345 1531 5399 resurgens
1542 5345 1559 5382 a
1573 5331 1700 5392 mortuis,
1711 5328 1761 5398 jau

39 5449 46 5460 ·
133 5429 166 5481 ut
179 5424 330 5479 timeamus
338 5429 531 5493 persecutores
542 5424 627 5494 hujus
637 5425 740 5490 saeculi,
753 5430 782 5479 et
791 5441 932 5480 cessemus
973 5441 1029 5480 non
1040 5423 1167 5477 moritur.
1180 5421 1231 5474 Vel
1246 5420 1370 5474 ostendit
1383 5424 1413 5472 et
1427 5417 1631 5478 manifestavit.
1646 5416 1763 5471 siveiDa·

129 5521 245 5588 propter
253 5513 334 5568 hoca
347 5511 556 5584 predicatione,
570 5514 754 5583 aedspiritnm
762 5517 887 5579 uirtutis,
901 5512 931 5568 id
972 5511 1064 5569 minat
1077 5526 1129 5581 per
1141 5507 1369 5580 predicationem
1382 5505 1535 5576 Evangelii,
1552 5505 1689 5577 quonism
1701 5504 1764 5561 sien
