3818 6104
125 227 178 285 7³5
195 208 201 217 Ι
353 227 542 283 HAYhiONlS
560 224 805 281 HALBERSTA'P.
824 223 935 279 episc.
956 221 1036 277 01³1).
1054 221 1146 277 PARS
1160 221 1183 276 1.
1200 250 1233 262 -
1249 219 1436 276 OOMMEN'I'.
1453 220 1546 276 otuu.
1692 222 1731 280 ito

379 351 496 408 CAPUT
513 348 666 407 PRIMUM.
931 349 1044 414 Arent,
1059 361 1116 401 non
1131 349 1175 401 est
1188 360 1302 401 necesse
1319 361 1384 401 cum
1400 360 1520 401 mmrore
1535 361 1622 408 orare,
1633 346 1675 400 sed
1686 363 1734 417 gra·

166 446 279 500 Paulus.
301 442 395 507 Quare
409 440 502 512 posuit
514 455 617 495 nomen
630 455 711 495 suum
726 439 755 493 in
770 437 924 510 primordio
966 438 1018 493 lias
1032 437 1091 492 Deo
1105 435 1224 491 reddere
1240 452 1247 490 ε
1264 451 1315 507 pro
1336 434 1382 491 his
1394 451 1460 490 rero
1479 434 1529 506 qui
1546 433 1678 501 labuntur,
1690 452 1736 491 cun

129 531 283 605 Epistola?
301 530 339 587 Ut
365 530 481 600 majoris
503 528 679 584 auctoritatis
696 533 771 582 esset
788 527 923 599 Epistola.
965 525 1073 597 gemitu
1083 530 1112 580 et
1125 540 1245 580 incerere
1256 524 1463 581 saturandum.

131 620 178 676 Sic
203 633 325 690 namque
347 617 423 672 soliti
446 621 512 671 sunt
528 632 612 687 agere
632 632 714 687 reges
728 622 757 671 et
775 614 925 687 principes.
1001 614 1092 683 Super
1105 616 1355 668 communicatione
1366 617 1470 677 uestro,
1480 609 1510 666 id
1524 617 1577 671 est.
1593 611 1628 665 de
1640 626 1739 669 commu·

129 709 221 773 Quare
235 723 291 762 non
306 705 425 760 servarit
444 720 550 759 morem
568 720 661 769 suurn,
680 704 809 776 ponendo
824 693 928 759 nomen
968 703 1052 758 aione
1066 718 1151 774 quam
1171 700 1280 756 habetis
1304 700 1461 765 nobiscum,
1476 700 1522 755 rel
1545 698 1612 771 qnia
1628 701 1742 772 receptis

131 794 305 866 apostolatus
323 793 366 847 sui
382 792 412 847 in
426 792 551 863 Epistola
569 793 632 858 hac,
644 792 717 848 sicut
736 793 766 847 in
788 791 928 876 omnibus2
969 790 1151 862 Evangelium
1166 794 1196 845 et
1207 788 1396 862 participastis
1406 789 1473 844 lidei
1487 789 1550 858 eius
1560 806 1567 842 ε
1578 788 1623 842 rel
1636 788 1708 843 mam
1719 789 1742 844 le

130 887 230 952 preter
239 881 267 935 in
284 880 332 934 illa
345 880 380 934 ad
393 878 544 935 Hebraeos?
557 880 589 935 ln
600 896 656 952 qua
666 880 729 936 ideo
738 878 927 951 praetermisit,
970 879 1167 935 communione
1179 884 1208 933 et
1221 877 1446 950 participatione,
1459 892 1517 949 qua
1530 874 1612 932 nobis
1625 876 1744 948 mrticipa·

128 969 279 1024 neutilitas
291 967 418 1023 lectionis
428 968 599 1023 differretur.
609 967 803 1041 Philippenses
810 974 928 1040 ergout
969 968 1020 1023 stis
1034 968 1064 1024 in
1078 965 1288 1040 predicatione,
1308 966 1375 1038 quia
1394 965 1555 1038 predicatio
1570 967 1631 1037 jam
1653 965 1745 1020 ucutet

129 1056 262 1124 diximus,
279 1064 427 1129 postquam
442 1057 585 1128 perillum
601 1057 789 1123 crediderunt,
806 1073 860 1112 non
875 1058 927 1110 clu·
970 1073 1029 1121 nos.
1044 1073 1062 1112 o
1076 1061 1168 1126 primo
1182 1056 1236 1119 die,
1252 1055 1282 1110 id
1304 1059 1349 1110 est
1367 1070 1385 1109 a
1403 1053 1559 1126 primordio
1580 1053 1654 1119 tidei,
1668 1055 1746 1121 [rotro

129 1145 290 1202 bitarerunt
299 1146 434 1218 quinipse
445 1146 678 1218 essetApostolus
688 1147 930 1218 etmagistergen-
969 1146 1132 1214 corifidimus
1147 1145 1175 1200 in
1192 1144 1312 1200 Domino
1325 1142 1405 1209 Jesu,
1420 1147 1490 1214 quio
1503 1146 1556 1212 qui
1568 1146 1646 1212 sopit
1656 1147 1683 1197 in
1695 1144 1747 1198 ou

129 1231 212 1301 tium,
229 1231 347 1305 ideoque
359 1250 414 1288 non
425 1233 479 1289 fuit
492 1246 605 1289 necesse
619 1241 651 1289 ut
665 1232 706 1290 eis
720 1236 855 1303 scribens,
865 1251 928 1306 apo·
970 1252 1036 1305 opus
1048 1235 1160 1307 mcum,
1177 1234 1205 1289 id
1219 1239 1263 1289 est
1276 1233 1407 1290 Christus
1420 1231 1470 1303 qui
1483 1232 1563 1287 dedit
1575 1231 1653 1286 robis
1662 1231 1746 1286 initium

29 1374 32 1379 .
129 1319 232 1379 stolum
248 1340 278 1378 se
294 1321 462 1377 nominaret.
473 1323 611 1378 Corinthii
621 1340 696 1389 vero,
708 1323 815 1379 seducti
826 1341 842 1378 a
852 1324 929 1378 salsis
970 1323 1035 1380 odsi
1049 1329 1079 1378 et
1099 1323 1179 1379 bona
1194 1321 1425 1387 conversationis,
1440 1319 1522 1376 dabit
1545 1325 1574 1375 et
1592 1335 1747 1393 perseueran-

131 1411 285 1484 prophetia,
297 1416 473 1465 recesserunt
487 1427 502 1464 a
518 1411 582 1477 ilde,
595 1416 624 1466 et
638 1410 836 1467 dubitaverunt
850 1411 929 1466 illum
970 1411 1040 1466 tiam
1057 1427 1145 1483 usque
1166 1410 1282 1465 indiam
1298 1408 1407 1476 mortis,
1424 1408 1468 1462 rel
1487 1424 1580 1479 usque
1593 1408 1629 1462 ari
1642 1407 1706 1463 diem
1715 1408 1748 1478 ju·

132 1516 193 1556 esse
216 1501 372 1570 apostolum
387 1516 404 1554 n
418 1499 476 1554 Deo
490 1500 609 1554 electum
633 1505 663 1555 et
686 1501 812 1566 missum,
834 1501 930 1555 dicen·
972 1499 1038 1555 dicii
1052 1516 1103 1572 per
1114 1499 1330 1554 successionem.

130 1594 173 1644 tes
188 1607 194 1643 :
210 1588 282 1643 Vere
299 1588 401 1644 Paulus
416 1605 473 1643 non
487 1588 555 1643 vidit
569 1589 713 1644 Christum
727 1590 756 1645 iu
772 1606 865 1653 carne,
883 1606 931 1644 ne·
1006 1589 1084 1645 Sumit
1099 1594 1137 1643 cst
1150 1589 1221 1665 mihi
1229 1591 1352 1658 justum,
1364 1588 1392 1643 id
1403 1591 1447 1643 est
1456 1589 1569 1659 iustum
1585 1591 1629 1641 est
1640 1586 1702 1641 mihi
1712 1587 1748 1642 boo

131 1694 185 1749 que
198 1678 259 1748 ejus
271 1677 398 1732 doctrina
410 1684 453 1732 est
476 1693 550 1732 vera.
572 1679 596 1732 A
611 1694 666 1750 quo
681 1695 793 1735 neeesse
805 1678 886 1733 duxit
898 1694 929 1732 se
939 1662 962 1723 Β
972 1677 1131 1748 intelligere
1140 1677 1268 1742 devehis,
1277 1677 1344 1748 quia
1350 1674 1554 1748 permanebitis
1563 1675 1594 1730 in
1601 1674 1747 1739 tldeChristi,

130 1766 288 1836 apostolum
310 1765 467 1830 nominare,
493 1765 640 1836 inquiens3
672 1769 773 1822 Poutus
794 1770 931 1836 apostotus
972 1770 1002 1820 et
1014 1765 1078 1820 ideo
1091 1765 1179 1821 debeo
1188 1765 1312 1836 paudere
1321 1769 1351 1819 et
1362 1766 1410 1819 troc
1421 1765 1535 1827 sentire,
1548 1762 1748 1834 idestintellige

131 1855 232 1908 uonub
242 1855 411 1920 hominibus,
420 1869 505 1923 neque
514 1870 564 1924 per
574 1856 777 1924 uanissimam
784 1857 932 1924 pertesum
972 1871 1013 1919 re,
1027 1871 1056 1909 eo
1068 1856 1141 1924 quod
1156 1855 1270 1909 habeam
1283 1870 1328 1909 ros
1343 1856 1375 1908 in
1385 1853 1465 1907 corde
1479 1857 1506 1906 et
1520 1854 1553 1907 in
1565 1854 1680 1906 uinculis
1690 1854 1746 1918 mdc,

129 1943 272 2000 Christum
294 1950 319 1999 et
349 1945 433 1998 decem
458 1945 568 1998 Putrem
595 1945 699 2009 (duint.
723 1949 757 2010 ι),
781 1943 930 2000 Sciendum
972 1942 1107 1999 subaudis
1121 1943 1207 1998 vestri
1219 1941 1394 1997 reminiscor.

130 2031 216 2087 etiam
233 2032 316 2088 beato
330 2032 418 2088 Paulo
437 2032 590 2087 revelatum
604 2048 666 2088 esse
681 2048 731 2105 per
751 2032 840 2088 visum
857 2031 932 2104 quod
1011 2033 1094 2086 Testis
1103 2037 1142 2086 est
1157 2031 1229 2086 mibi
1241 2032 1312 2085 lieus
1321 2029 1456 2099 quomodo
1469 2047 1516 2084 nos
1526 2033 1641 2100 cupium
1654 2029 1682 2082 in
1691 2032 1747 2083 riu

131 2120 357 2191 Philippensibus
369 2120 485 2175 verbum
496 2121 546 2176 Dei
556 2120 671 2176 deberet
684 2121 932 2194 praedicaremus
972 2122 1051 2176 ribus
1062 2123 1126 2177 lesu
1142 2120 1255 2177 Christi.
1269 2119 1385 2174 Viscera
1398 2118 1534 2173 dicuntur
1546 2117 1600 2172 tilii
1614 2134 1621 2170 :
1640 2121 1668 2171 et
1682 2116 1747 2171 visus

132 2208 263 2279 apparuit
272 2209 309 2270 ei,
321 2215 353 2263 ut
362 2209 482 2280 legimus
492 2209 521 2263 in
531 2210 648 2265 Actibus
658 2211 848 2282 apostolorum
859 2213 930 2280 (cop.
973 2209 1216 2282 diciturquidquid
1226 2210 1302 2264 intra
1310 2208 1417 2263 corinna
1427 2215 1481 2262 est.
1493 2205 1675 2263 Ideoduobus
1683 2205 1746 2261 moli

132 2299 200 2364 xus).
215 2296 256 2350 vir
270 2297 394 2361 Macedo,
409 2297 563 2368 deprecans
574 2314 638 2353 eum
654 2305 683 2353 et
697 2297 792 2353 dicens
810 2317 816 2352 :
833 2301 933 2354 Prom-
973 2300 1152 2372 intelligitur.
1177 2299 1276 2371 Cupio,
1292 2297 1432 2369 inquiens,
1453 2313 1553 2353 omnes
1568 2314 1617 2352 vos
1635 2297 1701 2352 filios
1714 2294 1746 2350 liri

134 2387 192 2438 iens
203 2388 235 2438 in
245 2385 443 2450 Macedonium,
455 2387 559 2456 adjuro
572 2403 629 2441 nor.
640 2386 695 2454 Qui
704 2387 746 2441 vir
755 2387 873 2458 angelus
881 2387 932 2443 Dei
973 2405 1045 2455 esse,
1059 2388 1102 2442 vel
1116 2387 1198 2459 cupio
1213 2392 1247 2443 ut
1259 2387 1319 2458 ipse
1330 2386 1368 2441 sit
1381 2386 1519 2457 templum
1536 2392 1668 2446 restrum,
1683 2390 1746 2440 etms

132 2471 220 2528 fuisse
229 2474 354 2530 creditur
364 2475 406 2529 illi
414 2475 492 2546 genti
503 2475 756 2546 positusaDco.Pt
766 2477 931 2532 Timotheus.
973 2476 1213 2532 communicantes
1223 2474 1333 2546 corpori
1343 2479 1372 2528 et
1382 2474 1514 2546 sanguini
1523 2473 1745 2545 ejusmaneatieir

134 2560 228 2627 Quare
237 2562 433 2635 interponebat
443 2565 557 2619 nomina
569 2564 770 2636 discipulorum
783 2565 813 2620 in
826 2565 934 2638 Episto·
973 2565 1032 2620 illo.

133 2651 169 2706 lis
183 2651 263 2706 suist
284 2651 322 2708 Ut
341 2653 457 2723 majoris
479 2653 655 2709 auctoritatis
679 2660 763 2719 esset,
779 2653 933 2710 seeundum
1010 2656 1042 2710 llt
1056 2655 1105 2709 hoo
1118 2670 1165 2709 oro
1180 2659 1212 2708 ut
1234 2655 1356 2709 chorites
1380 2659 1481 2719 rastro,
1498 2659 1529 2709 et
1548 2658 1659 2718 catera,
1672 2652 1696 2708 id
1710 2655 1744 2716 est,
1785 2640 1787 2713 ᾗ

134 2740 208 2813 quod
222 2740 358 2796 Dominus
372 2741 464 2796 dixit:
487 2744 520 2796 ln
534 2759 580 2797 ore
594 2744 716 2798 duorum
734 2744 775 2797 oei
790 2746 878 2797 trium
895 2748 933 2798 te·
975 2743 1048 2799 sicut
1071 2743 1140 2798 fides
1154 2741 1240 2798 habet
1262 2743 1386 2808 initium,
1413 2742 1500 2798 habet
1527 2742 1747 2798 incrementum
1785 2784 1787 2827 l

133 2833 218 2885 stium
234 2835 283 2884 stet
299 2846 379 2886 omne
391 2832 505 2885 uerbum
525 2833 614 2900 (deut.
629 2836 724 2901 xxvii),
741 2837 770 2886 et
784 2848 819 2886 ne
833 2832 936 2904 aliquis
975 2833 1186 2905 perfectionem,
1203 2832 1243 2887 ita
1257 2831 1389 2887 charitas.
1405 2831 1473 2897 Oro,
1495 2830 1599 2903 inquit,
1614 2836 1648 2887 ut
1659 2843 1746 2886 nonu·

134 2919 249 2985 diceret,
260 2919 289 2974 in
305 2919 451 2975 mendacio
464 2919 519 2975 ista
531 2921 686 2993 excogitata
700 2927 776 2988 sunt,
792 2921 835 2977 rel
849 2921 935 2976 etiam
976 2921 1034 2976 lum
1053 2921 1082 2976 in
1103 2921 1193 2976 Deum
1207 2926 1236 2976 et
1249 2920 1419 2993 proximum,
1435 2919 1485 2976 sed
1500 2920 1587 2976 etiarn
1600 2920 1635 2975 ad
1648 2917 1746 2975 inimicos

134 3006 291 3078 complebat
304 3007 364 3079 ipse
379 3008 529 3079 Apostolus
542 3010 615 3081 quod
631 3010 766 3066 docuerat
778 3010 875 3065 dicens
888 3010 965 3078 :Sic
976 3010 1144 3065 extendatur
1165 3009 1288 3064 charitas
1310 3015 1412 3075 vestra,
1434 3012 1467 3064 in
1491 3013 1618 3076 scientio,
1643 3003 1748 3064 somniis

134 3095 180 3149 cui
194 3099 345 3150 revelatum
359 3097 447 3164 suerit
462 3099 568 3152 sedenti
581 3100 699 3168 aliquid,
710 3101 791 3167 prior
805 3103 892 3153 tacent
906 3098 937 3170 (1
948 3088 951 3093 ’
974 3097 1054 3170 legis,
1065 3102 1089 3152 et
1100 3101 1131 3152 in
1141 3101 1220 3153 omni
1230 3114 1321 3161 semu,
1333 3097 1362 3153 id
1377 3101 1420 3153 est
1434 3097 1565 3154 doctrina
1580 3094 1717 3170 Evangelii,
1725 3093 1747 3147 tl

136 3181 197 3238 Cor.
214 3187 277 3249 xiv).
300 3183 370 3236 Nam
394 3185 506 3255 quando
530 3184 653 3240 dictabat
672 3185 822 3257 Epistulas,
837 3201 935 3241 ornnes
974 3189 1103 3258 probetis,
1119 3186 1148 3241 id
1166 3192 1211 3241 est
1224 3185 1390 3257 intelligatis
1405 3188 1514 3259 majora
1528 3187 1565 3242 de
1578 3187 1646 3253 Deo,
1664 3190 1691 3242 ut
1705 3183 1746 3240 sitit

135 3268 264 3340 discipuli
279 3271 341 3340 eius
359 3271 497 3326 aderant:
515 3279 544 3326 st
558 3274 581 3327 si
598 3274 679 3328 alicui
695 3274 806 3328 illorum
822 3274 878 3329 alia
890 3290 936 3330 re·
976 3279 1087 3339 sinceri,
1102 3275 1129 3329 id
1141 3280 1185 3329 est
1198 3275 1313 3347 perfecti
1326 3275 1355 3330 in
1364 3276 1433 3340 Deo,
1444 3281 1474 3330 et
1483 3277 1550 3342 ilde,
1559 3281 1589 3332 et
1600 3277 1630 3333 in
1639 3275 1704 3332 omni
1713 3272 1746 3328 bo·

67 3410 72 3422 ,
135 3357 227 3411 uelata
237 3364 340 3422 meent,
353 3375 415 3430 quae
427 3359 487 3430 ipse
497 3375 553 3414 non
565 3360 685 3426 dicebat,
698 3365 747 3415 aut
757 3362 842 3416 aliter
850 3350 933 3433 quam
977 3364 1076 3419 nitate.
1089 3363 1211 3419 Sinceris
1225 3363 1496 3420 materiaestsolida
1505 3373 1535 3420 et
1545 3367 1637 3432 firma,
1647 3362 1745 3439 queml

136 3445 256 3510 dicebat,
268 3447 415 3518 quiaidem
424 3447 771 3519 Spiritussanctuseratin
780 3450 935 3523 discipulis,
976 3454 1030 3508 lius
1041 3453 1081 3507 rei
1096 3453 1231 3508 varietate
1241 3454 1410 3519 maculatur,
1423 3454 1464 3507 ita
1477 3453 1563 3511 debet
1573 3461 1602 3511 et
1611 3455 1676 3510 tides
1684 3451 1743 3507 uiis

137 3534 186 3607 qui
200 3541 229 3590 et
243 3535 270 3590 in
284 3536 438 3607 magistro:
455 3536 536 3591 sicuti
550 3537 586 3593 ab
602 3537 649 3592 illo
663 3537 818 3603 dicebatur,
833 3539 874 3594 ita
889 3557 935 3611 po-
976 3558 1046 3597 esse.
1061 3541 1128 3597 Sine
1142 3545 1253 3608 offensa,
1276 3540 1305 3596 id
1327 3547 1379 3601 est,
1397 3540 1459 3596 siue
1480 3542 1644 3609 edendune,
1659 3547 1685 3597 ia
1695 3541 1743 3594 um

136 3622 222 3679 nebat
233 3624 280 3679 ille
292 3623 321 3678 in
335 3624 473 3692 ordinem,
486 3641 543 3680 non
558 3624 685 3681 inridens
699 3625 788 3681 bonus
802 3628 936 3698 magister
973 3632 1085 3701 iudicii,
1101 3632 1200 3698 repleti
1220 3631 1316 3696 fructu
1332 3632 1463 3699 justitie,
1480 3630 1509 3685 id
1524 3638 1579 3697 est,
1595 3632 1656 3687 sitis
1675 3622 1743 3700 repleti

136 3715 195 3770 suis
209 3714 364 3784 discipulis,
380 3719 409 3769 et
428 3714 545 3786 insuper
566 3732 668 3771 nornen
682 3716 759 3772 illius
772 3717 894 3788 ponebat
906 3717 935 3771 in
976 3718 1107 3773 omnibus
1119 3717 1280 3783 virtutibus,
1292 3717 1328 3772 (le
1338 3717 1441 3790 quibus
1451 3718 1521 3774 dicit
1530 3720 1689 3792 Apostolus:
1699 3716 1740 3770 m
1785 3726 1787 3733 ’

138 3803 251 3859 exordio
263 3818 326 3858 cum
341 3818 402 3868 suo,
413 3803 479 3874 quia
495 3809 603 3874 partem
616 3805 678 3874 ejus
690 3804 934 3862 habebat-Seruus.
977 3812 1036 3862 ctus
1051 3813 1145 3862 nutem
1159 3807 1284 3876 Spiritus
1298 3813 1336 3860 est
1349 3808 1497 3874 pourtium,
1510 3823 1572 3876 pua
1584 3809 1652 3876 (Coi.
1664 3810 1694 3870 vl,
1704 3807 1741 3856 eit,
1784 3822 1787 3873 ς

139 3891 226 3947 Sicuti
239 3891 415 3963 gloriabatur
428 3892 531 3963 aliquis
544 3894 691 3949 consulum
705 3910 816 3950 seruum
831 3912 861 3950 se
876 3911 937 3951 esse
978 3897 1011 3952 lu
1025 3899 1146 3964 plotium
1166 3900 1191 3949 rt
1206 3896 1316 3949 modom
1334 3896 1392 3960 Dei,
1410 3902 1443 3950 ut
1460 3895 1638 3967 glorificetur
1651 3886 1744 3950 neuin

136 3979 325 4053 imperatoris,
342 3987 375 4035 ut
388 3980 600 4038 Andromaches
614 3998 711 4039 servus
725 3983 881 4048 Octaviani,
897 3983 938 4038 ita
978 3983 1054 4039 robis
1067 3989 1096 4038 et
1111 3983 1247 4038 Dominus
1260 3983 1341 4038 Jesus
1355 3982 1496 4051 laudetur,
1514 4001 1566 4056 per
1585 3999 1666 4057 quem
1680 3975 1745 4037 omni

138 4074 167 4124 et
179 4070 339 4141 Apostolus,
354 4075 386 4125 ut
401 4071 462 4140 eius
475 4070 598 4141 Epistola
613 4071 814 4132 llrmiocesset,
828 4070 939 4126 dicebat
979 4072 1054 4128 bona
1066 4071 1213 4127 habemus.
1782 4050 1787 4121 i

138 4173 169 4214 se
180 4174 291 4213 servum
306 4174 367 4212 esee
382 4158 495 4219 Christi,
511 4159 639 4213 omnibus
652 4162 766 4224 sanctis,
778 4159 805 4214 id
818 4165 861 4214 est
873 4176 937 4214 om·
1015 4163 1091 4217 Scire
1105 4167 1198 4215 autem
1216 4176 1261 4215 uos
1275 4163 1343 4225 ocio,
1359 4162 1472 4228 fratres,
1490 4163 1560 4230 puio
1580 4178 1639 4231 qua
1651 4165 1711 4216 circu
1720 4166 1746 4208 m
1784 4128 1787 4243 J

139 4242 221 4299 nibus
235 4245 417 4300 sanctificatis
430 4246 459 4299 in
472 4245 653 4317 baptismate,
669 4252 698 4301 et
719 4247 747 4301 in
762 4264 797 4303 cu
812 4248 937 4303 sanctiti-
978 4254 1054 4312 sunt,
1068 4253 1156 4317 inopis
1166 4251 1364 4318 adprosectum
1377 4255 1512 4303 renuunt
1523 4246 1748 4319 transacturus
1782 4246 1787 4297 i

138 4332 248 4387 catione
263 4331 452 4396 manentibus,
467 4337 595 4402 quisunt
611 4335 745 4405 Philippis
761 4353 824 4391 eum
838 4329 1078 4406 spisse-Dbeatns
1087 4336 1239 4408 Apostolus
1250 4335 1441 4408 Philippenses
1450 4337 1614 4393 contristari
1624 4329 1748 4394 demitti·

137 4423 191 4491 pls,
211 4421 239 4474 id
258 4426 302 4475 est
320 4436 383 4474 cum
404 4420 575 4493 presbyteris
591 4441 597 4476 :
614 4421 682 4493 quia
701 4439 757 4479 una
770 4424 867 4480 civitas
881 4441 937 4480 nou
977 4424 1170 4483 halationibus
1184 4433 1212 4480 et
1226 4424 1374 4479 condolere
1388 4423 1424 4478 de
1437 4424 1497 4479 suis
1510 4425 1750 4488 infirmitatibusrt

139 4518 233 4586 potest
247 4510 350 4566 habere
359 4510 453 4582 plures
472 4510 623 4583 episcopos.
636 4512 773 4584 Philippis
785 4519 828 4568 est
841 4513 939 4569 civitas
978 4516 1019 4571 illi
1033 4514 1186 4571 delicerent
1198 4514 1228 4568 in
1243 4514 1297 4569 ilde
1312 4513 1460 4568 audientes
1475 4531 1541 4570 eum
1552 4515 1624 4570 talia
1633 4505 1750 4587 patiami·

139 4602 263 4668 Graeciae,
275 4617 359 4673 quam
374 4599 521 4656 aedidcsvit
537 4599 683 4671 Philippus
696 4608 777 4672 pater
790 4603 939 4673 adoptivus
980 4604 1064 4660 hebet
1075 4605 1116 4658 eis
1127 4603 1223 4658 dicens
1238 4622 1243 4657 :
1262 4603 1325 4658 Scio
1335 4602 1449 4674 quidem
1460 4619 1508 4658 ros
1521 4599 1647 4677 compati
1658 4596 1751 4659 ulicis

139 4691 300 4757 Alexandri,
312 4705 484 4745 recenseam
497 4688 870 4762 nominesuoPhilippis3et
880 4693 939 4745 dio·
979 4692 1062 4747 nibus
1085 4692 1164 4752 meis,
1188 4690 1236 4746 sed
1261 4691 1435 4746 innotescere
1457 4691 1536 4747 vobis
1561 4697 1621 4748 uolo
1644 4695 1751 4763 quium!
1784 4672 1787 4753 i

140 4786 261 4846 conitus,
274 4781 408 4837 subaudis
423 4779 459 4835 sit
470 4779 546 4835 salus
557 4785 585 4833 et
599 4779 727 4834 remissio
741 4785 934 4851 peecatorum.
979 4785 1054 4835 circu
1068 4797 1111 4835 nie
1127 4785 1202 4836 sunt.
1224 4780 1335 4834 uincula
1358 4780 1498 4843 videlicet,
1522 4798 1619 4837 carcer
1632 4789 1661 4837 et
1671 4779 1750 4850 cippo,
1785 4814 1787 4837 ;

177 4874 287 4929 (iratius
301 4887 352 4940 opo
367 4872 417 4926 Ceo
432 4885 490 4923 meo
502 4872 534 4923 in
550 4871 628 4923 omni
649 4872 783 4923 meritorio
798 4874 890 4934 vestri,
909 4871 939 4926 id
979 4872 1068 4937 mucis
1079 4871 1116 4923 ort
1122 4870 1286 4937 proiectum,
1299 4869 1326 4923 id
1338 4875 1390 4930 est,
1402 4870 1437 4922 ad
1449 4869 1603 4926 utilitatem
1615 4877 1643 4927 et
1652 4876 1753 4939 irrugiit?r
1785 4892 1787 4927 !

141 4965 194 5025 est,
209 4961 238 5014 in
258 4960 393 5015 memoria
410 4959 475 5014 iudei
490 4962 597 5021 vestrm,
612 4957 641 5012 in
658 4957 813 5030 quasolide
828 4975 939 5030 perma-
980 4950 1753 5028 tumsuntErumpetii,quomadcontrarietatem.ltotl
1784 4970 1787 4977 ·

140 5049 223 5113 netis,
237 5048 344 5117 gratias
358 5047 444 5103 reddo
458 5048 516 5103 Deo
538 5047 581 5103 sel
603 5062 712 5101 memor
730 5046 815 5100 vestri
836 5064 941 5117 semper
981 5050 1094 5102 uinculo
1109 5062 1170 5100 men
1184 5051 1215 5100 in
1230 5047 1348 5110 Christo,
1363 5045 1390 5099 id
1405 5051 1458 5110 est,
1475 5062 1537 5117 quse
1552 5063 1611 5102 non
1627 5062 1674 5118 pro
1686 5043 1754 5113 aliqu
1784 5068 1787 5097 ι

143 5136 173 5187 in
191 5136 261 5186 meis
282 5135 454 5187 orationibus
468 5135 575 5205 gratias
588 5151 641 5205 ago
655 5133 710 5198 illi,
722 5131 769 5205 qui
783 5149 830 5188 ros
842 5136 942 5189 contir-
982 5135 1038 5189 alio
1049 5133 1166 5188 crimine
1180 5133 1315 5197 sustineo,
1331 5132 1380 5186 secl
1394 5139 1508 5203 propter
1517 5134 1673 5198 Christum,
1687 5129 1755 5185 mori·

140 5226 200 5276 mat
213 5235 327 5291 semper
340 5221 369 5274 in
381 5220 445 5274 tide.
981 5224 1051 5291 festu
1066 5227 1162 5291 tierent
1177 5225 1209 5276 iu
1223 5225 1301 5277 omni
1312 5225 1443 5291 pretorio
1458 5228 1483 5277 et
1497 5226 1530 5277 in
1543 5228 1646 5278 ceteris
1658 5218 1757 5278 omnim
1785 5228 1787 5233 '

177 5310 247 5365 Cum
259 5309 369 5377 pruciis,
380 5307 514 5363 subaudis
526 5311 656 5382 spiritali,
670 5313 885 5381 deprecationem
894 5314 942 5381 su·
982 5311 1060 5367 locis.
1073 5313 1180 5368 Praetor
1189 5310 1319 5367 dicituro
1330 5311 1481 5383 praeeundo
1490 5317 1520 5366 et
1530 5312 1613 5383 quasi
1622 5313 1759 5385 preceptor.

141 5400 227 5466 meru,
236 5412 292 5451 non
304 5411 368 5450 cum
384 5411 513 5452 mucrore.
531 5399 586 5454 Pro
601 5400 657 5455 illis
672 5401 763 5472 quiin
777 5402 832 5456 ilde
846 5417 942 5474 perse·
983 5401 1050 5474 quia
1061 5407 1204 5473 praecepta
1213 5402 1262 5455 dat
1274 5400 1386 5472 populo.
1397 5400 1566 5455 Pretorium
1575 5408 1669 5456 autem
1676 5396 1762 5454 dicitu

107 5560 113 5569 ἱ
145 5491 243 5559 reram
257 5491 286 5540 et
303 5482 485 5554 ddemquam
500 5490 607 5561 tenent,
626 5487 707 5553 bonis
720 5489 943 5563 operibusexor·
984 5491 1065 5563 quasi
1076 5489 1302 5562 praeceptorium,
1314 5506 1347 5546 eo
1358 5489 1433 5562 quod
1447 5487 1487 5544 ibi
1498 5494 1635 5561 praetores
1647 5490 1763 5561 naept-
