3818 6104
126 245 180 307 lb'l
355 253 544 313 HAYMONIS
561 257 806 318 adnotasset.
822 263 932 320 EPlSO.
953 264 1033 322 OPP.
1051 265 1142 322 PARS
1156 265 1179 322 l.
1197 260 1230 308 -ὶ
1245 261 1431 324 contar.
1449 265 1542 327 BIBL.
1691 269 1729 334 llt

128 375 170 430 Ad
180 375 239 432 haee
249 378 398 450 Apostolus
409 400 414 435 :
426 381 464 437 Ut
472 389 581 455 gentes,
592 384 694 461 inquit,
704 388 921 444 misericordiam
932 392 957 450 Α
968 392 1177 446 ddeveniturad
1185 389 1479 462 bonaoperaageads,
1487 408 1542 446 non
1550 388 1728 463 aboperibasm

129 475 376 538 consequerentur,
393 478 422 525 et
436 472 488 545 ipsi
505 477 682 544 postmodum
705 478 732 531 in
752 480 807 533 line
831 481 925 534 saeculi
968 482 1051 535 sidem
1063 500 1068 533 :
1081 480 1219 534 nisienim
1230 481 1468 534 Corneliuslidem
1480 479 1726 551 primumhaboisset,

129 565 346 626 consequantur,
363 559 384 612 si
411 562 484 614 enirn
509 563 538 615 in
567 563 657 634 primo
677 567 786 620 Domini
805 568 926 622 adventu
968 576 1125 639 praeventus
1137 568 1172 622 ab
1184 568 1367 639 inspiratione
1382 568 1487 630 divina,
1504 582 1668 641 nequaquam
1680 570 1726 627 lona

130 643 322 712 credidissent,
344 664 374 701 cx
389 649 459 718 legis
472 651 602 723 operibns
616 670 645 706 se
662 655 829 722 justificatos
844 663 926 728 puta-
968 674 1054 731 opera
1068 656 1212 710 habuisset
1236 656 1300 721 Sed,
1318 657 1391 711 sicut
1408 655 1509 712 beatas
1524 656 1665 727 Gregorius
1675 658 1725 724 dicit,

129 740 202 806 rent3
219 734 247 786 in
266 737 322 792 sine
336 754 400 792 vero
414 741 506 794 saeculi
531 757 593 794 eum
617 744 802 811 crediderent,
819 747 927 800 miseri·
969 752 1126 817 praeventus
1140 751 1184 799 est
1197 761 1213 799 a
1228 745 1285 800 Deo
1300 752 1333 800 ut
1354 746 1473 800 haberet
1489 745 1574 799 tidem
1595 746 1666 798 anius
1684 747 1726 802 bei·

130 829 254 885 cordiam
269 835 431 882 consecutos
449 846 479 882 se
493 846 550 884 non
571 830 749 891 dubitabunt.
767 834 846 889 Unde
861 834 928 889 sub·
969 835 1044 897 tatis,
1064 851 1119 888 non
1133 839 1228 888 tamen
1242 833 1272 899 in
1285 834 1452 888 Trinitatem
1469 848 1645 905 personarum
1657 834 1677 887 in
1688 834 1726 891 lieo

129 917 172 972 dit
187 937 193 972 :
969 922 1176 993 essecognovit,
1184 922 1366 993 quoadusque
1376 922 1477 976 Petrus
1485 921 1520 976 ad
1531 936 1593 975 eum
1601 922 1725 978 esiciam

166 1008 304 1063 Oonclan't
316 1011 386 1075 Deus
401 1012 507 1075 ornata,
523 1010 551 1063 id
573 1016 616 1064 est
638 1011 764 1066 omnium
783 1011 928 1066 hominum
969 1011 1168 1082 Unusquisque.
1182 1019 1276 1064 autem
1290 1009 1346 1064 Deo
1358 1009 1446 1064 fldem
1456 1014 1484 1063 et
1499 1024 1585 1081 opem
1597 1010 1725 1075 suatrlbait,

128 1113 242 1168 genera,
268 1102 298 1152 ia
317 1100 523 1161 incredulitate,
544 1098 571 1152 id
594 1106 636 1153 est
654 1101 781 1155 concludi
802 1100 930 1172 permisit
970 1101 1081 1171 quando
1093 1101 1255 1170 ejusgratia
1268 1106 1425 1168 preventus
1436 1097 1527 1152 credit
1536 1097 1564 1151 in
1574 1103 1671 1158 comet
1679 1097 1726 1153 boae

128 1173 204 1241 intra
218 1185 451 1249 incredulitatem,
471 1193 502 1240 at
517 1192 644 1241 omnium
657 1194 831 1244 misereatur.
854 1191 927 1245 Con·
970 1204 1054 1259 opera
1064 1188 1217 1241 exercendo
1229 1189 1324 1242 studet
1338 1187 1477 1241 uoluntati
1492 1186 1554 1259 ejus
1571 1185 1673 1259 placere.
1683 1186 1726 1253 Ono

129 1277 222 1329 clusos
235 1292 296 1329 esse
311 1276 436 1329 ostendit
447 1282 503 1329 tam
521 1276 632 1330 ludaeos
647 1294 730 1348 quam
744 1279 864 1347 gentiles
878 1278 929 1343 sub
971 1279 1050 1329 niam
1064 1291 1096 1329 ca
1111 1278 1178 1342 qno,
1195 1275 1223 1329 id
1247 1281 1335 1329 estex
1357 1281 1436 1345 parte
1451 1281 1519 1328 sunt
1537 1274 1637 1336 omnia,
1649 1272 1726 1344 quiaal

129 1368 243 1434 peccato
259 1363 464 1427 incredulitatis
476 1383 483 1429 ;
494 1363 609 1418 iudans
620 1366 731 1436 quidem
749 1367 836 1437 legem
850 1375 930 1422 natu·
971 1365 1031 1434 ipso
1044 1364 1181 1434 originem
1197 1353 1393 1434 sumpserunt:
1409 1368 1434 1416 et
1449 1379 1499 1431 per
1510 1365 1609 1431 ipsam,
1619 1362 1642 1413 id
1656 1368 1727 1432 estper

129 1438 218 1504 halem
234 1460 261 1505 et
276 1452 409 1522 scriptam
427 1453 606 1509 destruendo.
624 1453 744 1523 gentiles
767 1473 829 1508 vero
845 1463 928 1509 natu·
970 1455 1082 1516 Filium,
1093 1455 1347 1525 suntomnia.quia
1357 1454 1492 1525 perillum
1504 1453 1726 1517 omniaiactasuot;

130 1540 218 1594 ralem
242 1539 331 1607 legem
356 1540 497 1593 calcando.
515 1541 567 1594 Sed
591 1549 622 1595 ut
645 1543 747 1595 clarior
768 1545 847 1597 lieret
866 1545 927 1614 ejus
969 1548 992 1595 et
1004 1549 1034 1596 tn
1048 1550 1114 1610 ipso.
1126 1543 1151 1595 id
1168 1552 1210 1596 est
1223 1543 1252 1595 in
1267 1541 1375 1612 Spiritu
1391 1549 1498 1600 sancto,
1511 1539 1727 1609 contemnitque

129 1629 221 1698 gratia
237 1645 292 1698 qua
312 1629 495 1682 dimittantur
517 1638 630 1699 peccata
650 1632 693 1684 his
714 1632 750 1684 ita
778 1634 924 1696 conclusis,
968 1635 995 1687 in
1013 1632 1059 1684 illo
1075 1632 1234 1684 consistunt
1248 1677 1253 1686 .
1269 1646 1332 1684 ecce
1344 1629 1468 1683 Trinitas
1483 1644 1664 1700 personarum.
1676 1626 1727 1692 Quoi

128 1704 234 1787 placuit
248 1718 273 1771 ei
292 1727 358 1771 tunc
370 1716 513 1771 abolendis
529 1720 648 1788 peccatis
664 1721 819 1785 hominum,
833 1740 926 1775 sacra·
939 1745 960 1802 B
971 1737 1035 1773 vero
1049 1720 1145 1773 subdit
1159 1739 1165 1773 :
1185 1722 1239 1786 lini
1253 1723 1355 1784 gloria,
1369 1719 1455 1772 trium
1472 1733 1646 1789 personarum
1661 1720 1728 1770 unaet

130 1815 257 1859 mentum
280 1807 452 1860 remissionis
467 1808 567 1860 alteria
584 1808 695 1878 quando
718 1826 801 1862 nomo
822 1818 930 1880 poterat
971 1805 1728 1878 singularissubstantiadeclaratur,slcutetlsaiasetiaa

130 1892 236 1958 desole
250 1894 357 1948 meritis
370 1895 494 1964 gloriari.
508 1896 647 1950 lncreduli
662 1897 799 1967 siquidem
817 1901 930 1952 luerunt
972 1898 1040 1950 dicit
1054 1914 1083 1950 se
1098 1896 1209 1949 audisse
1220 1896 1312 1949 dicere
1328 1896 1475 1965 Seraphim
1491 1894 1631 1954 :Societas
1643 1897 1725 1947 sanctur¹

129 1984 259 2053 gentiles,
273 1984 321 2036 sed
339 1983 559 2037 misericordiam
577 1984 624 2038 Dei
644 1985 678 2038 ab
700 2002 733 2038 eo
749 1987 846 2043 vocati.
864 2003 930 2040 con·
972 1992 1084 2038 sanctas
1098 1983 1442 2040 DominimltcuaSabcwtb
1456 1977 1727 2044 itsa.v1t'l'erdicitde

130 2057 219 2125 secuti
241 2078 316 2126 sunt.
340 2073 412 2136 Sunt
439 2072 520 2125 modo
544 2080 572 2126 et
598 2073 685 2126 liideei
710 2074 857 2133 increduli,
882 2076 931 2129 sed
973 2074 1099 2144 personis
1114 2080 1237 2135 sanctus,
1258 2079 1286 2126 et
1309 2087 1363 2125 una
1381 2070 1578 2125 tantummodo
1592 2068 1727 2123 virebant·

131 2160 311 2214 miserebitur
320 2177 427 2214 eorum.
440 2161 531 2224 Quaere
541 2169 636 2214 tamen
648 2162 855 2215 multitudinem
865 2180 932 2233 gen·
971 2165 1073 2234 jestate
1089 2162 1232 2215 Dominus.
1252 2161 1389 2214 Similiter
1399 2166 1428 2213 et
1447 2159 1612 2212 l'salmista:
1628 2158 1727 2211 andini

131 2248 202 2302 tium
228 2255 307 2303 tanto
331 2257 458 2318 tempore
482 2249 616 2318 abiecerit
641 2250 723 2305 neus.
738 2252 848 2305 Juilaos
868 2268 932 2305 vero
974 2268 1023 2306 nos
1039 2252 1107 2304 Orus
1122 2249 1215 2308 Pater,
1231 2250 1368 2302 benedicat
1382 2249 1450 2302 Oeae
1462 2244 1560 2305 Filius,
1576 2246 1728 2300 benedicatis

132 2335 270 2402 dilexerit,
285 2343 313 2390 et
328 2336 504 2407 postmodum
517 2336 545 2390 in
559 2337 680 2391 adventu
696 2355 745 2391 suo
756 2339 887 2408 gentibus
897 2341 931 2393 ad
976 2341 1042 2393 nem
1058 2338 1178 2408 Spiritus
1198 2343 1320 2395 sanctus,
1345 2340 1370 2388 et
1384 2341 1511 2389 metuant
1526 2333 1728 2398 caenomanica

133 2442 163 2479 se
177 2424 300 2479 collectis
314 2426 425 2479 Juoaeos
446 2425 601 2495 abjecerit?
620 2427 696 2479 solus
713 2428 772 2497 ipse
795 2428 870 2480 novit
885 2429 931 2499 qui
975 2434 1054 2481 terre
1066 2429 1151 2493 (Parit.
1164 2434 1252 2491 i,xr1);
1270 2424 1342 2494 quod
1358 2439 1421 2478 iero
1437 2423 1487 2487 alt,
1500 2438 1533 2476 ex
1545 2423 1603 2493 ipso
1618 2423 1664 2476 ileo
1676 2420 1729 2473 nm

133 2511 268 2583 conspicit
282 2514 386 2567 omnia.
399 2513 586 2567 Considerans
599 2514 749 2581 Apostolus
764 2522 858 2569 tantas
873 2532 934 2569 esse
975 2517 1152 2575 samonium,
1163 2513 1425 2574 attendendumest,
1435 2512 1509 2582 quod
1519 2509 1728 2578 nondtntditpa

134 2601 246 2656 divitias
255 2600 389 2668 bonitatis
401 2602 459 2675 liei,
471 2610 499 2656 et
512 2609 620 2656 tantum
633 2603 812 2674 opusdivinae
822 2605 934 2674 sapien·
975 2603 1051 2657 aliud
1068 2609 1110 2656 est
1124 2603 1199 2655 enini
1215 2618 1248 2654 ex
1269 2602 1338 2672 ipso,
1358 2600 1433 2654 aliud
1455 2600 1491 2654 de
1506 2601 1576 2671 ipso.
1592 2599 1669 2654 Omne
1681 2593 1730 2649 aar

135 2689 191 2757 tire,
207 2707 271 2756 cum
287 2707 343 2744 non
359 2690 498 2761 potuisset
512 2691 563 2744 hoc
579 2692 824 2761 coinprehendere,
841 2692 934 2745 subito
976 2692 1048 2763 quod
1065 2696 1109 2744 est
1122 2707 1154 2744 ex
1170 2690 1230 2760 ipso
1245 2705 1299 2743 non
1319 2696 1361 2743 est
1376 2688 1410 2742 de
1423 2687 1502 2759 lpso;
1523 2687 1573 2741 sed
1590 2685 1655 2759 quod
1671 2680 1731 2738 aaa

134 2779 163 2845 ln
179 2779 361 2845 interioribus
380 2779 468 2833 oculis
487 2779 589 2840 cordis,
613 2786 728 2850 stupore
751 2780 835 2834 simul
851 2786 935 2851 atque
976 2768 1047 2851 ipsa,
1063 2780 1115 2833 hoc
1130 2781 1226 2849 utique
1241 2786 1269 2832 et
1285 2794 1317 2832 ex
1329 2778 1400 2848 ipso.
1416 2776 1499 2830 Verbi
1514 2776 1605 2846 gratia
1617 2792 1623 2826 ι
1636 2771 1731 2828 Filiuser

136 2883 237 2939 pavore
250 2866 403 2938 perculsus,
420 2867 584 2922 exclamavit
599 2874 628 2921 et
641 2869 727 2921 dixit:
788 2915 792 2922 .
978 2869 1061 2923 Perire
1075 2875 1127 2925 est.
1146 2868 1211 2938 quia
1226 2866 1261 2920 ab
1277 2866 1325 2919 illo
1340 2866 1476 2936 originem
1492 2866 1606 2936 accepit,
1617 2872 1642 2918 et
1651 2862 1678 2916 de
1686 2860 1731 2930 ipa,

139 2943 144 2951 ¹
174 2957 332 3012 Oattetado
350 2958 515 3011 divitiarum
536 2960 714 3024 rapientiaet
733 2959 853 3010 scientia
872 2957 937 3010 Oet!
978 2958 1045 3028 quia
1059 2958 1094 3010 de
1109 2957 1170 3025 ejus
1184 2955 1341 3008 substantia
1356 2961 1407 3008 est.
1432 2954 1614 3008 Doaiusrero
1633 2942 1732 3021 quaeli-

137 3045 276 3109 hltitudo,
288 3045 490 3099 sublimitatem
505 3051 533 3098 et
548 3045 765 3115 profunditatem
781 3044 935 3114 significat,
946 3046 968 3108 C
979 3047 1078 3100 llcatur
1088 3061 1120 3098 ex
1136 3044 1219 3114 lignis
1233 3044 1275 3097 vel
1291 3041 1440 3112 lapidibus,
1454 3057 1488 3095 ex
1503 3040 1564 3112 ipso
1578 3039 1676 3095 homine
1686 3038 1732 3088 cett
1756 3084 1758 3091 .

139 3134 278 3205 sapientia
301 3133 436 3204 accipitur
459 3134 487 3187 in
517 3133 617 3186 divinis
643 3134 736 3199 rebus,
766 3134 884 3187 scientia
910 3134 939 3188 in
982 3150 1036 3205 quo
1061 3135 1101 3195 tlt,
1117 3138 1246 3201 etoquo
1263 3131 1400 3211 originem
1415 3129 1521 3196 habet;
1543 3129 1590 3183 sed
1609 3117 1732 3182 normis

138 3222 287 3277 humanis:
300 3221 428 3276 sublimis
439 3238 505 3292 ergo
520 3231 549 3276 et
560 3221 699 3292 protunda
712 3228 755 3276 est
767 3222 940 3276 abundantia
981 3222 1051 3293 ipso,
1069 3221 1098 3275 id
1113 3227 1156 3274 est
1169 3220 1204 3273 de
1218 3221 1279 3289 ejus
1292 3217 1459 3273 substantia.
1477 3217 1553 3272 Deus
1572 3215 1653 3287 igitur
1663 3214 1733 3266 cmlii
1756 3210 1758 3217 '

140 3312 284 3383 sapientiae
303 3311 460 3365 divinarum
484 3312 729 3380 humanarumque
749 3328 843 3364 reram
864 3313 938 3383 apud
982 3310 1117 3371 omnium,
1130 3308 1245 3379 spiritus
1260 3314 1303 3362 est
1317 3305 1462 3360 invisibilis
1476 3314 1562 3376 atque
1577 3296 1732 3359 immutabilia

141 3396 240 3465 Deum,
261 3400 308 3471 qui
324 3400 400 3453 solus
414 3399 496 3452 sicuti
516 3405 581 3451 sunt
597 3399 692 3452 omnia
707 3399 841 3461 intuetur,
857 3408 885 3452 et
905 3400 940 3453 ad
982 3408 1112 3453 creatura
1124 3414 1188 3451 vero
1203 3397 1293 3451 omnis
1308 3394 1451 3450 motabilis
1464 3401 1515 3449 est.
1528 3394 1600 3465 Ergo
1613 3384 1735 3446 iontem

142 3489 222 3558 cuius
233 3488 361 3542 notitiam
370 3488 568 3541 omnissensus
579 3497 675 3541 noster
682 3487 847 3541 retunditur.
854 3490 940 3555 Quam
983 3487 1109 3541 mutabili
1125 3486 1284 3540 substantia
1297 3485 1358 3556 eius
1373 3491 1468 3537 creata
1483 3489 1551 3570 spat
1565 3480 1659 3540 omnia,
1671 3466 1737 3530 sedili

142 3577 432 3645 incomprehensibilia
440 3581 505 3630 sient
512 3577 623 3643 judicto
633 3579 709 3643 eiras!
720 3575 942 3645 quibusangelos
983 3575 1153 3629 immutabili
1169 3575 1278 3629 Deitate
1293 3581 1394 3628 cuncta
1408 3579 1476 3626 sunt
1489 3586 1522 3626 ex
1537 3569 1621 3625 nihilo
1634 3568 1689 3622 teca
1699 3577 1704 3611 τ
1716 3568 1741 3608 ⁸⁰

143 3671 172 3730 et
194 3664 322 3718 homines
336 3664 455 3733 judicat,
472 3680 519 3718 seu
537 3664 647 3717 Judaeos
663 3669 747 3734 atque
766 3664 893 3734 gentiles,
910 3681 942 3717 ex
984 3671 1133 3734 propterea
1151 3679 1184 3716 ex
1200 3661 1260 3732 ipso
1276 3662 1359 3715 Patre
1375 3667 1451 3725 sunt,
1469 3659 1518 3730 qui
1533 3658 1568 3713 ab
1584 3657 1629 3712 illo
1642 3651 1743 3725 arigim

144 3752 246 3826 qulbus
279 3768 352 3807 nunc
381 3752 448 3806 istos
473 3753 566 3824 elegit,
592 3770 666 3816 nunc
690 3754 751 3806 illos
770 3753 872 3825 abjecit
893 3770 898 3805 :
919 3758 944 3806 ct
985 3751 1100 3805 ducunt.

144 3830 227 3911 quam
243 3842 445 3907 investigabites
460 3843 509 3895 eta
523 3845 598 3910 ejus!
617 3843 718 3912 quibus
732 3858 748 3896 a
762 3841 893 3912 gentibus
908 3841 943 3895 ad
1287 3892 1356 3947 CAP

144 3915 267 3993 ludaeos,
289 3936 352 3984 eta
373 3931 476 3985 Judaeis
499 3931 534 3985 ad
557 3938 656 4001 gentes
678 3931 801 3992 transiit,
829 3935 857 3983 et
881 3930 944 4000 qui·
1357 3892 1404 3955 UT
1422 3891 1486 3954 XII·
1742 3992 1749 4003 ι

145 4018 198 4074 bus
214 4020 316 4074 lterum
331 4020 493 4090 agentibus
512 4020 547 4073 ad
566 4007 677 4074 ludaeos
697 4020 868 4073 transituras
882 4024 942 4085 est,
1023 4017 1133 4073 Obsecro
1143 4020 1235 4085 itaque
1245 4031 1298 4078 aas,
1311 4017 1421 4083 tratres,
1433 3998 1756 4085 permisermroanbo

146 4110 188 4164 vel
212 4125 262 4188 per
277 4109 345 4173 rias,
369 4125 516 4177 possumus
538 4109 662 4178 accipere
684 4109 808 4161 actiones
823 4107 871 4161 liei
886 4107 945 4177 qui·
987 4115 1018 4159 nt
1031 4107 1181 4159 exhibeatis
1191 4105 1534 4173 corporaoestra'bostiam
1549 4107 1676 4160 cicentem,
1687 4093 1758 4150 W

146 4194 199 4261 bus
213 4196 306 4258 omnia
319 4202 451 4265 operatus
471 4202 522 4258 est,
542 4212 603 4265 quae
622 4198 719 4265 utique
738 4195 946 4266 investigabiles
988 4201 1054 4254 tara,
1073 4195 1123 4248 Oeo
1134 4196 1295 4260 placentem,
1310 4193 1478 4246 rationabile
1487 4194 1642 4261 obsequium
1650 4178 1758 4266 astru?

149 4286 225 4348 sunt.
277 4334 280 4340 ,
552 4270 554 4273 ’
987 4260 1758 4352 Quiasupradiriemthpostolusconclusltlleusoraul⁸¹¹

185 4370 252 4437 onis
266 4372 342 4422 enim
357 4372 479 4435 cognocet
494 4384 604 4424 sensam
618 4373 732 4425 Domini
739 4378 750 4424 t
764 4373 791 4426 id
808 4379 851 4427 est
864 4373 947 4428 intel·
957 4356 981 4413 Ῑ)
990 4370 1195 4430 incredulitate,
1203 4354 1551 4434 utom'niummisereatua
1559 4351 1758 4443 ostendensqflf'

148 4442 238 4526 lectus
248 4459 309 4533 ejus
323 4457 540 4530 profunditatem
557 4461 618 4528 quis
635 4463 809 4530 penetravit?
823 4467 871 4515 ont
887 4466 948 4530 quis
990 4461 1046 4513 sire
1057 4457 1145 4513 ludaei
1155 4457 1309 4522 credentes,
1324 4457 1381 4511 sive
1392 4456 1524 4527 gentiles,
1536 4472 1592 4510 non
1602 4438 1758 4510 suismaiffl

149 4536 329 4614 consiliarius
339 4549 397 4615 ejas
411 4548 485 4614 fait?
502 4547 776 4603 Patrisconsiliarius
788 4551 950 4619 unigenitus
991 4549 1037 4603 sed
1053 4547 1242 4602 misericordia
1257 4554 1284 4601 ot
1294 4547 1386 4618 gratia
1396 4545 1445 4601 Dei
1456 4547 1556 4601 salvati
1566 4553 1645 4612 sont;
1658 4530 1758 4616 obseffff

138 4634 236 4706 'iilius
250 4637 312 4716 eius
328 4636 431 4705 estqui
448 4642 476 4689 et
488 4635 612 4705 Angelus
627 4636 721 4704 magni
734 4638 842 4690 consilii
853 4638 949 4706 appel·
991 4654 1038 4690 eos
1051 4636 1142 4694 modo.
1157 4643 1185 4690 et
1200 4651 1297 4689 omnes
1312 4634 1456 4688 credentes
1471 4650 1522 4704 per
1537 4634 1659 4689 eamdem
1672 4620 1758 4685 mistlq

147 4725 246 4782 latur:
262 4726 309 4781 sed
325 4734 357 4790 ex
372 4723 533 4778 hominihus
549 4731 577 4778 et
589 4725 697 4795 angelis
711 4725 806 4778 nullus
821 4727 883 4794 ejus
896 4725 950 4779 fuit
990 4727 1125 4788 cordiam,
1142 4742 1197 4795 qua
1221 4724 1359 4795 redempti
1384 4729 1450 4777 sunt
1473 4723 1612 4795 sanguine
1626 4717 1723 4779 masa,
1744 4708 1758 4749 ⁴

148 4812 399 4872 consiliariusitul
408 4818 470 4884 qais
479 4816 559 4882 prior
570 4815 642 4867 (ledit
654 4817 707 4874 illi,
720 4813 853 4868 subaudis
865 4812 947 4867 iidem
990 4821 1116 4885 tompore
1129 4814 1304 4884 baptismatis
1314 4812 1349 4866 ab
1362 4812 1493 4866 omnibus
1505 4812 1634 4866 sordibus
1647 4797 1758 4864 ablnlU

150 4912 293 4969 suamaut
314 4901 427 4986 allqudd
447 4904 550 4957 bonum
566 4919 644 4973 opus.
667 4909 817 4973 antequam
834 4901 868 4955 ab
888 4904 949 4977 ejus
991 4904 1140 4956 exhibeant
1154 4918 1272 4973 corpora
1286 4918 1338 4955 sua
1352 4901 1471 4955 hostiam
1488 4901 1637 4961 viventem.
1656 4882 1751 4953 etdld‘

149 4991 241 5062 gratia
267 4992 474 5062 pi'tei’enlietur,
502 5002 526 5045 er
551 4993 722 5046 retribuetur
744 4995 788 5045 eit
808 5008 950 5045 mereesa
992 4991 1113 5046 Obsecro
1127 5008 1174 5045 vos
1188 5008 1237 5063 per
1252 4990 1471 5044 miscricordiam
1488 4989 1556 5055 Dei,
1579 5007 1612 5044 ar
1626 4989 1647 5044 si
1659 4974 1752 5043 diceret

122 5077 127 5083 “
150 5066 280 5143 Domino,
296 5094 328 5132 ex
342 5080 394 5132 hoc
409 5083 483 5151 quod
507 5081 590 5135 iidem
612 5096 691 5134 sunm
712 5081 789 5150 prior
807 5081 832 5133 ei
855 5079 944 5136 dedit.
990 5081 1052 5135 Non
1077 5081 1302 5157 perpotentiam
1325 5079 1544 5149 magisterialem
1570 5077 1647 5134 robis
1670 5074 1758 5143 imperi

151 5165 434 5243 Quidam'roluerunt
453 5177 548 5223 eontra
573 5171 624 5223 hoc
638 5169 794 5238 intelligere
809 5169 950 5222 centurio·
992 5185 1047 5240 qua
1061 5184 1121 5223 som
1147 5175 1237 5222 vester
1257 5169 1391 5238 magister
1414 5173 1443 5221 et
1466 5165 1687 5238 apostatasset
1704 5160 1758 5218 obit

123 5252 130 5258 ’
151 5268 215 5309 aem
232 5254 402 5317 Cornelium,
422 5255 502 5309 bonis
522 5259 579 5311 suis
602 5259 709 5312 meritis
732 5257 916 5326 erigentibus.
934 5275 951 5311 a
991 5275 1038 5312 cro
1054 5267 1082 5311 et
1097 5257 1231 5327 deprecor
1245 5257 1323 5327 quasi
1343 5255 1445 5319 soclus,
1462 5265 1637 5328 quapropter
1652 5252 1758 5311 erint·

151 5343 210 5398 Deo
229 5343 368 5413 recepisse
388 5344 469 5406 tidem
491 5347 570 5414 quasi
594 5364 678 5402 eausa
704 5338 946 5403 remunerationis.
991 5360 1039 5401 eos
1067 5346 1198 5416 appellat,
1220 5361 1274 5399 non
1301 5361 1393 5407 carne,
1417 5346 1465 5400 sed
1494 5346 1560 5409 ilde,
1582 5328 1758 5400 renotentur

151 5438 266 5517 propter
278 5432 585 5502 eleemosynasseilicet
600 5444 628 5488 et
642 5438 894 5508 orationesquibus
910 5437 951 5490 in·
992 5435 1065 5506 quod
1085 5435 1211 5489 Salvator
1230 5430 1359 5488 fidelibus
1383 5434 1454 5488 dixit
1476 5453 1482 5487 :
1506 5434 1607 5490 Omnes
1626 5452 1670 5490 eos
1691 5432 1758 5500 ΜΗ

151 5521 254 5579 stabat.
262 5518 424 5585 Quildeirc'o
435 5520 597 5590 ignoranter
607 5523 691 5579 locuti
701 5533 778 5593 sunt,
790 5528 922 5598 quoniam
934 5542 950 5580 a
992 5528 1138 5594 retiaqui'a
1148 5524 1355 5579 undesestPater
1361 5519 1516 5593 cestenqat
1522 5528 1560 5578 est
1569 5541 1601 5580 m
1609 5514 1758 5595 calisiltstll
