3840 6098
203 270 256 329 2¹23
380 334 382 339 ,
415 276 605 335 HAYMONIS
625 281 868 339 HALBERSTAT.
890 284 1003 341 EPlSC.
1024 283 1103 340 OPP.
1126 284 1218 340 PARS
1238 285 1260 340 1.
1282 312 1316 330 -·
1334 284 1521 341 GOMMENT.
1540 285 1633 341 arat.
1737 359 1740 365 .
1789 283 1840 343 2'24

202 396 343 453 vicesima
353 402 517 471 quartadie,
529 406 704 476 quandojnm
720 408 784 461 luna
799 408 948 463 sublustris
959 409 1155 474 estAdebant,
1173 426 1229 464 non
1246 411 1281 463 ad
1308 410 1394 464 alium
1421 409 1536 465 veniunt
1559 409 1611 464 uisi
1631 410 1773 464 advirum
1794 409 1844 480 qui
1880 467 1884 474 ,

205 491 233 540 et
247 504 335 561 prope
349 490 490 547 detlcicns.
507 493 579 556 Quia
595 494 680 564 igitur
698 496 835 566 propbeta
854 498 1002 552 Zacharias
1043 499 1220 553 stabatinter
1230 499 1426 569 rnyrteta,sive
1436 499 1471 552 ad
1482 499 1683 568 angelumasst
1693 498 1844 553 dixerunt:

205 577 308 645 populo
323 579 413 632 adhuc
429 597 460 632 ex
477 583 576 650 majori
593 590 672 653 parte
687 584 760 654 apud
776 586 905 655 Assyrias
920 604 1002 641 exsu-
1044 588 1303 641 Perambulavimus
1317 595 1433 649 terram,
1445 595 1473 640 et
1487 603 1550 640 ecce
1565 588 1657 641 omnis
1672 595 1745 640 terra
1763 585 1845 640 habi-

205 663 274 718 lanti
286 666 460 737 loquebatur,
473 676 547 723 recte
558 671 584 724 in
596 673 718 724 secundo
730 690 804 726 anne
815 680 843 727 et
855 677 1002 731 undecimo
1042 681 1121 730 tatur
1134 684 1162 730 et
1177 676 1304 746 quiescit.
1317 695 1330 730 a
1348 679 1382 729 tc
1398 676 1420 728 si
1435 677 1558 729 diceret:
1575 676 1677 730 Omnia
1691 691 1779 746 regna
1793 681 1845 728 tua

206 769 300 808 mense
310 762 394 826 atque
408 757 437 812 in
451 758 582 812 vicesima
595 768 696 831 quarta
706 763 751 817 die
762 764 875 825 mensis,
884 766 943 834 jam
957 766 1004 821 de-
1044 771 1149 820 suntet
1164 772 1273 836 pacata,
1289 780 1340 818 nec
1355 765 1410 818 ulla
1424 770 1591 835 premuntur
1604 764 1742 834 angustia.

205 842 316 897 ficiente
329 845 405 908 luna,
423 853 450 901 et
466 848 645 904 tenebrarum
659 851 775 906 horrore
790 861 941 921 crescente,
959 856 1003 910 di·
1082 876 1093 906 r
1111 855 1145 909 Et
1159 852 1303 925 respondit
1316 854 1433 923 angelus
1447 853 1569 911 Domini.
1581 858 1607 907 et
1623 852 1693 905 dixit
1705 871 1711 904 :
1723 851 1844 906 Domine

144 934 149 945 '
204 930 279 985 citur
294 934 437 988 vaticinari
453 953 486 989 ea
501 954 562 1007 quae
577 946 742 1009 sequuntur.
1044 944 1225 1007 exercituum,
1237 957 1383 1013 usquequo
1397 947 1429 994 tu
1444 956 1499 994 non
1515 939 1692 994 misereberis
1706 939 1841 994 Hierusa-

243 1020 334 1074 cVidi
354 1038 403 1091 per
422 1029 541 1087 noctem,
558 1032 586 1080 et
609 1043 671 1081 ecce
695 1028 736 1082 vir
750 1031 903 1085 ascendens
917 1050 1002 1103 super
1044 1032 1096 1086 lem
1122 1038 1149 1085 et
1171 1030 1283 1084 urbium
1305 1030 1386 1094 Juda,
1412 1027 1513 1100 quibus
1532 1029 1621 1082 iratus
1636 1026 1689 1081 es?
1713 1029 1769 1083 Iste
1780 1028 1843 1097 jam

205 1120 308 1175 equum
320 1108 460 1173 rufum,et
468 1111 528 1181 ipse
535 1112 628 1167 stabat
638 1114 711 1169 inter
719 1107 840 1188 myrteta
852 1131 1002 1188 quaerant
1043 1120 1266 1191 septuagesimus
1280 1134 1372 1171 annus
1387 1123 1438 1170 est.
1452 1137 1464 1166 ι
1479 1117 1516 1170 Ex
1531 1132 1586 1187 qua
1599 1116 1780 1187 responsione
1794 1114 1844 1169 ille

205 1193 234 1247 in
248 1195 395 1266 profundo,
413 1205 441 1251 et
463 1205 526 1270 post
539 1218 604 1255 eum
619 1204 684 1273 eqni
699 1206 761 1269 rust,
779 1207 847 1260 varii
862 1213 889 1261 et
904 1209 969 1263 albi.
987 1229 1000 1263 a
1043 1209 1160 1279 angelus
1176 1207 1224 1279 qui
1239 1205 1437 1276 interpellabat
1455 1222 1505 1276 pro
1523 1205 1621 1268 lsrael,
1636 1204 1781 1258 occasione
1795 1220 1845 1257 ac·

206 1282 261 1336 Per
270 1293 380 1339 noctem
393 1304 423 1339 se
434 1288 535 1342 vidisse
546 1290 621 1354 dicit,
632 1308 687 1345 non
699 1294 726 1346 in
737 1295 792 1357 die,
803 1295 876 1349 sicut
884 1300 1001 1368 Moyses,
1043 1305 1124 1369 cepta
1147 1295 1315 1367 deprecandi
1339 1294 1489 1350 Dominum
1515 1310 1565 1364 pro
1580 1292 1692 1364 populo,
1708 1293 1778 1346 dixit
1794 1311 1799 1344 :
1820 1292 1844 1345 Ο

206 1384 269 1467 cum
281 1371 449 1441 loquebatur
458 1376 531 1430 Deus
544 1379 613 1431 facie
623 1380 657 1434 acl
670 1381 779 1448 taciem,
792 1390 820 1437 ct
832 1384 905 1438 sicut
916 1386 1003 1441 Isaias
1044 1386 1172 1450 Domine,
1183 1401 1247 1439 cunr
1260 1385 1352 1437 omnis
1361 1389 1437 1436 terra
1448 1398 1547 1436 secura
1556 1381 1708 1445 habitetur,
1722 1397 1773 1434 cur
1785 1396 1844 1434 non

207 1473 255 1526 qur
268 1458 336 1514 dicit
353 1480 358 1514 :
373 1480 386 1514 a
401 1463 465 1517 Vidi
480 1465 631 1521 Dominum
646 1470 789 1524 sedentem
804 1489 889 1544 super
902 1476 1003 1529 solium
1044 1474 1186 1529 misereris
1198 1474 1374 1527 Hierusalem
1387 1482 1415 1528 et
1431 1471 1542 1526 urbium
1555 1471 1569 1524 J
1574 1470 1636 1525 uda.
1648 1469 1769 1523 maxime
1778 1486 1844 1524 cum

207 1547 355 1644 excelsum,
373 1569 386 1602 a
403 1552 469 1622 quia
484 1555 576 1610 adhuc
594 1558 713 1629 populus
728 1560 756 1612 in
772 1564 901 1631 angustia
916 1564 1004 1618 servi·
1044 1565 1197 1618 seeundum
1218 1570 1268 1617 tua
1283 1563 1421 1633 promissa
1436 1567 1547 1631 tempus
1562 1558 1729 1633 captivitatis
1748 1560 1845 1631 exple·

206 1638 276 1688 tutis
291 1639 371 1706 quasi
386 1647 466 1695 nocte
480 1643 638 1711 tenebatur,
655 1653 683 1701 at
702 1648 804 1703 idcirco
820 1653 957 1723 propheta
970 1660 1104 1742 eaBtum
1120 1653 1174 1707 snt

206 1739 268 1793 quae
283 1742 332 1795 pro
348 1727 387 1780 cis
402 1730 485 1794 videt,
503 1731 628 1788 innecte
647 1752 675 1788 se
697 1737 797 1792 vidisse
820 1739 896 1793 dicit.
913 1741 1002 1811 Spiri-
1081 1762 1093 1791 ι
1109 1743 1143 1797 Et
1156 1742 1301 1813 respondit
1322 1740 1458 1794 Dominus
1474 1738 1583 1808 angelo,
1606 1737 1654 1808 qui
1674 1737 1845 1808 loquebatur

204 1813 320 1867 tualiter
343 1832 397 1870 nox
420 1818 449 1872 in
473 1837 528 1890 qua
551 1824 675 1878 cernitur
698 1826 775 1892 visio,
803 1828 1001 1885 obscuritatem
1043 1829 1071 1883 in
1088 1846 1141 1893 me,
1158 1830 1242 1884 verba
1262 1829 1345 1890 bona,
1370 1828 1434 1881 »de
1455 1825 1614 1880 futurorum
1637 1825 1843 1896 promissione3

205 1899 335 1971 designat
347 1908 471 1976 mysticae
485 1910 607 1965 visionis.
621 1913 690 1967 llinc
705 1914 862 1982 Psalmista,
880 1939 890 1968 r
907 1919 1002 1974 Posuit
1045 1939 1058 1965 a
1075 1917 1159 1970 verba
1181 1915 1377 1978 consolatoria,
1394 1934 1406 1966 a
1422 1914 1456 1967 de
1471 1914 1650 1984 praesentium
1665 1913 1842 1967 necessitate.

208 1990 290 2060 (haud
304 1993 419 2049 dubium
436 1998 518 2064 Deus}
529 2000 659 2056 tenebras
676 2003 821 2058 latibulum
838 2024 928 2061 suum.
945 2029 955 2058 ι
970 2011 1003 2062 Et
1045 2005 1103 2058 lloc
1114 2006 1195 2073 juxta
1210 2006 1343 2058 litteram.
1358 2003 1522 2072 allegorice,
1538 2001 1578 2054 vir
1593 2001 1640 2071 qui
1654 2000 1781 2054 ascendit
1793 2017 1845 2053 su-

207 2091 269 2175 ecce
280 2079 483 2138 virascendens
493 2103 688 2158 superaquam
701 2091 792 2145 rusum
803 2099 831 2146 et
842 2093 900 2163 ipse
910 2095 1004 2150 stabat
1044 2111 1094 2164 per
1109 2110 1211 2165 equum
1227 2094 1330 2152 rutum,
1350 2091 1484 2145 Dominus
1498 2098 1527 2144 et
1542 2091 1668 2144 Salvator
1682 2095 1733 2143 est.
1748 2089 1845 2159 Equus

206 2171 281 2218 inter
289 2173 410 2236 myrteta
418 2176 866 2251 quaeerantinprolundo.nEqui
878 2198 1003 2238 ascenso·
1043 2182 1122 2235 rusus
1144 2181 1342 2235 rnertalitatem
1367 2187 1469 2233 nestrae
1491 2179 1583 2232 carnis
1602 2178 1739 2248 designat,
1757 2192 1844 2247 quam

205 2268 266 2352 rem
277 2256 330 2308 rufi
339 2257 447 2313 llebraei
455 2261 490 2314 ad
502 2262 623 2317 litteram
631 2264 1001 2341 llicbaelemarchangelum
1043 2287 1094 2341 pro
1106 2271 1185 2324 nobis
1195 2269 1356 2339 assumpsit,
1369 2269 1412 2322 cui
1424 2284 1474 2338 per
1484 2267 1586 2321 lsaiarn
1597 2267 1714 2320 dicitur:
1725 2283 1738 2316 a
1749 2266 1845 2329 Quare

204 2343 376 2440 intelligunt.
398 2348 486 2403 Rufus
513 2359 583 2413 erat,
610 2356 742 2424 quoniam
771 2357 830 2428 ipse
860 2365 903 2413 est
928 2361 1003 2414 ultor
1043 2358 1160 2413 rubrum
1180 2366 1222 2412 est
1235 2358 1431 2411 indumentum
1448 2357 1550 2410 tuuml
1571 2355 1760 2409 »Notandum
1777 2368 1844 2407 vero

206 2433 389 2502 iniquitatum
418 2437 492 2493 illius
511 2442 616 2512 populi,
638 2445 682 2497 cui
706 2446 864 2515 specialiter
890 2456 1000 2519 praeest.
1044 2448 1180 2519 quodqui
1203 2447 1249 2501 hie
1271 2447 1298 2499 in
1319 2462 1390 2516 equo
1415 2445 1477 2500 rufo
1496 2445 1593 2498 sedere
1615 2443 1791 2508 describitur,
1813 2442 1844 2495 in

209 2521 354 2592 ‹Myrteta
364 2542 425 2595 quae
436 2529 552 2582 erantin
563 2531 709 2600 protunda,
723 2553 737 2586 a
749 2537 1004 2606 prophetasdicunt
1043 2534 1211 2606 Apocalypsi
1225 2533 1341 2588 loannis
1362 2534 1391 2585 in
1406 2537 1480 2585 veste
1500 2531 1620 2586 candida
1639 2546 1724 2601 super
1737 2545 1843 2599 equum

208 2619 236 2691 et
247 2618 368 2678 sanctos,
381 2615 428 2685 qui
443 2616 471 2669 in
483 2618 574 2672 medio
588 2621 688 2690 captivi
704 2624 797 2692 populi
809 2624 1001 2680 versabantur.
1044 2622 1194 2674 candidum
1209 2621 1309 2673 sedens
1325 2619 1464 2687 apparuit·
1482 2619 1536 2680 Qui
1552 2619 1626 2671 essim
1642 2618 1720 2671 rusus
1735 2615 1846 2669 exstitit

208 2716 221 2751 c
244 2700 315 2770 Equi
331 2719 393 2756 vero
407 2707 471 2763 ruli,
484 2706 561 2767 varii,
575 2713 603 2761 et
617 2709 683 2772 albi,
702 2712 774 2781 oqui
792 2711 890 2777 virum,
907 2713 934 2766 id
949 2719 1001 2779 est,
1044 2709 1072 2762 in
1089 2710 1226 2780 passione,
1250 2707 1384 2762 candidus
1408 2705 1461 2759 fuit
1483 2706 1511 2758 in
1535 2705 1751 2759 resurrectione·
1771 2703 1845 2756 ilinc

206 2786 370 2845 Michaelem
386 2794 584 2864 sequebantur,
600 2798 749 2869 designant
764 2816 860 2870 regna,
877 2802 934 2855 sive
949 2818 1001 2856 an·
1044 2798 1166 2852 Ecclesia
1189 2798 1218 2850 in
1241 2795 1362 2850 Canticis
1390 2793 1562 2848 canticorum
1586 2792 1693 2853 dicit«
1715 2791 1844 2845 Dilectus

206 2878 285 2947 gelos
299 2880 345 2950 qui
361 2883 455 2953 regnis
470 2885 536 2955 ipsis
551 2888 710 2957 president,
723 2895 816 2943 tamen
832 2880 1004 2961 ordire'per-
1045 2902 1124 2940 meus
1140 2885 1274 2940 candidus
1287 2892 1315 2939 et
1330 2882 1510 2936 rubicundus.
1530 2882 1675 2951 ›Myrteta
1690 2888 1847 2951 quaerant

207 2974 324 3022 mutato.
338 2971 371 3023 Et
387 2971 442 3024 albi
458 2974 569 3043 quidem
583 2976 732 3047 designant
741 2977 839 3032 Medos
851 2986 880 3033 et
896 2980 1003 3045 Persas,
1014 2975 1073 3048 Cin
1085 2973 1231 3045 profundo,
1242 2972 1385 3041 interquae
1395 2967 1845 3037 virstaredeseribitur,angelicae

208 3055 255 3124 qui
270 3055 382 3126 benigni
406 3060 520 3115 luerunt
542 3065 742 3132 e1·gnludae0s,
759 3072 787 3119 et
811 3066 862 3120 sub
878 3068 944 3137 ipsis
959 3068 1002 3121 di·
1044 3069 1206 3134 potestates,
1219 3079 1280 3131 quie
1293 3060 1317 3113 ei
1333 3059 1417 3113 etiam
1433 3058 1557 3112 incarne
1570 3057 1661 3128 posito
1675 3055 1846 3110 assistebant

206 3143 292 3198 missa
306 3147 460 3217 captivitas,
473 3156 501 3203 et
513 3152 648 3222 templum
664 3153 851 3208 instauratum
868 3162 918 3209 est.
933 3156 1003 3225 Equi
1044 3151 1125 3221 eique
1138 3149 1344 3204 ministrabant.
1358 3148 1409 3200 Per
1419 3163 1505 3217 equos
1515 3144 1601 3209 rut'os,
1614 3145 1705 3198 varios
1714 3150 1742 3196 et
1751 3142 1843 3211 albos,

206 3232 285 3295 varii,
302 3235 477 3302 Macedones,
495 3254 613 3309 quorum
630 3242 677 3296 alii
693 3243 729 3314 pii
749 3260 816 3314 erga
830 3245 940 3298 ludaeos
956 3262 1003 3298 ex·
1045 3240 1185 3310 apostolos
1196 3244 1224 3291 et
1238 3236 1405 3308 apostolicos
1415 3236 1487 3289 viros
1499 3233 1635 3288 debemus
1645 3231 1778 3302 accipere,
1792 3232 1843 3301 qui

207 3322 349 3384 stiterunt,
362 3325 408 3378 alii
422 3335 613 3397 persecutores
626 3347 722 3384 eorum
734 3331 857 3385 luerunt.
870 3333 939 3402 Equi
951 3333 1003 3387 rufi
1044 3333 1134 3382 totum
1159 3327 1255 3380 orbem
1271 3324 1445 3396 praedicando
1461 3327 1689 3393 peragraverunt.
1712 3321 1841 3382 Quorum

206 3425 324 3480 regnum
340 3414 498 3484 significant
513 3417 713 3484 Romanorum,
724 3421 836 3473 crudele
852 3428 879 3474 et
893 3422 1004 3491 sangui·
1045 3417 1092 3470 alii
1104 3418 1167 3480 rusi,
1178 3415 1243 3486 quia
1255 3414 1390 3484 nrartyrio
1401 3412 1525 3466 coronati
1539 3431 1545 3463 :
1557 3411 1604 3464 alii
1617 3408 1694 3469 varii,
1707 3408 1844 3478 quoniam

206 3500 329 3568 narium,
343 3505 416 3573 quod
431 3504 713 3577 subvertittemplum
726 3513 754 3561 et
767 3509 1001 3578 gentemdelevit.
1044 3504 1171 3557 doctrina
1195 3509 1223 3556 et
1247 3519 1330 3572 opere
1354 3518 1385 3554 ac
1410 3501 1519 3553 diversa
1540 3499 1683 3568 signorum
1707 3496 1845 3556 variata&

206 3588 326 3652 Quidam
340 3609 372 3645 oo
387 3593 484 3647 ordine
499 3611 553 3664 quo
569 3595 613 3648 bic
628 3597 768 3662 dicuntur,
783 3604 904 3668 quatuor
918 3599 1002 3651 simul
1044 3593 1167 3647 distincti
1183 3611 1188 3642 :
1205 3590 1252 3644 alii
1266 3589 1332 3652 albi,
1347 3588 1413 3659 quia
1428 3587 1595 3658 virginitatis
1609 3585 1730 3638 candore
1749 3590 1777 3636 et
1796 3598 1844 3635 rn-

129 3708 132 3713 ·
204 3693 293 3746 regna
308 3678 467 3749 intelligunt
483 3700 489 3733 :
507 3689 535 3734 et
551 3698 653 3751 equum
670 3684 782 3754 quidem
799 3686 902 3751 rutum,
919 3702 1004 3756 super
1043 3681 1175 3751 tegritate
1196 3678 1268 3741 tidei,
1286 3694 1318 3731 ac
1343 3676 1441 3730 mundi
1456 3675 1548 3728 cordis
1567 3673 1688 3744 puritate
1704 3670 1843 3742 praeelari.

206 3779 289 3834 quom
304 3767 346 3819 vir
356 3767 479 3831 sedebat,
492 3776 670 3841 atqueequos
684 3773 761 3826 rufos
772 3773 819 3845 qui
829 3790 894 3827 earn
907 3791 1004 3843 aeque·
1045 3769 1078 3824 lli
1095 3770 1171 3822 missi
1187 3774 1254 3821 sunt
1272 3765 1433 3827 aDomino,
1452 3769 1484 3817 ut
1498 3768 1588 3816 totum
1603 3760 1738 3814 mundum
1756 3775 1844 3812 evan·

205 3851 318 3916 bantur,
333 3855 429 3909 dicunt
444 3859 573 3930 Assyrios
589 3866 617 3913 et
635 3861 789 3923 Chaldaeos,
806 3863 1003 3932 sanguinarios
1042 3859 1132 3929 gelica
1148 3855 1342 3932 praedicatione
1353 3854 1534 3923 complerent.
1547 3851 1627 3905 Unde
1637 3856 1665 3903 et
1680 3849 1714 3903 ad
1726 3847 1778 3902 lob
1791 3849 1846 3901 Da·

204 3947 234 3995 et
246 3944 381 4006 crudeles,
400 3963 518 4016 quorum
533 3949 639 4020 Assyrii
656 3951 751 4004 decern
768 3951 857 4005 tribus
872 3951 925 4006 sub
941 3952 1004 4005 Sal·
1045 3946 1138 3999 minus
1152 3944 1227 4006 dicit,
1241 3964 1253 3995 a
1270 3945 1294 3997 N
1299 3942 1403 4012 unquid
1421 3941 1515 3994 mittes
1529 3940 1652 4006 fulgura,
1666 3944 1695 3991 et
1707 3937 1798 3995 ibunt,
1816 3943 1845 3990 et

205 4047 337 4086 manasar
351 4034 455 4090 duxere
470 4037 603 4108 captivas,
616 4039 738 4092 Chaldaei
753 4056 817 4093 vero
829 4040 900 4093 duas
912 4039 1002 4093 tribus
1011 4056 1036 4113 Ι)
1046 4034 1214 4089 revertentia
1224 4032 1318 4086 dicent
1332 4031 1391 4094 tibi,
1404 4027 1563 4083 adsumus?
1581 4051 1587 4072 ·
1603 4027 1702 4080 Stabat
1713 4025 1755 4078 vir
1768 4025 1845 4078 inter

205 4120 1001 4198 subNabucbodonosorincensaHierusalem,temploque
1043 4129 1174 4194 myrteta,
1191 4122 1233 4174 vel
1247 4129 1279 4174 ut
1299 4120 1355 4172 alia
1376 4117 1522 4171 translatio
1536 4114 1613 4179 dicit,
1630 4115 1705 4168 inter
1719 4122 1844 4171 montes,

205 4207 347 4263 subverse.
361 4212 487 4265 Tertium
502 4221 530 4267 et
546 4223 676 4284 quartum
692 4215 782 4268 varios
797 4220 825 4268 et
838 4215 925 4278 albos,
942 4214 1002 4269 Me-
1044 4213 1071 4266 id
1092 4218 1135 4265 est
1157 4210 1286 4264 Christus
1305 4207 1475 4262 discernibat
1500 4205 1574 4258 inter
1593 4205 1742 4273 utriusque
1759 4217 1846 4254 voca·

205 4297 255 4350 dos
266 4305 367 4368 putant
376 4306 404 4352 et
413 4301 521 4364 Persas,
531 4318 649 4372 quorum
661 4303 709 4355 alii
720 4303 870 4356 clementes
878 4303 1001 4368 luerunt,
1044 4301 1129 4354 tionis
1139 4300 1265 4370 populos,
1274 4296 1472 4349 salvandorum
1483 4303 1512 4347 et
1520 4292 1752 4346 damnandorum.
1763 4289 1846 4343 Unde

206 4391 238 4439 ut
252 4387 341 4457 Cyrus
352 4395 380 4441 ct
392 4389 493 4444 Darius
508 4396 593 4460 atque
606 4394 753 4457 ltssuerus,
764 4391 811 4445 alii
822 4392 958 4456 crudeles,
972 4399 1004 4446 ut
1042 4388 1194 4458 Apostolus
1210 4404 1214 4437 :
1231 4402 1244 4435 a
1262 4383 1366 4438 Christi
1382 4383 1471 4435 benus
1487 4382 1555 4434 odor
1568 4396 1667 4433 sumus
1682 4377 1781 4432 Deoia
1800 4377 1846 4430 his

207 4474 368 4546 Cambyses.
1044 4477 1091 4547 qui
1111 4480 1238 4546 pereunt,
1254 4478 1283 4527 et
1301 4472 1329 4525 in
1345 4472 1388 4525 bis
1402 4470 1449 4541 qui
1465 4470 1533 4523 salvi
1553 4470 1635 4522 liunt.
1654 4488 1665 4518 i
1681 4466 1761 4530 Quod
1777 4480 1845 4518 vero

244 4582 257 4617 a
274 4564 308 4618 Et
322 4565 390 4629 dixi,
404 4566 477 4630 Quid
491 4573 557 4621 suut
570 4567 625 4631 isti,
639 4568 756 4621 Domine
771 4568 828 4622 mi?
844 4574 871 4622 et
885 4569 955 4622 dixit
968 4570 1003 4623 ad
1044 4565 1161 4636 angelus
1174 4569 1254 4633 rogat
1269 4568 1301 4615 ut
1313 4561 1482 4614 misereatur
1493 4559 1565 4611 Deus
1581 4557 1693 4627 populo,
1705 4555 1772 4624 quia
1782 4554 1845 4623 jam

206 4670 251 4708 me
267 4657 384 4724 angelus
407 4657 454 4726 qui
478 4657 644 4727 loquebatur
657 4657 686 4709 in
703 4673 746 4710 me
763 4676 769 4711 :
787 4659 843 4726 Ego
858 4657 1003 4712 ostenDam
1045 4642 1844 4723 septuagesimusannuaerat,significatquialerusalern,

205 4741 256 4796 tibi
272 4745 338 4815 quid
353 4745 410 4799 sint
425 4747 492 4800 haec.
507 4748 540 4800 Et
553 4747 697 4816 respondit
710 4746 751 4798 vir
763 4747 810 4816 qui
825 4746 918 4800 stabat
930 4747 1004 4800 inter
1044 4743 1072 4797 id
1088 4751 1131 4794 cst
1146 4740 1268 4794 Ecclesia
1288 4751 1465 4808 nequaquam
1481 4734 1633 4804 perfectam
1656 4736 1848 4802 consequetur

206 4839 338 4903 myrteta,
350 4841 378 4887 et
391 4835 469 4889 dixit.
483 4855 495 4887 a
508 4836 600 4906 Equos
615 4835 712 4889 videns
726 4835 828 4889 diversi
840 4835 950 4897 coloris,
963 4835 1004 4889 in·
1045 4831 1215 4890 libertatem,
1231 4827 1394 4898 priusquam
1410 4839 1506 4877 verum
1519 4822 1678 4886 sabbatum,
1694 4820 1722 4873 id
1738 4825 1781 4872 est
1798 4837 1845 4873 re-

111 4938 117 4949 ·
205 4924 331 4990 terrogat
343 4922 408 4992 quid
423 4924 489 4979 sint.
503 4923 614 4978 Sciebat
628 4925 702 4978 euim
718 4924 746 4977 in
761 4940 897 4994 equorum
913 4923 1004 4993 specie
1045 4915 1367 4993 quiesimpleatur,quod
1377 4908 1845 4983 septuagesimusannusdesignat,

206 5009 281 5063 aliud
296 5011 447 5081 designari.
457 5013 535 5065 Tunc
546 5014 662 5082 angelus
673 5015 720 5083 qui
735 5014 763 5066 in
779 5030 812 5066 ee
826 5012 1000 5083 loquebatur,
1043 5009 1092 5079 qui
1109 5022 1242 5063 numerus
1257 5005 1372 5058 denario
1388 5019 1437 5073 per
1450 5001 1642 5072 septenarium
1653 4997 1845 5068 multiplicato

205 5099 335 5170 promisit
348 5117 378 5153 se
388 5100 540 5155 dicturum.
552 5103 604 5155 Sed
618 5103 666 5154 illo
677 5103 821 5167 reticente,
834 5101 875 5154 vir
885 5103 932 5172 qui
949 5107 1004 5155 sta·
1044 5097 1201 5168 pertritum
1214 5113 1275 5166 quae
1285 5110 1337 5165 pax
1348 5090 1516 5164 inpraesenti
1528 5090 1649 5150 inchoat,
1660 5103 1724 5140 cum
1735 5102 1753 5139 a
1762 5085 1847 5140 bellis

117 5217 123 5227 ·
206 5184 254 5240 bat
264 5187 338 5241 inter
347 5189 555 5260 myrteta,quod
566 5191 612 5242 ille
623 5191 844 5260 interrogaverat
856 5190 1001 5259 exposuit:
1045 5188 1175 5241 vitiorum
1190 5185 1360 5256 quiescimus
1376 5201 1383 5236 :
1399 5183 1559 5254 perlicietur
1577 5185 1674 5232 autern
1693 5177 1721 5230 in
1736 5177 1845 5237 tuturo,

208 5295 219 5328 ι
235 5277 285 5331 lsti
301 5284 367 5331 sunt
381 5294 450 5347 quos
461 5279 537 5331 misit
550 5277 686 5332 Dominus
699 5286 730 5333 ut
742 5279 937 5350 perambulent
949 5285 1004 5332 ter·
1044 5293 1106 5332 cunr
1123 5275 1158 5328 ad
1175 5275 1308 5328 visionem
1322 5271 1463 5326 Creatoris
1475 5268 1697 5341 pervenerimus

206 5382 277 5427 ram,
296 5389 307 5412 u
324 5373 353 5419 et
366 5383 424 5420 suae
438 5384 499 5420 eam
517 5366 666 5436 subjiciant
682 5368 822 5438 potestati.
1079 5385 1093 5416 u
1109 5366 1141 5418 Et
1154 5365 1224 5417 duxit
1237 5362 1272 5415 ad
1287 5379 1331 5415 me
1346 5361 1462 5429 angelus
1481 5359 1527 5429 qui
1548 5355 1714 5427 loquebatur
1729 5353 1758 5405 iu
1774 5368 1821 5404 me
1839 5373 1845 5405 ;

242 5474 254 5507 a
267 5456 301 5508 Et
312 5455 756 5526 responderuntangeloDomini,
768 5457 815 5527 qui
826 5455 919 5510 stabat
930 5456 1004 5509 inter
1045 5454 1141 5507 Clama
1167 5452 1285 5505 dicens.
1313 5451 1376 5503 llaec
1396 5449 1463 5502 dicit
1488 5447 1623 5503 Dorninus
1646 5442 1845 5522 exerpituum:

203 5552 335 5620 myrteta.
353 5564 364 5596 a
378 5544 483 5601 Deinde
495 5545 588 5615 angeli
602 5544 651 5615 qui
665 5545 760 5615 regnis
774 5544 892 5615 singulis
908 5544 1002 5616 praesi·
1045 5542 1156 5596 Zelatus
1169 5557 1232 5596 sum
1247 5538 1422 5594 llierusalem
1434 5542 1461 5589 et
1477 5537 1543 5590 Sion
1557 5534 1616 5587 zelo
1629 5547 1742 5600 magno,
1758 5535 1787 5602 et
1803 5530 1849 5583 ira
