3840 6098
157 273 210 332 nr
527 274 1444 343 nxrosrnomnpas.naun1.-1usa1sr.annou.
1566 246 1570 251 ’
1748 292 1801 351 ns
1838 300 1848 313 ·

153 400 211 456 eati
229 401 428 475 intelliguntur
449 404 545 460 omnis
555 404 633 473 uitia,
650 405 690 459 ita
713 403 827 459 nomine
838 402 1071 474 justitiadltam
1084 411 1149 476 tiaris
1161 412 1277 465 illorum
1293 427 1367 466 mors
1383 417 1434 470 ert.
1455 413 1575 468 Romani
1590 418 1743 486 antequam
1762 417 1798 472 ad

152 504 256 545 omnes
271 491 399 547 virtutes.
999 494 1082 551 tidem
1098 498 1211 554 Domini
1226 500 1365 567 venirent,
1381 501 1512 557 omnibus
1523 503 1598 558 vitiis
1614 502 1799 576 omnibusque

188 580 422 636 Humanumdieo
431 584 956 652 proptcrinfirmitotemearrtisvestra.
998 585 1221 656 turpitudinibus
1234 588 1402 657 sarriebant,
1419 588 1593 662 quodetiam
1610 597 1692 664 turpe
1706 593 1799 648 estdi-

141 665 231 731 Quid
245 669 370 740 estquod
380 669 449 725 dicit
458 671 627 742 Apostolus:
643 672 806 726 Humanum
816 670 956 724 dicothoc
998 687 1069 734 cere,
1084 690 1145 744 qum
1156 675 1191 730 ab
1206 678 1342 748 Apostolo
1356 678 1446 733 inhac
1461 678 1586 750 Epistola
1597 681 1659 751 jam
1674 687 1742 736 sunt
1755 697 1802 738 su·

131 756 280 823 estrees,
295 763 325 812 et
337 757 579 831 adcomplendum
591 759 681 826 facile,
698 776 730 814 ac
740 758 764 813 si
774 759 881 814 diceret
891 758 955 813 aliis
996 760 1091 832 perius
1109 771 1339 820 commemorata.
1364 767 1516 822 Venientes
1535 774 1630 824 autern
1654 768 1689 823 ad
1715 769 1800 826 fldem

123 843 264 900 verbim
290 847 362 911 Quia
387 848 514 904 carnales
538 849 630 905 adhuc
660 849 737 915 estis,
766 865 818 904 nee
838 847 955 921 potestis
997 849 1199 907 erubescebant
1213 870 1245 908 ac
1259 854 1532 924 verecundabantur,
1543 872 1600 911 non
1611 857 1702 912 solum
1712 858 1796 925 lacto,

121 941 273 1015 propter
288 936 469 1007 fragilitatem
484 939 579 993 earnis
594 938 702 1008 majora
721 943 859 1010 praeeepta
882 938 956 993 ferre
997 940 1146 996 sedetiam
1162 942 1191 996 in
1207 943 1400 999 recordatione
1417 961 1524 1010 eorum,
1541 944 1617 1000 unde
1631 947 1726 1001 volens
1750 964 1799 1003 eos

115 1029 179 1086 et
192 1024 325 1097 implere,
333 1025 515 1082 ideircolevia
529 1034 668 1099 praecepta
677 1029 754 1083 vobis
767 1027 954 1083 committam.
995 1030 1171 1095 confirmare,
1184 1046 1220 1086 ne
1239 1032 1275 1087 ad
1289 1032 1338 1087 illa
1349 1039 1566 1100 reverterentur,
1579 1033 1692 1090 aiebat:
1707 1036 1798 1093 Dicite

115 1113 230 1178 Quid
244 1114 320 1169 euim
337 1120 396 1171 tam
411 1114 501 1185 facile,
517 1122 550 1171 ut
563 1117 700 1189 Origenes
719 1117 795 1176 dicit.
808 1117 876 1189 quid
895 1124 954 1171 tam
995 1115 1064 1171 mihi
1079 1134 1163 1189 quem
1174 1118 1307 1186 fructum,
1320 1119 1350 1174 id
1363 1127 1407 1175 est
1421 1121 1487 1192 quid
1501 1121 1567 1177 boni
1577 1125 1720 1179 consecuti
1730 1125 1799 1181 estis

115 1211 214 1268 [ese
224 1220 311 1275 quam
326 1210 358 1260 ut
369 1204 407 1260 sit
414 1205 500 1260 homo
514 1213 572 1260 tam
580 1212 728 1278 promptus
738 1206 918 1277 adjustitiam
927 1212 956 1261 et
996 1204 1040 1258 vel
1053 1220 1139 1275 quam
1155 1206 1414 1261 remunerationem
1428 1207 1530 1263 bonam
1544 1209 1681 1265 habuistis
1696 1212 1725 1266 in
1741 1212 1798 1267 illis

115 1292 330 1352 voluntatem
354 1294 406 1349 liei
421 1294 628 1367 complendam,
654 1296 737 1350 sicuti
767 1301 796 1350 et
820 1295 855 1350 ad
880 1295 955 1350 mala
995 1292 1184 1349 immunditiis
1205 1311 1275 1367 quas
1290 1296 1475 1368 perpetrastis
1495 1305 1648 1369 antequam
1663 1300 1698 1354 ad
1713 1301 1797 1356 lldem

115 1397 241 1454 opera
254 1382 327 1437 solet
337 1398 398 1438 esse
412 1389 560 1455 promptus
572 1383 700 1455 ubique?
714 1384 802 1439 Multo
816 1383 906 1454 magis
919 1383 955 1438 si·
995 1382 1138 1451 veniretis,
1151 1383 1181 1438 in
1197 1400 1316 1457 quarum
1331 1385 1523 1440 recordatione
1537 1392 1566 1440 et
1575 1388 1713 1442 memoria
1722 1405 1797 1445 nunc

115 1469 267 1552 pridem
283 1471 371 1527 levius
385 1478 479 1545 potest
490 1471 641 1528 uirtutibus
652 1473 803 1539 deservire,
818 1489 902 1544 quam
917 1473 956 1526 ri·
996 1470 1159 1528 erubescitis
1169 1475 1432 1529 atverecundamini
1441 1475 1453 1528 i
1462 1475 1535 1529 Nam
1551 1476 1624 1541 linis,
1638 1476 1666 1530 id
1677 1483 1720 1531 est
1734 1493 1798 1533 eon·

115 1556 200 1622 :iis
216 1575 223 1611 :
240 1564 269 1614 et
278 1559 331 1614 Dei
353 1560 527 1616 voluntatem
541 1561 706 1634 adimplere,
726 1578 810 1634 quam
833 1561 950 1618 diaboli.
996 1561 1147 1615 summatio
1170 1561 1284 1617 illorum
1308 1567 1497 1635 peecatorum,
1514 1581 1591 1619 mors
1610 1570 1716 1620 aeterna
1743 1571 1795 1621 est.

115 1646 311 1708 Videamus
325 1649 465 1721 quomodo
478 1655 507 1705 et
525 1650 651 1705 dieamus
664 1665 753 1722 paura
767 1667 800 1704 ex
814 1649 952 1722 pluribus.
997 1647 1114 1713 Quando
1127 1650 1212 1706 homo
1228 1651 1256 1705 iu
1270 1651 1391 1722 peccatis
1409 1652 1601 1708 criminalibus
1621 1654 1749 1719 moritur,
1767 1661 1797 1711 et

115 1723 203 1799 §lat
219 1736 338 1809 quilibet
349 1739 430 1804 latro,
448 1745 477 1794 et
495 1739 614 1811 quilibet
628 1739 699 1794 alius
713 1739 825 1811 justitia
839 1740 954 1811 propria
967 1738 1148 1816 ptarminum
1162 1739 1223 1794 rite
1238 1739 1391 1806 iacit‚s1nis
1406 1747 1584 1811 peccatorum
1600 1758 1675 1797 mors
1685 1748 1728 1797 est
1737 1743 1793 1797 illi:

115 1828 159 1884 ri
167 1841 257 1892 vens,
277 1842 334 1882 non
351 1827 387 1881 de
397 1827 505 1898 rapina.
522 1826 599 1883 Dum
613 1828 685 1882 latro
698 1828 839 1884 cruciatur
852 1827 918 1898 gelu
926 1832 955 1882 et
994 1826 1061 1897 quia
1074 1833 1193 1882 mortem
1204 1834 1338 1883 aternam
1353 1829 1418 1884 inde
1432 1830 1542 1902 accipit.
1552 1831 1593 1886 De
1608 1831 1712 1888 talibus
1726 1831 1796 1888 dicit

115 1915 264 1985 ¹rigore,
280 1919 309 1969 et
326 1914 477 1985 superfluis
490 1914 720 1970 meditationibus
734 1931 784 1987 per
794 1915 853 1970 dies
867 1920 896 1969 et
905 1931 953 1969 no·
993 1915 1154 1987 Propheta:
1171 1919 1410 1986 Computruerunt
1418 1923 1550 1987 jumento
1567 1923 1598 1974 in
1611 1925 1727 1975 stercore
1745 1937 1795 1978 suo

115 2007 210 2059 :tas
223 2009 381 2075 torquetur,
390 2005 502 2059 volvens
514 2004 609 2059 animo
621 2010 650 2060 et
665 2011 828 2077 exspectans
843 2005 872 2058 in
885 2020 953 2076 agro
995 2005 1071 2071 (dael.
1088 2005 1123 2074 1),
1139 2005 1154 2059 J
1157 2011 1273 2061 amenta
1283 2007 1462 2078 appellantur
1478 2007 1605 2063 homines
1616 2009 1664 2080 qui
1678 2009 1793 2065 irratio·

115 2092 290 2166 [uomodo
308 2092 416 2147 furtum
432 2093 567 2165 perficiat,
581 2093 676 2165 justus
691 2110 807 2149 secunus
822 2094 954 2166 epulatur
995 2090 1127 2146 nobiliter
1144 2093 1251 2158 vivunt,
1265 2094 1326 2147 sine
1341 2094 1488 2150 honestate
1502 2112 1614 2152 morum
1633 2102 1662 2152 et
1678 2114 1795 2153 conver·

115 2196 163 2236 »π
198 2180 241 2236 die
252 2180 288 2236 de
303 2180 447 2237 laboribus
462 2182 531 2250 suis,
548 2189 578 2237 et
587 2181 682 2255 quiete
698 2183 787 2239 noctis
797 2200 862 2238 eum
872 2198 953 2238 secu·
994 2179 1119 2236 sationis.
1130 2182 1264 2237 iumenta
1279 2182 1381 2254 quippe
1397 2189 1558 2255 putrescere
1569 2186 1650 2241 estin
1659 2191 1794 2255 stercore,

115 2269 236 2324 riute
249 2269 416 2336 delectatur,
432 2276 461 2326 et
474 2271 631 2327 dormiente
655 2271 709 2327 isto
733 2288 832 2327 somno
852 2270 954 2343 gratis·
993 2269 1120 2325 iuietore
1130 2270 1257 2335 luxurie,
1273 2276 1302 2325 et
1316 2271 1541 2344 turpitudinibus
1556 2275 1689 2332 vitiorum
1703 2276 1792 2332 vitam

115 2355 235 2426 simo,
247 2359 415 2433 plerumque
428 2359 477 2415 ille
492 2359 540 2432 qui
552 2360 618 2431 gelu
630 2360 743 2432 frigoris
759 2368 788 2416 et
800 2361 895 2416 inedia
909 2360 952 2415 fa·
994 2358 1085 2413 tluire.
1627 2402 1628 2406 ,

117 2445 210 2502 mia
224 2452 382 2521 torquetur,
395 2448 533 2503 occiditur
547 2448 583 2503 ab
597 2449 641 2504 bis
655 2449 758 2522 quibus
772 2449 828 2505 sim
850 2449 954 2504 inferre
1028 2448 1182 2503 Nuncuero
1191 2450 1303 2503 liberati
1313 2454 1456 2518 spectato,
1469 2453 1792 2520 servientemfeetiltee,

120 2536 331 2593 moliebatur.
344 2537 481 2594 Similiter
493 2538 542 2610 qui
556 2538 729 2594 adulterium
745 2544 899 2612 perpetrat,
916 2538 953 2592 ti·
993 2533 1096 2589 bebetis
1111 2536 1237 2602 fructum
1255 2540 1378 2591 uestrum
1395 2539 1427 2591 in
1441 2541 1697 2610 sanctificationem,
1709 2546 1795 2611 finem

122 2631 214 2679 met
226 2626 407 2699 supervenire
427 2627 560 2682 maritum
575 2634 604 2683 et
615 2628 734 2683 interfici
750 2628 785 2682 ab
796 2628 854 2691 illo,
871 2628 953 2683 timet
991 2638 1054 2678 vtro
1068 2626 1154 2678 vitam
1169 2628 1311 2679 eternam·
1322 2623 1523 2696 Nunc,inquit,
1533 2626 1793 2701 liberatiapecoato

124 2712 238 2770 etiam
260 2715 367 2771 ricinos
388 2722 503 2788 propter
525 2717 629 2772 samam
652 2718 804 2772 volantem.
831 2718 950 2772 Econtra
991 2713 1210 2783 perpessionem
1219 2713 1333 2778 Christi,
1346 2730 1397 2785 per
1408 2731 1511 2786 aquam
1523 2715 1710 2788 baptismatis,
1720 2719 1794 2776 servi

127 2816 247 2860 maus
268 2810 297 2860 et
320 2810 433 2860 amator
447 2805 553 2878 proprii
567 2807 699 2864 connubii
720 2824 784 2862 cum
799 2807 950 2863 securitate
991 2807 1086 2856 autem
1100 2801 1166 2857 facti
1181 2803 1247 2866 Deo,
1261 2802 1309 2873 qai
1324 2807 1408 2857 antea
1425 2804 1510 2858 eratis
1524 2805 1596 2860 servi
1611 2805 1724 2875 diaboli,
1740 2809 1792 2864 ha·

130 2889 236 2948 lis-ma
262 2899 356 2949 serrat
382 2893 542 2950 castitatem
569 2912 650 2950 suam
664 2913 670 2948 :
686 2897 730 2951 vel
753 2897 838 2952 etiam
853 2912 951 2951 secure
991 2889 1189 2945 betisiructum
1200 2906 1317 2962 operum
1328 2892 1520 2947 vestrorumin
1528 2894 1791 2964 sanctificationem,

134 2982 419 3055 eumoptataquiata
429 2984 610 3055 amplectitur
617 2983 948 3056 propriumconnubium‚
993 2979 1061 3051 quia
1074 2995 1144 3051 opus
1159 2985 1283 3035 vestrum
1298 2985 1437 3046 sanetum,
1453 2981 1705 3039 sanctificationem
1717 2985 1793 3042 vobis

139 3077 326 3145 quapropter
337 3071 484 3144 subjungit
499 3072 667 3145 Apostolus:
690 3074 768 3130 Siout
785 3077 861 3128 enim
875 3076 950 3129 eati·
960 3044 983 3105 G
995 3074 1147 3139 procurat:
1164 3070 1249 3123 finem
1270 3085 1336 3124 voro
1351 3069 1437 3125 vitam
1453 3076 1597 3138 aternam,
1623 3072 1711 3128 idest
1726 3090 1793 3147 pron

145 3157 263 3226 mistis,
284 3161 388 3233 inquit,
404 3162 434 3217 id
457 3169 501 3218 est
511 3163 701 3235 praeparastis,
717 3165 840 3218 raembrc
862 3169 951 3218 vestra
991 3163 1055 3230 pter
1068 3157 1340 3214 consummationem
1349 3175 1466 3231 operum
1479 3165 1637 3216 vestrorum
1652 3162 1791 3219 hababitis

148 3251 256 3305 rendre
267 3251 463 3319 immunditia,
475 3251 502 3306 id
515 3259 558 3307 est
566 3251 686 3320 libidini,
697 3251 886 3318 fornicationi,
897 3251 951 3306 iru-
992 3245 1078 3300 vitam
1091 3251 1226 3302 aternam
1243 3265 1249 3301 :
1262 3263 1323 3319 quae
1333 3247 1410 3303 vobis
1424 3247 1538 3304 dabitur
1547 3267 1598 3321 pro
1612 3267 1792 3322 perseveran-

152 3337 302 3409 pudicitiae,
324 3346 354 3395 et
375 3339 519 3412 iniquitati
542 3342 577 3396 ad
603 3341 792 3414 iniquitatem,
817 3340 951 3396 subaudis
993 3334 1033 3389 iia
1047 3342 1149 3391 vestra.

157 3429 384 3500 perpetrandam:
395 3431 439 3485 Ito
450 3446 526 3485 nune
536 3432 654 3486 exbibete
665 3433 789 3486 nurnbra
799 3435 888 3485 uestro
898 3445 952 3485 rer·
1027 3425 1171 3494 Stipendia
1183 3430 1258 3481 enim
1271 3429 1384 3496 peccati,
1394 3427 1423 3481 id
1436 3433 1479 3482 est
1491 3429 1683 3484 remuneratio
1696 3447 1792 3502 pecca·

162 3517 336 3584 tiniustitie
350 3517 537 3590 omnibusque
550 3519 701 3575 virtutibus
712 3522 744 3574 in
755 3521 952 3587 sanctificatio-
992 3517 1097 3582 torum,
1113 3531 1199 3581 mors,
1213 3520 1318 3570 aeterna
1332 3520 1385 3569 est.
1410 3515 1473 3569 Non
1488 3521 1585 3571 tamen
1610 3517 1645 3571 de
1660 3519 1791 3575 omnibus

167 3604 358 3666 maritalis-et
367 3612 399 3661 ut
408 3609 497 3663 sancti
508 3625 569 3663 csse
580 3607 703 3680 possitis,
714 3608 867 3663 secundum
877 3608 951 3679 quod
993 3603 1113 3674 peccatis
1126 3603 1341 3674 intelligendum
1356 3608 1409 3667 est,
1421 3603 1515 3659 sedda
1527 3605 1719 3661 criminalibus
1730 3624 1792 3680 pec-

171 3689 235 3747 llsus
243 3695 366 3767 praecipit
376 3713 384 3752 :
395 3696 494 3752 Sancti
506 3703 585 3752 estote
596 3700 696 3767 quinat
710 3713 758 3766 epo
768 3703 951 3752 sanetussam
992 3692 1109 3760 catis,de
1119 3692 1295 3763 quibusdieit
1304 3692 1427 3747 loannes
1439 3710 1445 3745 :
1457 3694 1505 3746 Est
1513 3699 1656 3761 peccatam
1665 3696 1703 3748 od
1713 3713 1792 3751 mor·

176 3779 251 3846 iltuit.
273 3785 319 3853 xi).
351 3785 406 3839 Per
431 3785 608 3857 iniquitatem
633 3785 766 3841 debemus
791 3785 950 3856 intelligere
993 3785 1056 3843 tem,
1073 3797 1194 3848 neupro
1209 3782 1331 3835 leodico
1347 3786 1379 3833 ut
1390 3784 1453 3850 quis
1467 3789 1541 3849 repet
1558 3784 1580 3850 (l
1591 3784 1672 3837 doun.
1687 3785 1721 3849 vl.
1733 3785 1791 3841 Sti·

181 3869 252 3924 uuuia
264 3873 456 3945 peccata,quia
470 3874 606 3946 quidquid
621 3880 718 3928 contra
728 3874 819 3944 legem
830 3872 951 3943 Deiagi·
990 3870 1123 3941 pendium
1139 3871 1241 3925 dicitur
1255 3887 1272 3924 a
1286 3869 1381 3941 stipite
1396 3870 1554 3942 pendenda,
1570 3870 1599 3926 id
1623 3884 1666 3927 est
1691 3874 1792 3929 asub·

182 3959 216 4007 tur
226 3957 348 4033 iniquitas
359 3970 548 4034 nuncupatur.
560 3963 615 4016 Per
625 3961 767 4033 justitiam
776 3977 842 4015 uero
852 3976 950 4015 omnes
990 3958 1095 4012 stantia
1108 3957 1298 4030 ponderanda.
1314 3956 1480 4028 Antiquitus
1490 3957 1565 4011 enim
1580 3960 1673 4029 potius
1688 3960 1792 4037 ponde·

184 4039 278 4116 virtutos,
293 4056 322 4105 et
332 4056 377 4106 est
387 4067 504 4107 sensus:
521 4051 599 4107 Sicut
613 4068 661 4106 vos
673 4050 854 4123 praeparastis
869 4055 949 4104 ante·
989 4045 1107 4101 rabatur
1119 4046 1239 4118 pecunia
1248 4061 1333 4117 quam
1344 4044 1554 4101 numerabatur.
1566 4046 1646 4103 Unde
1654 4048 1791 4106 militibus

187 4144 246 4200 quau
256 4139 286 4194 ad
299 4140 384 4195 tidem
399 4139 488 4195 vocati
503 4142 612 4207 essetis,
623 4145 656 4196 ut
669 4138 811 4194 serviretis
818 4138 949 4193 omuibus
990 4151 1041 4206 pro
1053 4135 1111 4190 vita
1126 4135 1200 4206 regis
1215 4140 1244 4190 et
1266 4133 1395 4190 libertato
1417 4134 1516 4206 patriae
1530 4135 1718 4193 militantibus
1738 4139 1790 4195 sti·

187 4215 338 4283 immunditiis
351 4226 538 4300 omnibusque
551 4227 681 4294 vitiis,ita
691 4244 766 4283 nunc
779 4227 809 4282 in
823 4227 878 4281 tide
888 4227 949 4297 jam
990 4223 1135 4296 pendium,
1151 4223 1204 4278 hoc
1218 4228 1262 4278 est
1271 4223 1430 4278 substantia
1445 4228 1474 4278 et
1487 4224 1678 4280 remuneratio
1689 4242 1722 4280 ex
1736 4242 1790 4297 pu-

189 4312 337 4374 emittentes
364 4322 521 4390 praepurate
543 4317 670 4373 membra
684 4324 776 4373 uestra
798 4322 826 4372 et
852 4332 949 4371 omnes
990 4311 1062 4368 blico
1078 4312 1176 4369 aerario
1187 4310 1384 4368 conferebatur
1401 4330 1407 4366 :
1423 4319 1452 4367 at
1465 4311 1539 4367 sicut
1556 4312 1612 4368 illis
1625 4330 1792 4371 remunera-

190 4405 390 4477 ltituraeorporis
403 4404 498 4474 vestri,
514 4407 654 4479 quomodo
675 4404 804 4462 serviatis
819 4402 949 4460 omnibus
990 4402 1076 4458 tionis
1089 4418 1174 4458 causa
1197 4401 1369 4474 stipendium
1389 4399 1518 4469 dabatur,
1543 4401 1585 4457 ita
1602 4402 1791 4461 militantibus

190 4481 312 4550 nudius.
991 4491 1103 4547 diabolo
1113 4490 1227 4547 dabitur
1242 4507 1327 4557 mors,
1343 4490 1401 4545 sive
1415 4497 1521 4546 aeterna
1536 4490 1727 4548 damnationis
1739 4509 1790 4565 pro

209 4574 620 4655 tuamtmserviasetupeccau
632 4585 948 4652 liberisuistisjustitia,
991 4579 1228 4636 remuneratione.
1252 4580 1349 4634 Grates
1372 4585 1465 4634 autem
1487 4581 1537 4634 Dei
1562 4583 1620 4634 uita
1641 4585 1743 4635 aternu
1757 4584 1790 4637 in

191 4655 209 4712 id
218 4673 335 4730 mutent
348 4672 441 4729 fuistis
456 4674 606 4746 ajustitia.
623 4674 701 4730 Sicut
716 4673 765 4746 qui
779 4671 866 4727 servit
883 4686 949 4744 pec·
992 4671 1099 4728 Christo
1113 4672 1186 4724 lesu.
1211 4668 1284 4733 Quid
1298 4672 1343 4723 est
1356 4668 1431 4741 quod
1441 4669 1559 4739 loquens
1574 4668 1608 4723 da
1623 4679 1789 4724 remunera·

191 4756 232 4808 tato
247 4766 269 4816 et
285 4761 406 4823 diabolo.
432 4763 494 4833 ejus
507 4767 606 4818 serras¹
618 4769 662 4818 est
675 4764 755 4834 cujus
774 4761 949 4817 voluntatem
989 4759 1067 4814 tione
1080 4757 1198 4830 peccati,
1209 4756 1381 4828 stipendium
1395 4754 1549 4811 nominavit
1558 4754 1647 4826 ipsam
1658 4771 1789 4813 remune-

189 4837 285 4919 tliuplat
298 4871 305 4907 ε
320 4851 361 4907 sie
377 4850 426 4922 qui
441 4850 526 4906 servit
536 4852 654 4922 justitia
666 4867 763 4907 servus
773 4856 817 4906 est
827 4848 948 4921 justitia
989 4846 1137 4911 rationem,
1149 4851 1178 4900 et
1191 4845 1226 4901 de
1240 4843 1467 4900 remuneratione
1480 4843 1633 4898 electorum
1648 4843 1718 4900 dixit
1729 4850 1789 4901 ter·

190 4929 257 4993 ttllti,
270 4943 319 5009 Qui
333 4943 410 4999 euim
418 4941 504 5000 seruit
514 4940 588 4996 furto
598 4947 627 4996 et
637 4939 786 5007 adulterio,
798 4955 895 4995 servus
905 4943 950 4993 est
989 4936 1059 4992 tiam
1082 4935 1153 4990 Deil
1176 4935 1253 5000 ldeo,
1274 4932 1341 5005 quia
1356 4931 1397 4986 illi
1413 4931 1462 5003 qui
1484 4930 1616 5000 militant,
1644 4934 1789 5005 propriam

187 5010 232 5078 iuti
242 5035 265 5085 et
274 5034 412 5091 adulterii.
424 5033 479 5091 Sed
494 5037 523 5088 st
535 5031 588 5086 hoe
606 5028 762 5096 sciendum,
784 5028 851 5100 quia
875 5027 949 5082 sicut
989 5024 1148 5081 mercedem
1157 5023 1308 5095 accipiunt,
1320 5018 1456 5092 quidquid
1468 5025 1565 5075 autem
1579 5021 1662 5077 alecti
1672 5021 1787 5092 habeut,

188 5117 264 5175 ieillu
278 5140 336 5181 esse
359 5122 479 5196 justitia
505 5119 645 5176 laudabile
665 5122 721 5188 est,
743 5117 863 5173 liberum
879 5133 945 5171 vero
987 5120 1078 5170 totum
1093 5130 1110 5167 a
1123 5113 1215 5184 gratia
1227 5111 1278 5166 Dei
1291 5109 1443 5181 accipiunt,
1457 5108 1515 5164 sive
1529 5108 1624 5179 iidem,
1636 5111 1790 5171 sisechari·

189 5208 249 5260 &tt
264 5211 369 5281 justitia
382 5229 439 5270 uon
459 5217 504 5266 ast
516 5207 658 5265 laudabile
673 5225 679 5262 :
701 5207 742 5262 ita
756 5223 868 5262 serrum
882 5221 945 5261 esse
987 5209 1086 5267 tatem,
1096 5219 1145 5257 seu
1155 5200 1270 5271 aliquod
1279 5199 1385 5254 bonum
1400 5214 1470 5271 opus
1485 5197 1617 5268 habeant,
1634 5202 1789 5275 etinsuper

187 5296 261 5352 pecus
271 5300 465 5358 detestandum
480 5305 533 5367 est,
548 5297 671 5352 liberum
683 5300 778 5350 autem
792 5299 944 5367 apeccato,
987 5307 1039 5363 pro
1051 5289 1144 5362 gratia
1155 5288 1210 5343 ista
1221 5287 1286 5343 ndei
1301 5292 1331 5342 et
1343 5285 1481 5342 bonorum
1491 5302 1607 5359 operum
1617 5291 1708 5361 gratis
1718 5291 1788 5346 acci·

187 5369 330 5448 laudandum,
988 5379 1067 5452 piant
1080 5394 1097 5433 a
1110 5379 1167 5432 Deo
1192 5375 1279 5430 vitam
1299 5380 1433 5430 aternam
1456 5392 1508 5447 per
1531 5377 1704 5448 adjutorium
1719 5380 1787 5439 Jesu

211 5467 473 5551 inaspectum
481 5477 616 5533 debuistis
625 5477 729 5529 tancia
737 5471 947 5541 illis,subaadis
989 5467 1106 5537 Christi,
1121 5465 1181 5521 siue
1196 5480 1251 5537 quo
1258 5465 1330 5520 nihil
1342 5464 1408 5520 boni
1422 5464 1526 5522 habere
1535 5481 1694 5537 possumus.

183 5553 335 5625 imiiustitiis
347 5573 538 5641 peccatorum,
547 5565 688 5636 inquibus
697 5568 763 5618 tunc
772 5563 949 5617 trudentis?
