3818 6104
364 254 554 358 monimo
573 303 613 360 IN
632 306 710 363 EPP.
731 306 760 363 S.
780 303 898 363 raum.
920 332 952 347 -
971 304 1012 360 ΙΝ
1030 301 1141 359 EPIST.
1162 298 1211 355 AD
1230 295 1310 352 OOL.
1600 286 1655 348 76ss
1680 253 1683 257 ¹

117 432 174 473 oon
194 424 231 473 cst
252 424 364 487 gentitis
384 429 409 477 et
428 425 548 485 tadeus.
572 428 635 495 Ubi,
662 429 690 485 id
717 435 761 486 est
784 430 970 492 inAr'oomm'
983 428 1130 497 sapientie,
1146 424 1176 479 in
1195 422 1272 479 omni
1286 419 1416 476 doctrina
1426 416 1651 488 avangelista

109 534 111 551 τ
126 507 304 563 borninisubi
314 515 357 565 est
371 511 530 582 imagoDei,
542 532 597 570 non
617 519 815 589 praejudicatur
854 517 909 572 fide
921 521 1024 572 sanctoe
1035 513 1191 576 Trinitatis,
1207 514 1328 566 docentes
1343 515 1368 564 ct
1387 512 1650 564 eomntoncntcsoos-

109 593 194 650 Deum
210 613 292 653 sexus
303 600 346 654 vel
361 601 493 668 conditio,
510 610 672 676 autgerus,
688 614 738 663 aut
752 625 814 680 pro·
854 610 988 675 metipsos.
1006 603 1061 658 Vos
1076 603 1123 674 qui
1139 600 1324 672 sapientiores
1338 598 1414 659 estis,
1431 597 1528 651 docete
1542 594 1612 649 alios
1622 599 1650 649 et

109 723 115 749 ,
135 683 163 739 id
182 692 227 740 est
245 687 323 742 nulla
345 688 479 746 distantia
505 698 548 747 est
572 695 716 751 hominum
738 697 813 769 apud
853 699 1037 756 commonete,
1064 696 1149 762 atque
1172 688 1359 744 exhortamini
1386 702 1434 741 vos
1465 684 1594 746 inuicem,
1619 683 1649 737 in

109 812 114 838 ,
131 774 199 846 quia
212 775 240 828 in
255 777 350 831 anima
368 794 425 832 non
440 785 584 847 estsexus,
610 785 664 839 nisi
684 791 811 841 tantum·
850 786 977 852 pectino,
994 778 1282 840 subaudisDavidicis,
1293 773 1649 847 ,tgymmgtriumpuero

110 861 171 915 sola
184 862 257 917 bona
272 867 445 921 conversatio
460 884 524 923 cum
539 871 593 925 lude
604 879 682 928 recta
691 875 812 946 requiri·
852 878 957 929 cernet
970 869 1281 949 sanctorumiogretic
1294 869 1446 931 contantes,
1454 862 1482 917 id
1491 867 1651 933 estsemper

109 950 238 1007 torberns
252 958 275 1006 et
289 954 472 1023 sepeliamus
485 960 616 1014 estnobis
631 962 735 1035 Scytha
746 965 813 1020 alia-
853 959 962 1015 reddite
976 959 1034 1014 Deo
1048 957 1163 1029 gratias,
1180 955 1221 1010 ita
1244 959 1276 1009 ut
1289 949 1364 1025 quod
1374 967 1423 1006 ore
1436 949 1548 1017 canitis,
1563 947 1648 1004 corde

109 1054 165 1094 ram
179 1038 325 1096 barbarus.
339 1043 622 1117 Darbarussiquidem
632 1051 712 1106 nobis
722 1058 813 1124 potest
853 1048 1027 1119 intelligatis,
1044 1053 1073 1101 et
1086 1061 1166 1100 mens
1179 1042 1329 1100 concordet
1347 1039 1415 1096 voci.

109 1125 206 1182 silibet
220 1131 301 1200 cujus
315 1131 610 1204 linguamignoramus
627 1157 633 1192 :
650 1140 753 1211 Scytha
763 1157 812 1196 au·
889 1138 974 1193 Omne
987 1137 1167 1205 quodcunque
1180 1134 1274 1201 soritis
1288 1134 1319 1185 in
1331 1131 1420 1194 uerbo,
1432 1128 1460 1183 id
1479 1133 1522 1183 est
1539 1127 1569 1182 in
1592 1127 1648 1182 do·

109 1214 191 1271 icitur
204 1234 221 1270 a
235 1217 349 1290 Scythia
358 1221 511 1291 prouincia,
528 1241 589 1296 quae
606 1231 648 1281 est
658 1234 766 1284 remota
775 1229 811 1284 ad
851 1227 955 1288 ctrina,
968 1229 1019 1280 cat
1034 1227 1158 1292 inopere,
1167 1220 1300 1277 subaudis
1316 1219 1422 1288 aliquo,
1433 1221 1465 1271 in
1477 1218 1588 1271 nomine
1598 1217 1649 1270 Do·

109 1304 244 1384 trionem,
255 1307 412 1377 fulgoribus
426 1311 530 1381 rigens,
541 1314 666 1371 moribus
679 1315 810 1386 barbara,
852 1317 927 1369 mini
940 1317 1030 1369 nostrl
1042 1315 1106 1367 lesu
1117 1312 1233 1379 climati,
1245 1309 1274 1363 in
1286 1304 1417 1362 omnibus
1429 1319 1541 1376 semper
1551 1302 1644 1358 dicite:

109 1395 163 1447 nio
178 1400 202 1448 ct
214 1398 245 1449 in
258 1399 385 1452 omnibus
402 1400 536 1456 Vlcrirtar.
549 1402 614 1458 ldeo
629 1421 686 1459 non
701 1411 744 1462 est
754 1407 812 1463 ulla
851 1405 963 1458 Deusta
976 1403 1154 1473 adjutorium
1171 1395 1390 1453 materiatarum
1412 1395 1496 1463 (Psol.
1516 1394 1600 1460 cxix),
1620 1396 1648 1445 et

110 1481 180 1547 ntia,
202 1483 269 1554 quia
283 1486 388 1549 omnia,
400 1486 535 1544 subaudis
544 1506 650 1560 genera
664 1492 811 1551 hominum
851 1507 964 1564 semper
976 1506 1079 1546 nomen
1102 1487 1215 1544 Domini
1238 1487 1386 1551 invocate,
1405 1485 1513 1551 pretias
1538 1485 1648 1549 agentes

109 1585 148 1634 m,
159 1571 303 1627 Christum
318 1574 422 1630 habent
436 1582 530 1648 caput,
544 1586 571 1632 et
587 1579 616 1634 in
630 1582 760 1639 omnibus
774 1583 810 1639 il·
851 1583 904 1637 Deo
918 1586 943 1635 et
959 1582 1038 1635 Petri
1049 1595 1099 1647 per
1111 1581 1214 1647 ipsum,
1226 1574 1256 1630 id
1269 1580 1313 1630 est
1328 1589 1379 1645 per
1401 1570 1563 1628 christum:
1581 1567 1648 1640 quia

128 1658 265 1716 Christus.
850 1670 912 1741 ipse
926 1675 969 1724 est
983 1667 1121 1724 mediator
1133 1671 1230 1721 noster
1248 1669 1277 1719 et
1289 1663 1318 1718 in
1332 1661 1388 1718 tide
1406 1662 1468 1732 ejus
1493 1658 1647 1713 salvamur.

109 1750 145 1802 cti
157 1750 252 1803 dilecti
265 1767 352 1806 unum
368 1757 419 1808 est.
443 1756 546 1810 Viscera
562 1761 766 1828 colorecordis,
779 1740 841 1817 idB
887 1761 1026 1825 Mactteres,
1040 1759 1154 1813 subdita
1168 1760 1247 1811 estote
1256 1755 1336 1815 uiris,
1351 1754 1422 1806 sicat
1434 1753 1545 1819 oportet,
1559 1751 1590 1802 in
1597 1746 1649 1801 Do-

109 1836 279 1893 serieordem
295 1841 594 1900 voluntatemlliscera
608 1847 809 1907 dicuntursslii.
851 1851 937 1904 mino.
950 1847 1061 1915 Mulier,
1071 1851 1186 1918 propter
1195 1843 1316 1915 culpam,
1326 1839 1439 1896 subdita
1449 1843 1492 1893 est
1503 1836 1648 1900 virescent

109 1943 112 1975 ι
125 1926 210 1981 etiarn
220 1928 361 1997 significat
375 1931 558 2003 singulariter
568 1937 808 2008 promptissimam
851 1942 962 2006 oportet,
976 1939 1009 1991 tn
1024 1933 1226 2002 Domino,sicut
1235 1929 1361 2003 precipit
1371 1926 1509 1983 Dominus
1521 1924 1648 1979 iuGene·

109 2029 156 2068 am
167 2016 339 2073 voluntatem
354 2022 576 2089 ;bem'pna'toteru,
588 2023 615 2077 id
627 2030 809 2096 estmagnam
851 2026 883 2081 si:
896 2026 951 2082 Sub
960 2028 1018 2080 uiri
1023 2028 1150 2095 potestate
1160 2017 1511 2088 cris,ctipscdominobitnr
1519 2016 1562 2068 tui
1569 2012 1646 2080 (Gen.

109 2116 156 2157 am
171 2106 359 2175 uoluntatem3
371 2111 541 2174 recolentem,
553 2111 582 2166 id
596 2117 640 2166 est
650 2121 810 2172 mansuetu·
850 2119 904 2183 ιιι).
923 2114 954 2168 ln
969 2111 1123 2185 primordio
1134 2107 1273 2182 siquidem
1281 2106 1346 2161 tidei
1352 2109 1435 2160 erant
1445 2103 1540 2158 multa
1549 2098 1648 2154 mulie·

117 2209 124 2259 ;
136 2197 313 2262 patientiam,
325 2197 461 2253 subaudis
473 2198 502 2252 in
511 2200 664 2256 tolerandis
674 2203 808 2260 adramis.
849 2219 905 2270 res,
925 2219 988 2274 qnae
1001 2218 1031 2257 se
1045 2217 1131 2256 causa
1140 2198 1284 2270 religionis
1294 2193 1474 2250 abstinebant
1483 2189 1648 2247 aconsortio

109 2286 246 2348 portantes
265 2286 391 2338 inm'cern.
408 2286 580 2358 Supportare
604 2306 655 2344 nos
683 2293 810 2364 praecipit
851 2291 1028 2357 maritorum,
1040 2306 1109 2361 quas
1124 2287 1207 2343 modo
1214 2284 1367 2357 alloquitur
1378 2280 1530 2354 Apostolus
1539 2277 1647 2351 specia-

109 2368 163 2424 ›lus
181 2370 299 2426 invicem
316 2375 472 2429 secundum
496 2376 578 2431 illud:
604 2379 683 2433 Alter
692 2380 810 2438 alterins
850 2378 925 2444 liter,
940 2394 977 2434 ne
990 2386 1139 2452 propterea
1150 2376 1218 2447 quia
1231 2392 1248 2430 a
1262 2371 1469 2429 coituvirorum
1482 2385 1513 2424 se
1527 2366 1649 2422 abstine-

111 2462 232 2528 portate.
250 2460 333 2515 Verbi
347 2464 458 2532 gratia:
473 2463 524 2520 Ille
538 2465 586 2536 qui
597 2468 744 2524 continens
754 2477 808 2535 est,
851 2460 1436 2532 bant,'resisterentviris,rebellarent,siae
1446 2459 1646 2530 repugnarent.

109 2545 167 2601 sine
182 2564 267 2604 uxore
282 2556 309 2604 et
323 2551 398 2618 siliis,
416 2558 444 2608 et
458 2553 581 2609 abundat
596 2557 699 2612 divitiis
714 2557 809 2614 bonis-
851 2555 1015 2611 sicutenim
1030 2560 1129 2610 sancta
1141 2552 1263 2609 Ecclesia
1284 2549 1411 2622 subjecta
1433 2553 1477 2603 est
1496 2560 1598 2618 sponso
1620 2547 1650 2599 et

109 2637 288 2707 mporalibus,
300 2640 468 2695 debetillum
485 2642 532 2714 qui
546 2643 722 2701 incontinens
730 2653 773 2702 est
781 2653 810 2703 et
849 2643 908 2699 uiro
921 2661 972 2700 sun
985 2644 1106 2705 Christo,
1121 2643 1161 2697 ita
1180 2641 1264 2697 debet
1277 2655 1338 2695 esse
1350 2650 1525 2709 unaqueque
1535 2632 1648 2688 mulier.

109 2738 222 2779 uxorem
239 2733 267 2781 et
281 2729 361 2792 tilios,
379 2736 538 2787 sustentare
552 2733 575 2786 si
589 2735 742 2790 necessitas
751 2736 809 2792 fue·
850 2733 937 2788 Erant
950 2733 1035 2788 etiam
1051 2731 1134 2786 multi
1148 2731 1209 2797 riri,
1231 2728 1278 2801 qui
1292 2725 1422 2782 similiter
1437 2719 1617 2779 abstinebant
1630 2735 1648 2774 a

109 2827 114 2864 t
128 2811 164 2867 de
174 2815 281 2869 caeteris
296 2818 509 2875 necessitatibus
520 2822 734 2894 intelligendum
745 2825 807 2881 irni-
848 2823 924 2877 coitu
937 2821 981 2876 vel
990 2820 1038 2894 qui
1052 2836 1115 2876 cum
1129 2819 1192 2875 aliis
1201 2816 1365 2873 mulieribus
1377 2813 1498 2878 coibant,
1513 2816 1540 2866 et
1552 2807 1648 2864 aerbe-

109 2916 213 2971 eervos,
223 2904 270 2975 qui
280 2911 459 2962 transeuntes
474 2910 644 2982 peraliquod
659 2912 760 2969 fretum
772 2915 806 2969 ad
849 2911 950 2967 rabant
961 2926 1063 2965 uxores
1076 2925 1151 2975 suas,
1163 2925 1199 2964 ne
1218 2907 1273 2963 illae
1287 2904 1418 2961 similiter
1431 2917 1493 2958 cum
1509 2899 1572 2956 aliis
1582 2913 1646 2969 age·

109 3005 142 3057 m,
152 2997 202 3047 aut
215 2992 289 3049 ultra
300 2996 425 3064 fluvium,
441 3004 637 3057 sustentantur
651 3008 680 3056 et
691 3020 808 3082 supper
848 3006 921 3065 rent,
940 3016 990 3055 nec
1004 2998 1109 3070 aliquid
1122 2998 1258 3054 auderent
1276 3008 1455 3050 murmurare
1469 2995 1568 3046 contra
1582 3002 1642 3054 eos,

123 3079 297 3144 adinvicem,
313 3090 438 3140 mentum
458 3104 564 3160 ponens
583 3106 703 3160 sequens
724 3109 808 3164 snper
848 3104 918 3161 quos
933 3086 1063 3142 similiter
1076 3085 1238 3157 alloquitur.

115 3168 227 3241 prioris,
240 3177 269 3226 et
287 3173 389 3229 lassato
409 3176 457 3247 qui
484 3178 562 3248 prior
585 3178 741 3248 incedebat,
759 3182 808 3238 dat
890 3179 956 3240 Viri,
972 3177 1186 3245 diligiteuoores
1201 3179 1312 3238 uestros,
1328 3176 1352 3225 et
1377 3171 1462 3226 nolite
1478 3165 1573 3222 amari
1592 3178 1645 3218 esee

114 3260 149 3313 ut
161 3262 296 3326 transeat,
312 3269 340 3316 et
353 3263 412 3335 ipse
422 3270 507 3333 ponat
513 3264 617 3320 iterum
628 3275 752 3324 mentum
763 3287 807 3326 su·
848 3268 886 3322 ad
899 3269 973 3334 illos,
986 3265 1015 3320 id
1029 3270 1072 3320 est
1080 3265 1104 3319 si
1117 3262 1262 3320 sustinetis
1274 3261 1310 3316 ad
1322 3266 1461 3332 tempusa
1474 3254 1550 3312 coitu
1560 3267 1646 3309 eausa

109 3360 170 3400 ures
181 3348 292 3414 ultimi;
309 3355 332 3403 et
347 3352 490 3417 docontes,
507 3353 535 3407 id
556 3359 600 3408 est
616 3355 805 3428 indulgentes,
848 3352 993 3427 religionis
1004 3353 1046 3409 ael
1060 3353 1126 3425 quia
1147 3369 1211 3409 cum
1232 3351 1295 3407 allis
1312 3347 1475 3414 concubitis,
1490 3343 1577 3402 nolite
1597 3358 1645 3397 eas

109 3434 807 3510 adversmoliqoernbobctqaerrlom,idestrerana
847 3450 996 3517 propterea
1009 3443 1045 3498 ad
1056 3441 1273 3498 amaritudinem
1283 3453 1444 3511 provocare.
1458 3434 1513 3491 Sed
1528 3431 1645 3505 quaestio

109 3519 210 3577 ionem.
227 3525 311 3580 Verbi
326 3527 419 3598 gratia
436 3546 441 3581 :
468 3528 594 3585 Abstulit
612 3533 681 3587 mihi
704 3534 807 3607 aliquis
847 3534 893 3589 hic
902 3533 1002 3600 oritur,
1015 3548 1103 3604 quare
1112 3531 1261 3603 Apostolus
1269 3544 1384 3585 uxorem
1394 3522 1565 3596 diligendam
1575 3537 1645 3594 prae-

109 3614 300 3681 rmeanadum
308 3615 475 3672 recordabor
485 3619 557 3690 quod
569 3620 705 3678 Dominus
715 3623 803 3680 dixit:
846 3623 921 3678 dicet
932 3641 938 3676 :
950 3637 1013 3678 cum
1024 3620 1159 3676 Dominus
1168 3616 1402 3682 dirat:Qui...non
1412 3614 1641 3668 odit...uaorcm..

109 3717 112 3749 ι
125 3699 274 3760 abstulerit
289 3722 350 3776 qua
364 3711 414 3761 tna
428 3712 503 3773 sunt,
525 3725 560 3762 ne
579 3715 700 3781 repetas,
716 3711 804 3767 debeo
846 3714 992 3778 nonpotcst
1007 3707 1306 3775 mcusesscda'rcipulaa
1318 3706 1409 3758 ricae.
1426 3702 1495 3772 xlv).
1510 3698 1578 3764 Qua
1590 3697 1643 3770 hoc

109 3788 202 3856 ittera,
215 3793 255 3847 sic
269 3794 304 3849 de
316 3796 393 3849 omni
408 3812 438 3850 re
453 3802 482 3850 et
494 3798 652 3854 commisso.
668 3798 804 3855 Sicatllo-
845 3798 928 3854 modo
941 3797 1067 3863 solvitur,
1083 3801 1115 3852 ut
1130 3799 1266 3867 quantum
1282 3793 1362 3848 uobis
1372 3789 1374 3793 ’
1385 3795 1467 3864 pater
1487 3794 1517 3844 et
1539 3791 1640 3851 mater,

118 3879 233 3935 donarit
247 3883 328 3946 robis,
343 3886 422 3938 itaet
437 3902 490 3940 voc.
507 3885 585 3942 Sicut
607 3887 736 3944 Christus
755 3890 804 3961 qui
845 3888 933 3943 frater
946 3890 1031 3958 atque
1045 3902 1116 3941 uxor
1129 3901 1179 3957 per
1196 3883 1393 3954 cognationem
1413 3879 1506 3936 carnis
1520 3875 1640 3950 proximi

109 3982 143 4022 ou
157 3968 273 4026 haberet
291 3973 365 4044 quod
379 3974 405 4027 ei
419 3974 619 4044 dimitteretur,
635 3976 742 4032 dimisit
756 3994 805 4033 no·
844 3981 920 4044 sunt,
934 3975 1084 4046 diligamus
1098 3990 1157 4042 eos,
1173 3977 1200 4026 et
1213 3973 1243 4027 in
1257 3975 1395 4043 quantum
1418 3967 1498 4025 nobis
1512 3967 1642 4021 adversa-

109 4055 160 4111 nia
174 4066 287 4129 peccata
300 4061 329 4115 in
350 4061 526 4134 baptismate,
544 4064 585 4118 ita
606 4070 635 4120 et
648 4082 699 4121 nos
710 4067 805 4123 dimit-
845 4065 903 4121 rios
914 4064 944 4120 in
958 4063 1003 4119 ria
1013 4063 1064 4118 Dei
1085 4061 1280 4134 cognoscimus
1303 4076 1375 4126 esse,
1390 4055 1510 4114 odiendo
1534 4053 1640 4109 malum

116 4148 243 4219 proximo
257 4149 286 4203 in
306 4167 356 4205 nos
370 4153 505 4222 peccanti,
524 4153 572 4224 qui
586 4153 804 4229 habemusquod
845 4171 954 4221 aarum,
969 4158 998 4208 et
1011 4152 1145 4224 fugiendo
1161 4151 1329 4207 nesciamus.

109 4233 262 4292 limittatur
277 4244 305 4293 et
318 4256 335 4293 a
349 4240 407 4295 Deo
421 4246 450 4295 et
462 4257 479 4295 a
493 4244 629 4313 proximo,
880 4245 958 4310 Filii,
977 4243 1079 4298 obedite
1097 4241 1267 4310 parentibus,
1283 4239 1312 4294 id
1334 4243 1378 4294 est
1402 4235 1476 4310 patri
1495 4240 1525 4290 et
1545 4228 1640 4294 matri,

109 4338 133 4376 rr
144 4329 339 4381 ooanr'aorrtern
347 4330 402 4384 bec
410 4330 630 4401 superiusdicta,
641 4333 804 4388 charitatem
842 4348 894 4403 per
915 4336 1021 4400 omnic,
1042 4330 1175 4387 subaudis
1194 4346 1256 4402 qum
1277 4328 1336 4384 Deo
1355 4327 1477 4400 placent.
1495 4323 1525 4380 Si
1546 4326 1642 4377 autam

109 4419 199 4486 ,qaod
221 4425 258 4473 cst
283 4422 428 4475 vineatam
454 4410 1028 4494 perfectionis.VinculumDprseceperint
1044 4420 1121 4476 vobis
1143 4418 1336 4482 homicidium,
1359 4417 1477 4482 furtum,
1501 4411 1641 4485 rapinam.

109 4505 271 4562 »effectionis
286 4513 329 4562 est
342 4508 472 4576 charitas,
486 4510 552 4582 quia
561 4528 612 4583 per
621 4512 698 4567 illam
709 4512 803 4568 omnis
844 4514 895 4565 aut
905 4508 1011 4581 aliquid
1025 4509 1082 4564 tale
1100 4513 1274 4580 perpetrare,
1285 4507 1374 4563 nolite
1388 4504 1501 4562 obedire
1511 4503 1577 4558 illis.
1589 4501 1643 4557 Hoc

109 4591 221 4665 igantur
235 4613 270 4650 ne
284 4604 418 4668 pereant3
440 4598 575 4654 sichomo
590 4616 640 4673 pro
655 4601 803 4656 dilectione
843 4601 920 4653 enim
931 4600 1068 4668 placitum
1083 4603 1120 4653 est
1135 4601 1166 4652 in
1176 4599 1303 4663 Borrine,
1315 4595 1451 4651 subaudis
1465 4589 1642 4649 utobediatis

115 4683 233 4755 proximi
248 4685 343 4740 omnia
363 4687 438 4758 agit:
456 4687 530 4742 unde
549 4688 653 4743 dicitur
677 4690 800 4760 dilectio,
845 4687 895 4743 eis.
908 4687 1019 4759 Patres,
1036 4688 1124 4743 nolite
1138 4687 1174 4742 ad
1200 4685 1375 4741 imcundiam
1395 4697 1545 4755 provocare
1568 4678 1640 4733 tilios

109 4787 142 4827 uo
153 4772 280 4829 homines
294 4775 373 4846 ligat,
387 4776 430 4830 vel
445 4775 588 4831 hominem
600 4782 629 4832 et
642 4777 731 4834 Deum
743 4798 749 4846 3
770 4783 803 4834 in
843 4782 962 4845 vestros,
977 4781 1009 4833 ut
1023 4793 1079 4832 non
1094 4776 1195 4849 pusillo
1209 4773 1398 4838 animabant,
1414 4771 1444 4826 id
1459 4775 1502 4826 est
1525 4775 1558 4824 ut
1584 4783 1640 4822 non

109 4859 215 4916 abaudis
226 4879 293 4934 pace
307 4864 349 4918 vel
362 4864 509 4930 charitate,
526 4869 614 4920 uocati
623 4870 686 4920 estis
699 4871 731 4922 in
746 4885 802 4924 uno
843 4865 1029 4937 exasperatis
1053 4865 1129 4920 vobis
1152 4866 1222 4919 liant
1242 4860 1379 4926 iracundi,
1395 4860 1424 4916 id
1443 4863 1486 4915 est
1506 4859 1581 4914 leves
1604 4856 1639 4912 ad

109 4954 262 5019 gatianum
274 4952 490 5024 corpuschristi
502 4953 571 5020 sitis,
588 4960 613 5009 ct
624 4959 800 5024 protiestote,
843 4955 1028 5023 irascendum,
1049 4955 1099 5010 sed
1118 4959 1209 5009 vestm
1231 4951 1359 5023 exemplo
1375 4949 1485 5005 discant
1506 4964 1568 5005 esse
1591 4963 1640 5020 pa·

109 5038 219 5108 gratiosi
234 5045 323 5096 estote
336 5047 365 5096 et
375 5042 482 5114 accepti
494 5048 552 5096 tam
565 5043 622 5098 Deo
647 5060 731 5115 quam
751 5044 803 5100 ho·
842 5043 954 5099 tientes.

109 5142 139 5181 rs.
878 5132 967 5202 Serui,
980 5134 1082 5188 obedite
1095 5133 1217 5187 dalaima
1232 5146 1284 5202 per
1306 5133 1412 5198 omnio,
1426 5129 1562 5188 subaudis
1578 5147 1641 5203 quae

109 5217 200 5271 rbem
215 5218 329 5284 Obre'str',
343 5218 422 5274 idest
431 5219 591 5291 evangelica
607 5219 803 5289 doctrinata·
843 5221 903 5278 Deo
916 5237 974 5277 noa
983 5221 1141 5293 displicent.
1158 5220 1236 5276 Servi
1256 5236 1314 5277 non
1337 5228 1404 5278 sunt
1424 5237 1475 5294 par
1495 5226 1640 5286 naturam,

109 5305 184 5371 robis,
198 5306 283 5361 idest
297 5307 326 5361 in
345 5309 438 5374 corde,
460 5325 516 5375 ore,
538 5314 567 5363 et
590 5325 674 5381 opere
697 5315 800 5378 restro,
844 5310 892 5366 sed
902 5326 953 5382 par
961 5310 1072 5381 culpam
1081 5313 1110 5365 et
1120 5316 1236 5383 propter
1244 5315 1400 5384 peccatum,
1411 5310 1485 5368 sicut
1493 5310 1638 5376 chanaan,

109 5392 210 5448 Vbrtsti
221 5398 344 5460 exsultet,
356 5395 488 5452 itaetiam
500 5413 559 5461 ros,
567 5397 596 5453 in
608 5400 804 5471 quantumhu·
843 5400 918 5456 tilius
928 5399 1025 5456 Cbam.
1040 5398 1159 5472 Propter
1167 5405 1312 5472 peecatum
1322 5401 1397 5457 enim
1407 5401 1484 5456 uenit
1492 5398 1639 5473 captivitas

109 5481 240 5554 tagiliraa
249 5489 343 5556 potest
355 5502 476 5550 servare,
497 5486 558 5542 sine
571 5489 677 5560 peccati
693 5488 803 5546 macula
843 5495 873 5545 et
889 5505 940 5561 per
955 5487 1422 5561 captiuitatemserritus.Uadeilli
1435 5485 1639 5563 quiseraaban·

109 5575 161 5641 as,
177 5576 211 5630 ut
223 5572 352 5630 babeatis
365 5574 395 5631 in
411 5573 488 5631 robis
502 5575 638 5649 Spiritum
661 5580 799 5647 sanotnm,
841 5581 890 5636 tur
903 5576 939 5634 ab
950 5576 1088 5647 hostibus,
1104 5578 1269 5636 amando
1282 5578 1424 5637 alcusam
1432 5575 1546 5644 umet
1554 5588 1635 5631 man·
