3818 6104
128 268 179 324 aas
337 263 527 323 tiaratonts
547 263 791 320 narnansrn'r.
815 267 925 323 narso.
948 267 1027 324 aar.
1049 264 1140 323 ntus
1161 270 1182 323 l.
1206 299 1234 309 -
1256 262 1443 324 annuant.
1466 268 1556 324 arnt.
1688 265 1723 331 ta

128 392 155 444 id
167 397 461 457 est,eumvenero,non
473 393 654 447 considerabo
663 409 819 447 sermonem
827 411 924 448 eoraim
935 398 1051 463 Angere
1064 403 1156 467 posset
1172 395 1283 449 diabolo
1298 396 1411 450 tradere
1431 391 1466 449 ad
1490 393 1641 450 uexandum
1654 399 1676 452 in
1686 416 1726 452 eor·

129 480 331 550 pompaticum,
344 480 391 550 qui
401 481 483 534 modo
494 480 724 551 superbiunt,sed
741 482 884 546 virtutem,
899 483 927 536 id
969 502 1046 554 pore,
1057 481 1231 543 sicutistum,
1244 482 1602 554 necnonHerrnogenemet
1611 483 1728 549 Philetun,

130 567 243 623 ostritte
254 569 386 622 meritum
394 575 422 622 et
432 569 572 624 rationem
579 569 713 627 veritatis.
722 571 861 640 quornodo
871 587 929 625 cre·
970 573 1005 626 de
1014 573 1183 644 quibusipse
1194 572 1278 627 dicit:
1293 574 1362 640 Quos
1372 574 1489 635 tradidi,
1498 572 1633 642 inquiens,
1641 573 1735 636 Souna,

131 657 210 720 dant,
221 657 264 711 vel
273 674 343 728 quas
352 658 472 712 virtutes
482 657 682 712 miraculorum
694 665 812 730 possunt
834 676 930 730 opera·
973 668 1003 716 ul
1014 664 1122 716 discant
1131 678 1184 715 rron
1195 662 1381 730 blasphemare
1389 663 1415 715 tl
1425 662 1495 714 Tim.
1506 660 1538 730 1).
1550 659 1742 730 Ejiciebatenim

130 746 164 813 ri,
178 745 225 816 qui
240 745 433 800 itaintlantur.
972 750 1051 804 illum
1077 750 1163 803 talem
1185 748 1220 803 ab
1234 749 1357 804 Ecclesia
1371 754 1401 804 et
1424 747 1460 804 ab
1477 749 1556 804 omni
1576 749 1701 810 societate,
1719 759 1747 805 et

168 835 229 889 Non
242 838 318 890 enirn
330 837 361 888 in
376 851 501 889 sermone
515 837 674 907 pompatico
693 841 778 907 atque
792 837 879 908 polito
893 843 931 893 est
972 840 1153 895 sicdiabolus
1170 856 1218 908 per
1233 839 1381 911 imperium
1411 843 1439 893 et
1466 839 1670 911 permissionem
1682 840 1752 896 illius

133 937 251 990 repnum
268 925 324 987 Dei,
337 923 366 977 id
380 930 424 977 est
438 940 493 978 non
509 925 674 978 consistitin
691 942 820 979 sermone
838 943 930 981 sermo
972 930 1090 983 nimium
1107 929 1186 997 gravi
1201 929 1365 982 infirmitate
1377 927 1495 982 vexabat
1512 928 1602 990 illum,
1617 934 1707 999 putans
1725 947 1753 988 se

132 1012 340 1082 predicationis
352 1019 381 1066 et
390 1013 544 1083 Evangelii,
562 1014 636 1083 quod
653 1030 769 1084 regnum
796 1015 930 1069 celorum
973 1018 1095 1072 animam
1111 1017 1186 1071 illius
1202 1034 1251 1087 per
1261 1016 1328 1069 talia
1341 1033 1421 1087 posse
1431 1015 1554 1084 auferre;
1567 1014 1615 1070 sed
1627 1015 1755 1086 piissimus

133 1100 302 1172 appellatur,
314 1118 347 1156 eo
362 1103 434 1172 quod
450 1118 515 1156 suos
542 1101 737 1157 observatores
758 1104 793 1156 ad
813 1118 930 1174 regnum
973 1107 1138 1178 praedicator
1151 1106 1178 1159 in
1194 1106 1289 1160 anima
1305 1122 1361 1159 non
1383 1103 1468 1158 dabat
1493 1105 1519 1157 ei
1545 1108 1711 1175 potestatem,
1726 1114 1753 1165 ut

135 1188 186 1243 Dei
202 1190 346 1260 perducat,
369 1192 416 1244 scd
430 1194 460 1244 in
478 1194 580 1245 eirlute
601 1191 664 1244 boni
680 1193 772 1261 operis
785 1193 930 1246 consistit:
973 1196 1053 1250 illum
1067 1200 1208 1248 amentem
1224 1193 1363 1258 redderet,
1374 1194 1417 1247 rel
1428 1193 1629 1262 exstingueret.

136 1277 201 1347 quia
209 1279 331 1348 inregno
341 1279 476 1333 eteloruni
488 1295 543 1334 non
554 1286 674 1348 regnant
683 1280 777 1345 verba,
786 1280 833 1334 sed
842 1281 930 1334 facta:
1010 1286 1071 1338 Non
1082 1289 1118 1337 erl
1127 1285 1331 1350 bonaploriolio
1342 1287 1439 1344 oestro,
1451 1298 1467 1335 o
1481 1280 1630 1347 Corinthii,
1644 1282 1686 1352 qui
1699 1285 1748 1353 glo·

134 1365 188 1432 vel,
202 1365 231 1418 in
244 1366 346 1420 virtute
360 1366 562 1420 miraculorum
583 1366 719 1431 consistit,
733 1368 844 1438 quando
859 1366 933 1438 quod
974 1371 1086 1426 riamini
1100 1371 1129 1425 in
1142 1377 1255 1442 peccato
1265 1369 1351 1433 illius,
1365 1375 1553 1440 putantesros
1565 1370 1745 1439 comparatione

136 1452 305 1523 praedicatur
314 1452 417 1518 verbis,
434 1454 577 1508 miraculis
591 1455 783 1509 confirmatur.
973 1458 1187 1513 illinsrneliores
1198 1473 1268 1512 esse.
1280 1459 1396 1511 nescitis
1408 1459 1475 1525 qaia
1494 1457 1631 1510 inodirurn
1651 1459 1743 1524 [erinen-

173 1541 245 1608 Quia
256 1542 362 1596 inultis?
375 1558 392 1596 o
403 1541 551 1605 Corinthii,
562 1544 684 1597 vultisut
695 1547 724 1597 in
732 1546 813 1610 cirpo
823 1546 933 1596 neritum
976 1551 1034 1599 tuin
1047 1550 1130 1599 lolam
1145 1561 1265 1599 samsom
1275 1547 1448 1611 corrumpit?
1459 1543 1640 1598 Fermentum
1650 1543 1741 1600 hicdno

135 1629 245 1684 odoos?
258 1629 336 1684 idest
346 1630 610 1685 vindictaritiorurn
623 1638 792 1696 vestrorum,
810 1637 838 1686 et
851 1633 933 1686 inse·
976 1632 1027 1687 bus
1043 1631 1134 1686 modis
1145 1648 1294 1703 possumus
1318 1631 1474 1701 intelligere
1490 1648 1496 1684 :
1515 1647 1629 1702 prauam
1643 1631 1740 1687 tideliut

137 1717 255 1772 veritate
280 1718 474 1789 correptionis,
490 1719 563 1774 sicut
586 1719 699 1790 Mogses
725 1720 754 1774 in
770 1721 964 1799 AEgyptum,B
975 1721 1144 1782 doctrinam,
1157 1726 1184 1774 et
1195 1725 1368 1791 peccatorem
1380 1719 1534 1773 hominem.
1546 1718 1739 1775 sicutmodican

137 1805 212 1875 quod
226 1805 439 1876 significabatur
453 1822 504 1879 per
517 1807 623 1879 virgam
647 1825 731 1879 quarn
754 1808 860 1863 serebat
875 1828 882 1865 :
897 1824 936 1864 an
976 1810 1145 1864 fermentum
1154 1825 1265 1862 omnem
1276 1823 1397 1862 massam
1410 1807 1507 1862 farinae
1518 1823 1687 1877 conspersam
1696 1823 1739 1860 cor·

136 1893 296 1949 vultisutr'n
311 1897 458 1957 charitate,
469 1897 526 1950 sive
537 1897 697 1961 dilectione,
709 1903 732 1951 el
743 1901 846 1966 spiritu
859 1915 936 1953 arran·
978 1898 1095 1969 rumpit,
1107 1897 1177 1950 etad
1188 1913 1270 1951 suum
1281 1912 1390 1950 acorem
1401 1895 1499 1949 trahit.
1517 1896 1557 1949 ita
1566 1894 1740 1949 maledoctrina

125 1984 293 2049 ,autumnis
301 1984 466 2039 reniam‘lid
476 1995 520 2040 est
528 1987 557 2040 in
568 1986 838 2048 lenitatementis‚et
846 1986 937 2040 humi·
976 1987 1020 2040 rel
1035 2002 1108 2039 unus
1121 1990 1249 2057 peccator
1262 1985 1346 2038 homo
1357 1989 1446 2038 totam
1462 1984 1693 2054 congregationem
1704 1983 1741 2036 lic·

136 2071 226 2137 litate,
239 2077 325 2143 etque
335 2074 553 2145 tranquillitate,
562 2080 591 2128 et
598 2080 641 2128 est
651 2091 749 2128 sensus
759 2093 764 2128 :
775 2075 803 2129 Si
811 2075 894 2128 vultis
904 2081 937 2130 ut
977 2074 1068 2129 clesiae
1082 2074 1154 2128 solet
1167 2089 1346 2143 corrumpere
1360 2088 1411 2126 suo
1423 2072 1499 2126 melo
1512 2072 1646 2140 exernplo.
1659 2071 1687 2125 Et
1697 2086 1739 2124 on·

136 2160 167 2214 in
179 2143 259 2230 virga
274 2176 331 2215 non
345 2161 465 2222 reniam,
482 2162 633 2216 nranebitis
644 2162 809 2233 incorrepti3
826 2164 869 2217 sin
885 2180 938 2217 au·
978 2180 1028 2217 nes
1042 2162 1278 2233 quipossenteum
1292 2161 1432 2231 corripere
1443 2166 1471 2214 et
1480 2176 1537 2214 non
1552 2158 1741 2231 corripiuntnti·

135 2247 237 2302 tamin
251 2247 345 2303 animo
363 2249 478 2320 pacifico
493 2256 521 2304 et
543 2250 660 2304 lenitate
677 2251 789 2316 mentis,
805 2251 937 2320 corrigite
979 2268 1032 2322 que
1047 2251 1152 2304 similes
1167 2250 1193 2303 ei
1218 2249 1378 2303 efficiuntur
1390 2249 1420 2302 in
1435 2265 1528 2319 piena.
1544 2248 1608 2303 Sive
1620 2263 1693 2319 prata
1704 2247 1739 2300 do·

137 2353 185 2391 vos
199 2343 227 2392 et
240 2339 388 2394 emendate
403 2345 518 2410 agentes
533 2339 738 2410 poenitentiam.
979 2341 1068 2394 ctrina
1082 2356 1132 2393 seu
1144 2339 1236 2392 malus
1251 2343 1277 2392 et
1290 2336 1503 2407 indisciplinans
1518 2341 1647 2408 peccator
1654 2337 1693 2408 qui
1703 2350 1741 2389 non

454 2428 572 2483 CAPUT
583 2428 617 2481 V.
979 2429 1039 2482 vult
1053 2445 1083 2481 se
1097 2427 1257 2491 emendare,
1274 2425 1309 2479 ab
1318 2423 1440 2478 Ecclesia
1454 2424 1538 2479 debet
1552 2425 1658 2495 expelli.

174 2514 299 2572 Auditur
313 2519 388 2570 inter
398 2532 443 2570 ros
457 2518 607 2584 sorrn'catio
619 2519 683 2570 tulis
697 2516 788 2584 parulis
804 2532 851 2569 ner
865 2519 939 2570 inter
1015 2517 1171 2584 Erpurpole
1198 2519 1273 2568 relus
1301 2516 1479 2581 serrnenlunt.
1504 2512 1632 2584 Praecipit
1645 2511 1743 2583 weges

139 2605 275 2672 pentcs‚id
290 2605 417 2659 estinter
431 2621 565 2675 paganos,
580 2609 619 2658 ito
633 2610 663 2658 ul
672 2621 787 2659 acorem
797 2608 939 2672 patrissui
980 2604 1145 2677 predicator
1159 2602 1311 2657 Corinthiis
1322 2603 1530 2667 fornicatorem,
1543 2602 1591 2672 qni
1605 2615 1743 2670 uxorempt·

139 2695 245 2760 aliquis
256 2693 361 2752 babeat,
373 2709 520 2747 novercam
529 2693 659 2747 videlieet
669 2708 759 2746 sunm.
981 2694 1032 2748 tris
1043 2698 1197 2763 acceperat,
1211 2708 1228 2745 a
1242 2708 1293 2745 suo
1318 2697 1455 2746 conventu
1474 2690 1623 2762 expellere,
1634 2705 1703 2761 quen
1712 2687 1747 2754 ille

175 2781 259 2835 Elaos
269 2783 367 2850 inflati
377 2784 450 2848 estis,
461 2781 489 2834 id
500 2787 542 2835 est
557 2782 587 2834 in
602 2779 761 2851 superbiam
778 2780 877 2834 elevati
890 2796 938 2834 su·
977 2784 1035 2852 J'am
1049 2780 1184 2834 traditum
1198 2778 1320 2833 habebat
1333 2778 1443 2833 diabolo
1457 2779 1493 2833 ad
1507 2778 1686 2850 purgandum,
1698 2790 1744 2848 qua

140 2868 268 2940 perbitis,
286 2875 372 2923 elnon
388 2871 735 2937 mopisluclumlrabuislis
746 2885 796 2940 pro
812 2869 865 2923 hoc
878 2885 938 2923 sce·
980 2875 1063 2924 tenus
1073 2885 1128 2939 quo
1143 2868 1279 2921 suadente
1301 2866 1435 2938 peccarit,
1450 2883 1484 2921 eo
1510 2873 1628 2921 vexante
1649 2879 1745 2937 purgare

140 2957 290 3024 lere,sicnt
300 2957 413 3013 Samuel
427 2957 543 3028 lugebat
553 2958 723 3028 superSaul,
732 2963 761 3011 et
770 2963 813 3012 est
821 2973 919 3011 sensus
931 2975 937 3009 :
983 2963 1031 3012 tur
1044 2977 1050 3010 :
1067 2963 1095 3011 et
1108 2957 1174 3009 darn
1188 2956 1295 3009 videret
1308 2971 1337 3008 se
1345 2956 1464 3024 ejectum
1477 2954 1505 3008 in
1514 2953 1644 3026 praesenti
1652 2951 1745 3008 saculos

142 3047 213 3101 Cum
229 3045 395 3101 debuissetis
411 3046 506 3117 lugere
521 3052 665 3117 peccatum
676 3045 762 3110 illius,
776 3051 804 3099 et
819 3061 835 3098 a
850 3012 973 3099 restroC
984 3052 1057 3100 coetu
1067 3045 1202 3099 fidelium.
1213 3042 1431 3098 erubesceretde
1441 3048 1521 3097 reatu
1528 3059 1591 3107 suo,
1602 3048 1712 3097 metuens
1721 3038 1746 3092 si·

141 3134 283 3190 consortio
294 3134 455 3206 hujusmodi
469 3151 610 3205 separare,
625 3134 715 3204 magis
738 3134 765 3187 in
781 3133 942 3204 superbiam
984 3133 1157 3204 militerejici
1169 3133 1198 3187 in
1207 3132 1470 3187 luturoasocietate
1481 3129 1744 3197 sanctorumldeoque

143 3224 211 3279 estis
224 3224 334 3289 elevati,
348 3225 415 3294 quia
430 3223 536 3278 intuitu
548 3223 623 3277 illius
639 3223 759 3289 scelesti,
771 3222 877 3293 putatis
894 3238 942 3277 vos
983 3224 1036 3278 hoe
1039 3223 1124 3294 jussit
1134 3222 1333 3293 ApostoluS,ut
1343 3225 1565 3291 perpraesentem
1574 3218 1747 3274 tribulationem

142 3311 238 3382 magni
251 3311 345 3366 meriti
360 3327 429 3373 esse,
442 3317 470 3365 et
484 3311 639 3364 sanctiores
653 3310 701 3363 illo
716 3325 861 3380 apparere.
984 3318 1014 3366 et
1028 3312 1171 3365 miseriam
1185 3310 1316 3364 eraderet
1334 3325 1430 3380 poenas
1453 3309 1528 3378 ignis
1542 3308 1648 3372 aeterni,
1664 3300 1748 3376 aspin

179 3404 234 3470 Epo
249 3403 360 3470 quidem
375 3402 471 3455 absens
484 3416 605 3468 corpore,
619 3414 738 3467 praseae
749 3405 841 3452 aulem
851 3399 943 3466 Spiri·
984 3406 1031 3454 tus
1041 3402 1102 3470 eJ'us
1116 3399 1209 3453 salvus
1223 3398 1339 3451 secretio
1350 3397 1395 3451 die
1415 3396 1543 3450 Domini:
1559 3398 1709 3465 Expurgate,
1722 3391 1749 3444 io·

146 3497 185 3554 lu,
204 3490 338 3545 subaudis
353 3495 460 3552 sarecto,
477 3489 525 3560 qui
554 3488 643 3558 replet
671 3486 775 3552 omnia,
795 3493 826 3540 ut
845 3486 944 3541 beatus
985 3489 1056 3558 quit,
1070 3493 1149 3541 vetus
1175 3486 1355 3548 fermentum,
1371 3485 1399 3538 id
1415 3478 1748 3553 estfornicatoremquiin·

144 3579 310 3634 Ambrosius
324 3579 393 3633 dicit
409 3578 517 3632 :Tanta
530 3577 624 3646 gratia
639 3583 699 3629 erat
709 3575 945 3639 concessaPanlo,
988 3582 1094 3629 nestum
1110 3573 1290 3644 perpetrarit,
1300 3589 1414 3627 uxorem
1425 3573 1512 3644 patris
1521 3569 1749 3644 accipiendoQueu

145 3673 178 3722 ut
189 3667 350 3738 ubicunque
364 3674 449 3730 esset,
463 3682 514 3737 per
536 3664 672 3735 Spiritum
701 3669 828 3718 sanctum
843 3680 946 3734 cogno·
988 3664 1091 3720 idcirco
1101 3669 1176 3716 verm
1186 3664 1355 3730 serrnenlurn
1370 3661 1502 3732 appellat,
1517 3662 1584 3729 quia
1597 3662 1625 3715 in
1640 3668 1750 3714 content·

147 3761 238 3811 sceret
247 3757 314 3827 quid
324 3756 392 3809 alibi
405 3760 554 3825 gereretur
579 3753 673 3807 abhis
693 3753 794 3825 quibus
809 3753 947 3822 evangeli·
988 3753 1064 3806 tione
1079 3759 1106 3807 et
1121 3757 1233 3822 peccato
1247 3751 1349 3804 veteris
1374 3750 1496 3804 hominis
1527 3749 1595 3804 nde
1619 3749 1698 3803 adhuc
1711 3742 1752 3797 etti

147 3849 267 3899 curerat.
287 3846 350 3898 lom
371 3844 502 3910 judicari
515 3858 578 3895 eam
593 3845 643 3909 qui
655 3845 695 3895 sic
709 3847 835 3909 operatus
847 3848 894 3906 est,
915 3846 946 3894 ut
988 3842 1096 3912 positus
1111 3840 1159 3911 qui
1174 3840 1281 3911 primus
1297 3838 1431 3908 peccavit.
1444 3838 1537 3892 Omne
1548 3838 1623 3892 enim
1644 3837 1751 3908 penetro

144 3949 274 4006 presens,
290 3932 383 3996 idest,
402 3931 481 3985 illum
497 3931 545 4002 qui
573 3947 688 3984 uxorem
711 3930 800 4002 patris
829 3929 945 4000 accepit,
990 3931 1025 3983 nd
1042 3935 1163 3983 veterem
1177 3927 1319 3981 hominem
1350 3927 1481 3997 pertinet.
1499 3926 1618 3981 Ponitur
1632 3926 1704 3979 etiam
1718 3918 1752 3972 iet·

145 4025 205 4094 jam
216 4020 339 4092 iudicari
350 4020 429 4092 quasi
446 4036 569 4092 praesens
579 4019 631 4073 sim
642 4032 768 4090 corpore.
991 4022 1117 4072 mentum
1143 4016 1293 4086 aliquando
1308 4032 1359 4086 pro
1386 4015 1461 4069 bona
1477 4016 1615 4081 doctrina,
1638 4004 1752 4084 aliquado

184 4112 218 4165 ln
225 4114 336 4164 nominc
347 4112 461 4164 Domini
478 4111 567 4161 nostri
586 4110 649 4162 lesu
661 4108 772 4169 (larini,
789 4107 817 4160 id
833 4111 876 4160 est
889 4106 949 4159 rice
991 4123 1042 4177 pro
1053 4106 1136 4159 mala.
1150 4106 1204 4158 Pro
1213 4103 1285 4157 bona
1294 4105 1417 4175 ponitur,
1432 4108 1464 4157 ut
1479 4103 1508 4157 in
1524 4104 1669 4175 Evangelio
1685 4107 1753 4154 meur

150 4199 225 4253 illins
235 4200 317 4268 cujus
330 4197 470 4266 legatione
485 4196 596 4265 fungor,
606 4197 950 4261 conprepolisoobisctrneo
992 4196 1058 4250 dum
1070 4194 1243 4256 Matthaeum,
1253 4193 1294 4246 ait
1302 4193 1455 4247 Dominus:
1468 4191 1567 4247 Simile
1577 4195 1755 4259 estrepnunttl·

150 4285 270 4353 Spiritu,
284 4285 314 4338 id
328 4289 373 4337 est
387 4283 493 4352 Spiritu
512 4288 617 4346 sancto,
641 4299 705 4335 cum
726 4286 828 4335 virtulo
839 4284 952 4335 Domini
995 4289 1086 4339 lorum
1096 4285 1473 4352 sermentaqrioclacceplum
1488 4273 1755 4337 mulier-absconditi

150 4374 225 4430 lesu,
240 4370 269 4423 id
284 4374 399 4423 osteum
413 4369 553 4422 sententia
567 4369 678 4422 Domini
698 4369 764 4423 lesu
780 4386 842 4438 quae
861 4369 891 4422 in
905 4365 983 4423 meD
993 4378 1095 4441 san'na
1109 4375 1176 4426 setis
1202 4374 1301 4433 tribus,
1322 4373 1405 4425 donec
1423 4368 1624 4438 [caracetulum
1645 4375 1678 4425 est
1696 4368 1756 4420 blan

152 4459 482 4528 estEccetrespersona
495 4475 500 4509 :
515 4457 637 4527 Spiritus
661 4457 749 4510 sancti
765 4457 900 4519 videlicet,
924 4465 953 4512 et
995 4463 1102 4528 nllullli..
1120 4465 1189 4528 xnr).
1203 4448 1756 4530 Fermentumhicappellatierroremdilt

152 4548 265 4603 Domini
274 4548 289 4602 J
292 4563 350 4612 esu,
362 4552 447 4616 atque
456 4545 567 4599 illorurn
579 4546 606 4599 in
618 4562 737 4616 quorum
747 4562 952 4600 numeroomne
994 4550 1093 4604 ctionis
1103 4550 1152 4604 Dei
1160 4554 1188 4602 et
1199 4547 1327 4620 proximi,
1339 4553 1365 4600 et
1385 4548 1573 4625 cognitionem
1584 4553 1680 4602 sancte
1691 4533 1758 4599 Trini-

148 4637 287 4710 judicillm
302 4635 437 4706 agitur&
448 4633 606 4699 r⁰b0isstu¹¹2
620 4635 700 4705 juxta
720 4635 795 4706 quod
817 4634 953 4689 Dominus
994 4640 1140 4708 retiaque
1148 4637 1237 4691 servet
1247 4636 1413 4690 incordibus
1420 4635 1588 4692 tidelinmet
1597 4623 1758 4690 continentia

152 4728 221 4783 dicit
242 4749 248 4783 τ
272 4729 306 4783 1η
320 4742 366 4781 ore
380 4727 499 4779 duorum
524 4726 564 4776 trel
580 4727 669 4777 tritum
684 4727 793 4778 testirnn
809 4731 859 4777 stet
872 4740 952 4778 omno
994 4726 1298 4795 doctrinoerangelica.
1316 4725 1416 4779 Mulier
1423 4725 1477 4777 ista
1488 4723 1758 4796 quaeaccepittemo·

153 4819 265 4872 mrbum
283 4816 389 4884 (llottlr.
401 4816 488 4883 trun.
504 4813 547 4867 nb
573 4812 616 4866 his
640 4812 729 4866 tribus
744 4813 871 4883 personis
892 4814 952 4883 jam
994 4822 1173 4879 tum,sancta
1183 4814 1306 4868 Ecclesia
1316 4819 1365 4876 est,
1381 4812 1631 4884 quaedilcctionem
1642 4810 1686 4866 Dei
1694 4812 1761 4874 erpa

151 4906 309 4976 judicatum
320 4903 601 4976 habebatApostolus
615 4905 723 4958 tradere
732 4904 892 4971 hujusmodi
906 4904 954 4956 ho·
995 4906 1072 4967 xinii,
1088 4904 1333 4974 cognitionemque
1360 4909 1463 4956 sanctae
1480 4902 1627 4956 Trinitatis
1638 4884 1761 4974 praediatiit

155 4995 258 5048 minem
273 4995 383 5048 Solane
397 4998 429 5048 in
442 4997 589 5048 interitura
600 4995 703 5056 eornm,
717 4992 774 5046 sive
785 4992 813 5046 in
824 4992 953 5046 sillictio-
995 4993 1078 5058 Asia,
1090 4993 1206 5062 Europae
1217 4991 1360 5053 etltfrieae,
1371 4991 1459 5043 donec
1469 4988 1760 5045 fermentareturtowffli

157 5097 220 5134 nem
232 5088 261 5135 et
274 5088 306 5136 ut
319 5088 493 5136 vexaretura
506 5083 617 5137 diabolo
628 5083 657 5137 in
667 5098 784 5153 corpore
792 5082 870 5151 gravi
878 5080 956 5150 aegri-
997 5082 1025 5135 id
1036 5088 1087 5146 est,
1099 5081 1187 5135 donec
1207 5097 1257 5151 per
1275 5079 1464 5151 quadrifidum
1480 5078 1577 5134 orbem
1598 5080 1652 5133 ista
1665 5068 1763 5148 prndio*

155 5169 264 5231 tudine,
281 5185 337 5223 non
349 5176 446 5224 tauma
458 5178 598 5225 amentem
618 5189 708 5243 neque
724 5171 919 5242 phreneticum
936 5169 956 5222 il
998 5171 1102 5224 tionem
1114 5177 1269 5239 spergeret,
1280 5173 1308 5221 et
1321 5185 1353 5221 ex
1379 5168 1510 5222 omnibus
1519 5167 1651 5238 gentibus
1662 5165 1692 5219 ad
1705 5156 1764 5216 fidim

156 5260 216 5314 lum
224 5258 363 5324 redderet,
374 5263 404 5312 ut
412 5261 538 5326 spiritus,
549 5260 912 5320 idestanimnilliussolrus
920 5262 956 5311 sil
1000 5259 1104 5313 Christi
1118 5259 1251 5312 traheret.
1270 5257 1387 5310 Ponitur
1401 5263 1430 5311 et
1453 5273 1503 5328 pro
1534 5257 1610 5310 mala
1625 5239 1765 5310 doctrinaet

156 5353 189 5405 in
199 5350 242 5402 die
252 5349 366 5402 Domini
375 5349 464 5401 nostri
472 5348 534 5400 lesu
545 5348 658 5409 Glrrisli,
670 5351 698 5403 id
710 5357 754 5404 est
760 5349 869 5420 judicii.
885 5347 959 5402 Dicit
1000 5349 1074 5402 mala
1090 5347 1311 5415 conversatione,
1326 5351 1359 5399 ut
1373 5345 1447 5399 idem
1457 5344 1629 5417 Redemptor
1638 5330 1765 5398 nosten't‘

157 5439 257 5494 beatus
272 5436 447 5507 Augustinus
458 5435 524 5504 quia
539 5436 596 5489 haec
610 5443 733 5506 potestas
749 5449 777 5492 et
787 5438 880 5509 gratia
890 5437 957 5491 data
999 5438 1094 5491 tlaoen
1104 5442 1199 5489 autem
1215 5453 1231 5488 a
1245 5438 1379 5502 feretrato
1390 5435 1596 5488 Pharisaeorum
1614 5413 1766 5501 (Motibxtllt

157 5533 219 5591 erat
231 5528 375 5602 Apostolo,
389 5530 422 5581 ut
434 5530 582 5600 peccantes
591 5530 621 5579 et
629 5526 957 5595 poenitentimnnolentes
997 5526 1027 5581 id
1037 5530 1080 5579 est
1091 5541 1108 5579 a
1122 5524 1198 5593 male
1207 5524 1320 5594 illorum
1333 5523 1476 5594 doctrina:
1494 5527 1650 5579 etcaretca
1661 5506 1768 5576 fermenti
