3818 6104
53 288 107 349 105
560 295 769 355 ENARRATIO
789 299 827 355 IN
847 298 934 354 JOEL
952 299 1185 355 PROPHETAM.
1638 302 1691 363 106

48 420 106 469 cru.
116 414 212 478 «Quia
223 415 253 469 in
266 420 362 469 monte
378 415 448 470 Sion
463 418 532 471 etin
547 419 724 478 Hierusalem
738 426 792 479 erit
805 425 888 485 sal-A
898 423 1124 494 possidebitis‘in
1136 424 1292 479 contrarios
1304 425 1384 480 robis
1398 427 1549 495 suscitabo,
1567 433 1596 484 et
1623 431 1697 485 filice

47 505 132 565 vatio,
150 504 305 559 sicutclixit
323 504 470 570 Dominus,
487 515 515 561 et
527 508 555 562 in
572 511 691 565 residuis
720 516 859 583 quosDo-
900 515 1029 574 acfilias,
1053 515 1105 568 hoc
1126 521 1169 568 est
1194 514 1345 584 discipulos
1374 522 1478 571 vestros
1499 535 1549 588 per
1568 519 1697 574 Ecclesiae

53 593 149 648 minus
166 595 316 648 vocaverit.
338 618 349 642 v
374 595 497 650 Moutem
525 598 591 651 Sion
620 605 649 653 et
671 602 856 666 Hierusalem,
900 604 1095 673 praedicatores
1109 605 1137 658 in
1152 620 1248 658 eorum
1260 603 1460 673 subjectionem
1472 607 1615 661 reducam.
1634 608 1698 663 «Et

49 681 208 736 Ecclesiam
221 682 417 753 intelligimus,
434 685 464 739 in
480 703 536 757 qua
559 688 613 741 erit
639 690 765 757 salvatio,
786 691 858 744 sicut
899 692 1101 746 venundabunt
1114 709 1162 746 eos
1173 691 1276 746 Sabaeis
1290 693 1367 761 genti
1382 694 1550 765 longinqua,
1562 695 1629 767 quia
1643 696 1698 750 Do·

50 770 132 824 dixit.
898 780 991 834 minus
1007 780 1117 834 locutus
1130 787 1181 835 est.
1195 800 1207 832 1
1233 779 1305 834 Saba
1327 780 1529 852 interpretatur
1548 788 1695 849 conversio,

359 897 479 953 CAPUT
494 898 546 954 ΠΙο
897 870 911 922 J
915 870 970 923 uria
987 886 1050 923 vero
1062 872 1202 936 rerifesn‘o.
1214 869 1303 923 Sabaei
1317 869 1380 923 ideo
1403 888 1472 941 gens
1490 873 1644 943 longinqua
1657 873 1698 928 di·

900 959 983 1023 eitur,
996 958 1156 1029 quiasancti
1166 958 1359 1029 quihaereticis
1369 959 1559 1028 dominantur,
1576 962 1606 1015 in
1618 967 1698 1017 aeter·

89 1056 100 1085 1
115 1035 264 1099 Quiaecce
274 1037 303 1090 in
316 1036 414 1093 diebus
426 1040 480 1093 illis
494 1046 522 1094 et
536 1041 566 1094 iu
594 1049 721 1113 tempore
736 1044 859 1102 illosum
900 1064 967 1101 num
982 1049 1086 1102 vivent.

51 1131 218 1179 convertero
233 1127 424 1197 captivitatem
442 1130 515 1184 luda
526 1135 554 1183 et
569 1131 756 1195 Hierusalem,
775 1151 859 1204 »quae
939 1158 949 1188 1
968 1138 1093 1191 Clemate
1109 1138 1160 1191 hoc
1177 1137 1204 1190 iu
1226 1136 1366 1206 gentibus,
1386 1137 1558 1193 sanctificate
1580 1137 1696 1210 bellum,

52 1220 136 1267 antea
151 1230 210 1268 non
225 1221 296 1269 erat.
311 1216 398 1270 Primi
413 1225 480 1272 sunt
495 1219 584 1272 sancti
608 1223 735 1291 apostoli,
753 1223 795 1275 vel
811 1241 862 1277 cae·
900 1225 1033 1279 suscitate
1043 1226 1180 1279 robustos.
1198 1224 1493 1296 »Orosprincipesid
1503 1228 1546 1280 es't
1560 1226 1697 1294 doctores,

51 1302 104 1356 teri
135 1320 170 1356 ex
193 1304 407 1359 circumcisione
429 1309 585 1375 credenteS,
606 1311 713 1365 residui
732 1328 807 1377 vero,
827 1329 860 1366 ex
902 1315 1033 1380 clamate,
1048 1315 1096 1385 qui
1119 1314 1197 1368 vobis
1221 1313 1339 1383 subjecti
1368 1320 1443 1378 suut,
1459 1315 1524 1384 quia
1535 1316 1627 1369 veniet
1638 1316 1699 1371 dies

51 1392 186 1460 Sentibus
202 1394 360 1451 venientes·
897 1405 1006 1473 judieii.
1023 1429 1034 1454 1
1049 1404 1190 1456 Accedant
1200 1409 1228 1456 et
1242 1404 1395 1456 ascendant
1410 1419 1506 1457 omnes
1518 1402 1567 1457 viri
1581 1403 1700 1458 bellato-

24 1546 26 1550 ,
89 1481 304 1552 «Congregabo
318 1501 415 1538 omnes
442 1491 551 1555 gentes,
568 1492 594 1540 et
614 1489 749 1544 deducam
765 1507 812 1544 eas
831 1491 860 1544 in
901 1509 954 1546 res.
977 1512 987 1542 v
1009 1494 1152 1546 Accedunt
1176 1492 1294 1563 pedites,
1319 1492 1473 1545 ascendant
1495 1493 1612 1563 equites.
1628 1491 1700 1564 Equi

52 1570 122 1623 salle
131 1572 283 1641 iosaphat,
297 1578 326 1626 et
338 1574 498 1644 disceptabo
513 1593 576 1630 cum
589 1578 630 1631 eis
641 1578 688 1631 ibi.
700 1598 712 1630 u
725 1580 860 1650 Josapbat
901 1581 975 1635 enim
987 1582 1115 1636 homines
1130 1581 1218 1651 impii,
1235 1581 1343 1650 equites
1357 1598 1422 1634 vero
1435 1580 1562 1635 diabolus
1589 1581 1632 1635 vel
1646 1582 1701 1636 dae·

54 1660 261 1731 interpretatur
276 1665 390 1718 0011ιὶ111·
393 1667 547 1732 judicium.
564 1668 623 1721 lloc
644 1685 709 1738 ergo
725 1676 767 1723 est
785 1671 860 1738 quod
902 1688 1008 1725 mones.
1025 1671 1060 1723 lli
1071 1671 1145 1724 enim
1162 1670 1294 1724 dicuntur
1306 1669 1356 1722 viri
1369 1670 1528 1736 bellatores,
1541 1669 1588 1740 qui
1596 1670 1697 1724 buma-

54 1749 137 1804 dicit:
150 1752 272 1814 Quando
283 1753 416 1807 misertus
424 1757 503 1808 luero
518 1772 615 1809 eorum
632 1758 678 1828 qui
688 1776 738 1828 per
751 1760 860 1814 conles-
869 1779 892 1839 B
902 1776 969 1813 nuni
980 1776 1068 1827 genus
1084 1760 1173 1813 solent
1187 1776 1238 1829 per
1252 1759 1320 1813 vitia
1334 1759 1482 1813 debellare.

56 1839 163 1893 sionem
176 1840 300 1895 nominis
309 1843 364 1896 mei
372 1851 531 1906 censentur,
544 1852 611 1899 tunc
627 1863 723 1900 omues
733 1848 861 1902 adversa·
939 1869 952 1899 1
968 1849 1213 1902 Conciditearatra
1227 1854 1318 1902 vestra
1327 1848 1353 1900 in
1365 1847 1483 1916 gladios,
1495 1845 1637 1916 etligones
1651 1864 1699 1901 ve-

56 1929 200 1983 riosmeos
211 1930 349 1983 deducam
367 1932 394 1985 in
406 1933 504 1986 vallem
517 1934 626 2002 judicii.
640 1935 858 2005 Omnesgentes,
902 1944 974 1991 siros
1001 1937 1029 1991 iu
1051 1939 1172 2000 lanceas,
1196 1937 1326 1991 infirmus
1351 1937 1436 2001 dicat,
1459 1936 1529 1999 Quia
1548 1933 1628 1990 tortis
1647 1953 1699 2007 ego

57 2024 103 2071 aut
117 2035 218 2072 omnes
230 2020 360 2089 designat
375 2021 504 2075 nationes
518 2024 687 2092 incredulae,
699 2033 746 2079 ocu
763 2043 860 2079 omnes
902 2043 975 2080 sum.
990 2047 1000 2077 1
1014 2028 1146 2080 Amovete
1156 2026 1260 2096 (inquit
1274 2025 1429 2089 Dorninusl,
1445 2042 1461 2079 0
1485 2041 1532 2078 vos
1547 2025 1698 2094 daeniones,

58 2106 394 2179 daemonesdicit.‹Super
403 2112 506 2180 populo
517 2129 579 2165 meo
588 2120 617 2166 et
625 2115 788 2168 haereditate
798 2132 861 2169 mea
901 2115 1061 2169 universam
1078 2131 1175 2186 pacem
1192 2115 1220 2168 in
1231 2114 1409 2180 seditionem,
1422 2113 1596 2168 etinbellum
1606 2112 1700 2168 cuncti

59 2194 154 2260 Israel,
172 2198 248 2266 quod
264 2197 459 2268 disperserunt
474 2200 501 2252 iu
518 2201 688 2256 nationibus.
711 2211 739 2256 et
754 2211 859 2257 terrum
901 2203 1096 2273 consurgite«
1114 2202 1331 2256 infirmusdicat
1345 2202 1411 2272 quia
1426 2201 1505 2255 tortis
1526 2218 1577 2271 ego
1589 2217 1662 2256 suni.
1684 2221 1698 2255 1)

58 2300 147 2337 meam
163 2284 331 2340 diviserunt.
357 2287 445 2340 illoc
460 2294 511 2345 est.
526 2305 580 2341 nou
598 2306 645 2342 eos
659 2293 816 2360 opprimam
831 2293 859 2346 in
900 2291 999 2345 Dicere
1012 2289 1212 2360 inscriptura,
1229 2290 1302 2343 sacto
1318 2307 1403 2361 opere
1430 2306 1626 2344 consummare
1645 2295 1698 2344 est·

59 2373 99 2427 die
110 2374 283 2443 judicii,aut
295 2376 490 2429 auctoritatem
504 2377 634 2446 potentin
646 2394 714 2431 meae
725 2380 857 2445 sentiant,
900 2378 1013 2433 Etcum
1029 2379 1124 2433 omnia
1139 2379 1213 2432 mala
1228 2379 1286 2433 baec
1301 2379 1432 2443 feceritis,
1448 2384 1478 2432 et
1500 2378 1576 2432 omni
1595 2377 1700 2434 virtute

59 2464 102 2516 sed
119 2464 231 2517 ratione
243 2465 372 2534 justitiae,
389 2474 437 2518 aut
459 2466 542 2519 etiam
561 2483 613 2519 sua
625 2468 798 2522 conlessione
818 2469 858 2522 di·
899 2468 933 2521 ad
949 2469 1131 2538 pugnandum
1145 2475 1242 2522 contra
1265 2468 1368 2521 electos
1385 2484 1462 2520 meos
1476 2466 1618 2531 veneritis,
1633 2471 1701 2522 tunc

57 2568 122 2620 gnos
136 2569 168 2605 se
181 2553 327 2622 suppliciis
348 2571 408 2607 esse
420 2561 599 2624 cognoscant.
898 2556 927 2611 in
938 2558 982 2611 die
995 2558 1094 2628 judicii
1105 2573 1216 2611 omnem
1227 2556 1359 2609 virtutem
1368 2562 1484 2608 vestram
1495 2560 1679 2625 prosternam.

92 2640 146 2694 «Et
155 2658 242 2712 super
250 2642 383 2713 populum
396 2659 489 2696 meum
501 2645 761 2699 miseruntsortem.
775 2644 859 2699 11100
938 2667 947 2696 c
966 2647 1112 2717 Erumpite
1126 2653 1153 2698 et
1167 2645 1267 2708 venite,
1285 2660 1383 2698 omues
1397 2649 1496 2712 gentes
1511 2662 1517 2708 ;
1532 2644 1566 2696 de
1580 2643 1701 2698 circuitu

59 2730 186 2799 estquod
194 2731 324 2783 certatim
336 2731 364 2784 in
377 2731 495 2800 singulis
506 2749 623 2801 regnare
630 2734 788 2787 voluerunt.
802 2735 860 2788 «Et
901 2735 1122 2805 congregamini.
1139 2733 1181 2788 Ibi
1192 2732 1357 2787 occumbere
1367 2732 1451 2786 saciet
1468 2731 1604 2785 Dominus
1618 2731 1700 2786 robu-

60 2825 213 2887 posuerunt
224 2836 342 2889 puerum
354 2819 381 2872 in
391 2820 720 2892 prostibuloetpuellarn
732 2822 860 2876 vendide·
901 2829 959 2877 stos
974 2829 1062 2877 tuos·
1082 2824 1140 2877 Hoc
1155 2823 1279 2876 declarat
1295 2821 1368 2891 quod
1384 2837 1447 2874 cum
1459 2819 1518 2872 dics
1525 2819 1636 2873 Domini
1647 2819 1700 2872 ad-

61 2912 122 2960 runt
134 2925 187 2978 pro
203 2908 267 2961 vino
292 2914 324 2961 ut
343 2907 478 2962 biberent.
499 2929 510 2960 1
528 2910 587 2963 1100
605 2911 665 2964 loro
680 2911 807 2981 queritur
826 2911 860 2964 de
901 2912 1003 2975 veniat,
1021 2918 1049 2966 et
1063 2913 1126 2965 sinis
1142 2910 1238 2963 mundi
1253 2909 1469 2980 appropinquet,
1486 2909 1571 2963 Satan
1585 2923 1700 2964 ornnem

62 2996 181 3050 sortibus
201 3014 310 3061 eorum,
322 2997 396 3067 quod
411 2998 496 3051 etiam
513 2999 739 3053 robustissimum
751 3016 858 3065 sexum,
901 3000 1033 3053 virtutem
1045 3017 1125 3053 suam
1136 2996 1613 3067 Anticliristitemporibuseffundat
1626 2996 1700 3053 etad

63 3090 168 3138 etatem
180 3101 243 3155 quae
258 3092 370 3157 poterat
383 3087 419 3140 ad
433 3087 551 3141 virtutes
559 3104 694 3150 crescere,
711 3089 769 3141 suis
784 3055 888 3158 inju·C
900 3089 1050 3142 tentandas
1064 3093 1093 3142 et
1107 3087 1308 3142 subvertendas
1323 3086 1433 3139 animas
1446 3085 1640 3140 vehementius
1650 3100 1700 3156 pu-

63 3173 140 3226 stitiis
151 3173 397 3242 effeminatorum,
411 3182 439 3228 et
455 3177 686 3246 animoquaeerat
696 3176 856 3238 fortissima,
900 3183 976 3247 guet.

62 3259 163 3314 libidini
180 3268 209 3316 et
224 3263 415 3330 voluptatibus
426 3264 577 3334 subjugata
592 3272 644 3319 est.
939 3285 951 3317 1
965 3267 1143 3336 consurgant
1158 3269 1187 3318 et
1200 3265 1353 3319 ascaridant
1365 3268 1464 3334 gentes
1474 3263 1610 3317 invallem
1622 3263 1700 3318 losa·

94 3369 104 3400 1
121 3351 229 3405 Verum
245 3352 313 3423 quid
328 3352 395 3405 mihi
412 3360 440 3407 et
452 3354 538 3416 vobis,
555 3354 646 3425 Tyrus
666 3362 694 3408 et
714 3354 808 3419 Sidon,
830 3361 860 3409 et
900 3356 977 3426 phat.
998 3376 1008 3404 1
1026 3355 1074 3408 lsti
1090 3360 1184 3408 autem
1200 3370 1255 3407 non
1268 3353 1432 3423 judicantur
1444 3351 1473 3404 in
1488 3349 1700 3414 montibus,uon

63 3440 305 3493 omnesterminos
317 3441 553 3496 Palestinorum?
579 3444 705 3514 nunquid
721 3444 857 3498 ultionem
898 3444 927 3497 in
944 3443 1155 3514 campestribus,
1168 3442 1257 3495 sedin
1272 3440 1441 3510 profundum
1458 3444 1486 3494 et
1505 3439 1646 3501 deorsum,
1667 3445 1699 3494 ut

64 3529 173 3582 redditis
190 3529 283 3582 mibi?
301 3549 312 3580 1
329 3532 420 3601 Tyrus
432 3531 576 3585 tribulatio
591 3532 648 3585 sive
659 3534 799 3601 angustio,
817 3534 858 3587 Si·
900 3533 995 3586 statim
1004 3531 1102 3600 judicii
1115 3531 1191 3583 loeus
1207 3530 1324 3600 ipsepro
1334 3545 1417 3600 poeua
1433 3528 1478 3581 sit.
1494 3546 1506 3580 v
1519 3527 1590 3591 Quia
1605 3527 1643 3582 ibi
1653 3544 1699 3583 se·

63 3617 108 3671 don
123 3634 190 3672 vero
204 3619 325 3678 venatio,
336 3620 387 3672 hoc
401 3625 444 3672 est
457 3621 597 3674 daemones
615 3640 620 3675 :
638 3621 790 3682 Palaestini,
809 3639 856 3675 ca·
899 3621 969 3674 debo
981 3628 1012 3673 ut
1021 3621 1144 3690 judicem
1158 3636 1255 3673 omnes
1266 3625 1365 3689 gentes
1379 3618 1408 3671 in
1424 3617 1552 3671 circuitu.
1572 3617 1699 3673 »Sedere

63 3704 154 3761 dentes
164 3706 289 3778 00110110-
304 3707 371 3770 Quae
385 3707 479 3761 omnia
504 3709 538 3761 de
553 3709 691 3763 haereticis
708 3720 782 3764 reete
797 3726 858 3763 seu·
898 3709 948 3764 Dei
962 3715 1005 3763 est
1015 3709 1141 3762 habiturn
1151 3715 1179 3761 et
1198 3713 1364 3778 potestatem
1378 3705 1523 3777 judicandi
1538 3706 1699 3762 ostendere.

63 3794 149 3849 tienda
164 3800 242 3849 sunt.
261 3812 311 3866 per
325 3813 395 3867 quos
410 3796 537 3850 diabolus
553 3799 686 3868 populum
701 3799 749 3852 Dei
760 3800 794 3851 de
806 3800 857 3853 Ec·
936 3818 949 3848 11
966 3798 1069 3851 Mittite
1081 3797 1174 3858 sulces,
1191 3797 1323 3866 quonium
1340 3796 1491 3849 maturavit
1506 3795 1615 3852 messis¹
1626 3797 1700 3851 »Hoc

63 3885 671 3958 clesiaseparavit,atquepereloquentiam
688 3888 858 3958 suamquasi
899 3885 1071 3957 loquiturad
1087 3887 1225 3954 angelos:
1251 3900 1388 3937 messores
1414 3884 1489 3937 enim
1514 3885 1697 3954 angelisunt,

64 3988 154 4029 aurum
167 3983 197 4030 et
210 3983 370 4046 argentum,
394 3977 534 4047 simplices
549 3994 673 4048 quosque
686 3978 720 4031 de
737 3977 859 4032 Ecclesia
900 3975 1069 4029 messisvero
1081 3973 1263 4043 populisuut.
1280 3972 1493 4035 Quodammodo
1503 3972 1595 4041 angeli
1608 3972 1701 4026 desua

64 4064 217 4124 educentes,
231 4065 296 4118 tiliis
310 4066 480 4130 Graecorum,
498 4066 550 4119 hoc
575 4072 617 4119 est
632 4066 790 4135 gentilium.
806 4066 858 4120 sub
899 4063 1074 4118 sublimitate
1089 4060 1273 4118 descendunt.
1291 4059 1403 4130 quando
1430 4059 1587 4129 suscipiunt
1609 4059 1700 4114 officia

65 4161 169 4221 peceato
184 4155 360 4210 venundant.
382 4173 395 4207 1
413 4156 446 4210 Et
460 4155 483 4208 si
506 4154 671 4208 ulciscimini
696 4172 742 4207 vos
757 4161 887 4232 contraD
898 4158 1047 4207 tortorum.
1065 4171 1075 4200 ι
1093 4149 1193 4202 Venite
1208 4154 1237 4202 et
1256 4147 1426 4211 descendite,
1443 4147 1510 4217 quia
1524 4148 1638 4217 plenum
1654 4152 1699 4202 est

65 4257 111 4304 ne,
122 4245 179 4297 cito
194 4243 327 4297 velociter
338 4244 451 4298 reddam
464 4243 859 4315 vicissitudinemvobissuper
900 4241 1039 4295 torcular:
1056 4237 1211 4292 exuberant
1219 4235 1451 4306 torculariaquia
1460 4235 1645 4305 multiplicata
1657 4240 1701 4291 est

66 4339 284 4400 caputeestrum.
296 4334 452 4399 Argentum
463 4333 536 4386 euim
554 4350 647 4387 meum
659 4339 687 4386 et
696 4350 796 4387 aurum
812 4340 858 4388 tu·
900 4329 1008 4383 malitia
1018 4344 1125 4382 eorum.
1139 4327 1223 4380 ulam
1235 4325 1374 4380 redundat
1388 4324 1509 4378 mundus
1520 4324 1563 4377 vel
1577 4324 1701 4379 torcular

67 4418 139 4483 listis,
154 4428 182 4475 et
196 4421 396 4475 desiderabilia
410 4439 473 4476 mea
488 4430 515 4476 et
525 4423 715 4493 pulcherrima
741 4439 803 4476 niea
818 4424 859 4476 in·
900 4417 1103 4489 iniquitatibus,
1117 4417 1177 4486 jam
1194 4416 1268 4469 ultra
1283 4430 1383 4486 capere
1394 4429 1449 4467 uon
1463 4412 1699 4483 potestmalitiam

67 4508 160 4562 tulistis
172 4510 202 4563 in
217 4509 335 4564 delubra
350 4518 452 4565 vestra,
464 4512 651 4566 etfiliosluda
667 4517 695 4565 et
709 4512 780 4565 filios
797 4512 861 4565 1110-
900 4508 1017 4561 humani
1029 4505 1149 4576 generis.

68 4598 178 4652 rusalem
187 4599 378 4653 vendiderunt
392 4600 458 4654 filiis
473 4600 859 4671 Grceeiae,utlongelaccretis
938 4596 1075 4666 «Populi,
1092 4593 1186 4665 populi
1205 4594 1234 4647 iu
1258 4593 1329 4647 valle
1351 4589 1526 4657 concisionis,
1541 4591 1609 4662 quia
1617 4593 1700 4662 juxta

68 4699 108 4739 eos
122 4687 156 4740 de
170 4687 273 4742 finibus
285 4688 354 4748 suis,
373 4708 386 4741 n
402 4688 430 4742 id
445 4694 488 4742 est
502 4689 554 4743 sub
569 4695 691 4760 peccato,
709 4695 764 4743 «ut
774 4690 858 4759 longe
900 4693 943 4740 est
957 4686 1016 4739 dies
1029 4684 1138 4738 Domini
1153 4684 1182 4737 in
1195 4683 1265 4736 valle
1279 4681 1457 4736 concisionis.
1479 4700 1490 4731 1
1511 4680 1697 4750 Nequaquam

68 4775 239 4830 eostacerent
253 4776 289 4831 ab
303 4776 432 4832 Ecclesiae
446 4778 509 4832 side.
528 4798 539 4831 v
899 4775 968 4829 dixit
980 4774 1127 4844 judicium,
1144 4772 1233 4825 nevel
1249 4770 1364 4823 dubiam
1378 4768 1545 4821 sententiam
1562 4767 1652 4822 iacere
1659 4768 1699 4823 vi·

98 4884 108 4913 v
125 4866 192 4919 Eme
202 4867 399 4936 egosuscitubo
412 4867 474 4921 illos
489 4868 598 4922 deloco
620 4869 649 4922 iu
665 4885 719 4938 quo
736 4868 858 4921 vendidi·
899 4866 1023 4929 deretur,
1035 4863 1082 4917 sed
1094 4860 1280 4916 concisionem
1297 4856 1399 4928 posuit,
1406 4856 1450 4910 cui
1465 4872 1612 4912 remanere
1626 4856 1698 4913 nihil

68 4952 171 5018 stiseos,
187 4961 216 5008 et
228 4962 388 5010 convertam
405 4957 617 5011 retributionem
634 4964 754 5012 vestram
765 4958 793 5010 in
808 4973 858 5011 ea·
898 4954 996 5025 possit.
1432 4966 1435 4972 '

69 5047 271 5109 putrestrum.v
288 5046 435 5100 suscitabo
447 5047 525 5116 quasi
533 5048 668 5117 jacentes.
679 5048 727 5114 qui
743 5048 777 5100 de
797 5047 857 5100 iun·
937 5064 947 5094 1
962 5044 1009 5097 Sol
1029 5048 1056 5095 et
1069 5042 1136 5094 luna
1148 5033 1323 5092 obtenebrati
1341 5038 1417 5096 sunt,
1430 5039 1459 5088 et
1473 5036 1560 5090 stellae
1572 5042 1699 5096 retraxe-

69 5128 188 5187 damento
199 5133 329 5189 Ecclesiae
349 5135 436 5188 evulsi
451 5142 527 5199 sunt,
540 5135 569 5190 in
585 5137 733 5207 pristinum
751 5142 855 5190 statum
898 5138 966 5187 runt
979 5131 1154 5202 splendorem
1171 5143 1290 5182 suurn.»
1312 5125 1369 5187 Sol,
1395 5124 1540 5191 Christus3
1557 5126 1699 5191 1111111,Εο-

69 5217 305 5281 ideirestaurabo.
319 5228 405 5295 atque
420 5224 447 5279 in
476 5231 561 5295 caput
586 5233 720 5283 vestrum.
741 5226 794 5279 hoc
813 5231 857 5279 est
898 5222 992 5276 clesia.
1010 5219 1101 5274 Stellas
1117 5233 1180 5271 vero
1195 5215 1301 5270 Christi
1326 5220 1504 5269 retraxerunt
1520 5216 1699 5286 splendorem

70 5305 251 5366 hereticorum
273 5313 321 5383 qui
354 5329 402 5367 eos
430 5314 590 5379 seduxistis,
618 5315 753 5370 ultionem
774 5316 856 5371 resti·
898 5327 980 5365 suurn
996 5308 1039 5361 his
1055 5306 1102 5377 qui
1116 5304 1326 5359 cruciabuntur.
1344 5304 1442 5373 Neque
1458 5304 1532 5357 enim
1545 5304 1698 5363 merebun-

69 5402 143 5455 tuam.
900 5406 955 5462 tur,
969 5397 1055 5468 quiin
1067 5400 1254 5465 poenaerunt,
1271 5394 1367 5446 lumen
1379 5392 1497 5462 Juscitiae
1507 5392 1611 5447 videre.

98 5490 156 5544 «Et
169 5491 290 5548 rendam
300 5495 488 5553 flliosveatros
504 5505 531 5555 et
546 5498 620 5555 illias
635 5504 742 5554 vestras
757 5495 786 5551 in
799 5513 858 5551 ma·
936 5481 1405 5552 sEtD⁰ml¹1u⁸d⁰Sl⁰¹¹ll¹ssiebet
1416 5480 1635 5535 dssffiefflsalem
1650 5481 1699 5536 ἀί·

70 5574 140 5635 nibus
152 5581 275 5638 tiliorum
290 5580 373 5649 luda,
392 5583 443 5642 rid
468 5594 512 5644 est
537 5606 584 5645 eos
598 5605 668 5661 quos
682 5588 717 5644 de
732 5585 858 5643 Ecclesia
898 5580 941 5636 bit
950 5592 1045 5633 vocem
1055 5591 1147 5647 suam,
1160 5578 1189 5633 et
1204 5570 1391 5628 movebuntur
1413 5569 1515 5625 coelum
1530 5575 1560 5625 et
1574 5574 1660 5635 cerm.
1681 5586 1696 5624 ⁸

172 5681 307 5748 Parnon.
331 5684 451 5748 oxvn.
803 5765 817 5775 ..
1549 5665 1569 5730 ¹⁴
