<?xml version="1.0" encoding="UTF-8"?>
<!DOCTYPE html PUBLIC "-//W3C//DTD XHTML 1.0 Transitional//EN"
    "http://www.w3.org/TR/xhtml1/DTD/xhtml1-transitional.dtd">
<html xmlns="http://www.w3.org/1999/xhtml" xml:lang="en" lang="en">
 <head>
  <title>
</title>
<meta http-equiv="Content-Type" content="text/html;charset=utf-8" />
  <meta name='ocr-system' content='tesseract 3.04.00' />
  <meta name='ocr-capabilities' content='ocr_page ocr_carea ocr_par ocr_line ocrx_word'/>
</head>
<body>
  <div class='ocr_page' id='page_1' title='image "./patrologiaecurs31unkngoog_0122.png"; bbox 0 0 3818 6104; ppageno 0'>
   <div class='ocr_carea' id='block_1_1' title="bbox 66 252 1696 317">
    <p class='ocr_par' dir='ltr' id='par_1_1' title="bbox 66 252 1696 317">
     <span class='ocr_line' id='line_1_1' title="bbox 66 252 1696 317; baseline 0.003 -5"><span class='ocrx_word' id='word_1_1' title='bbox 66 252 112 312; x_wconf 76' lang='lat'>233</span> <span class='ocrx_word' id='word_1_2' title='bbox 506 257 715 313; x_wconf 81' lang='lat' dir='ltr'><strong>ENABRATIO</strong></span> <span class='ocrx_word' id='word_1_3' title='bbox 735 258 774 312; x_wconf 92' lang='lat' dir='ltr'>lN</span> <span class='ocrx_word' id='word_1_4' title='bbox 792 257 1002 313; x_wconf 78' lang='lat' dir='ltr'>ZAOHAthld</span> <span class='ocrx_word' id='word_1_5' title='bbox 1021 256 1251 312; x_wconf 77' lang='lat' dir='ltr'>Pnophurnu.</span> <span class='ocrx_word' id='word_1_6' title='bbox 1642 257 1696 317; x_wconf 76' lang='lat'>234</span> 
     </span>
    </p>
   </div>
   <div class='ocr_carea' id='block_1_2' title="bbox 60 378 1710 3024">
    <p class='ocr_par' dir='ltr' id='par_1_2' title="bbox 60 378 1710 3024">
     <span class='ocr_line' id='line_1_2' title="bbox 63 378 1697 453; baseline 0.003 -21"><span class='ocrx_word' id='word_1_7' title='bbox 63 393 110 448; x_wconf 88' lang='lat' dir='ltr'>per</span> <span class='ocrx_word' id='word_1_8' title='bbox 118 381 205 449; x_wconf 88' lang='lat' dir='ltr'>caput</span> <span class='ocrx_word' id='word_1_9' title='bbox 215 378 315 450; x_wconf 88' lang='lat' dir='ltr'>ipsius,</span> <span class='ocrx_word' id='word_1_10' title='bbox 327 383 355 434; x_wconf 91' lang='lat' dir='ltr'>et</span> <span class='ocrx_word' id='word_1_11' title='bbox 363 384 471 451; x_wconf 82' lang='lat' dir='ltr'><strong>septem</strong></span> <span class='ocrx_word' id='word_1_12' title='bbox 481 380 603 436; x_wconf 82' lang='lat' dir='ltr'>lucernae</span> <span class='ocrx_word' id='word_1_13' title='bbox 614 383 676 451; x_wconf 90' lang='lat' dir='ltr'>ejus</span> <span class='ocrx_word' id='word_1_14' title='bbox 684 398 769 453; x_wconf 88' lang='lat' dir='ltr'>super</span> <span class='ocrx_word' id='word_1_15' title='bbox 776 381 855 441; x_wconf 92' lang='lat' dir='ltr'>illud,</span> <span class='ocrx_word' id='word_1_16' title='bbox 866 382 1000 453; x_wconf 80' lang='lat' dir='ltr'>Alegem.</span> <span class='ocrx_word' id='word_1_17' title='bbox 1014 380 1166 451; x_wconf 85' lang='lat' dir='ltr'>accipiunt,</span> <span class='ocrx_word' id='word_1_18' title='bbox 1178 384 1210 434; x_wconf 91' lang='lat' dir='ltr'>ut</span> <span class='ocrx_word' id='word_1_19' title='bbox 1223 379 1252 433; x_wconf 92' lang='lat' dir='ltr'>in</span> <span class='ocrx_word' id='word_1_20' title='bbox 1267 378 1365 434; x_wconf 85' lang='lat' dir='ltr'>dextra</span> <span class='ocrx_word' id='word_1_21' title='bbox 1379 380 1453 434; x_wconf 84' lang='lat' dir='ltr'>oliva</span> <span class='ocrx_word' id='word_1_22' title='bbox 1462 378 1656 451; x_wconf 81' lang='lat' dir='ltr'>Evangelium</span> <span class='ocrx_word' id='word_1_23' title='bbox 1666 382 1697 437; x_wconf 91' lang='lat' dir='ltr'>in</span> 
     </span>
     <span class='ocr_line' id='line_1_3' title="bbox 62 466 1697 541; baseline 0.003 -21"><span class='ocrx_word' id='word_1_24' title='bbox 62 472 89 520; x_wconf 89' lang='lat' dir='ltr'>et</span> <span class='ocrx_word' id='word_1_25' title='bbox 101 471 210 537; x_wconf 85' lang='lat' dir='ltr'>septem</span> <span class='ocrx_word' id='word_1_26' title='bbox 221 466 357 522; x_wconf 81' lang='lat' dir='ltr'>inlusoria</span> <span class='ocrx_word' id='word_1_27' title='bbox 367 468 498 533; x_wconf 90' lang='lat' dir='ltr'>lucernis,</span> <span class='ocrx_word' id='word_1_28' title='bbox 514 487 575 541; x_wconf 76' lang='lat' dir='ltr'>quse</span> <span class='ocrx_word' id='word_1_29' title='bbox 588 477 669 524; x_wconf 90' lang='lat' dir='ltr'>erant</span> <span class='ocrx_word' id='word_1_30' title='bbox 681 486 766 541; x_wconf 86' lang='lat' dir='ltr'>super</span> <span class='ocrx_word' id='word_1_31' title='bbox 775 475 859 541; x_wconf 91' lang='lat' dir='ltr'>caput</span> <span class='ocrx_word' id='word_1_32' title='bbox 900 470 1013 524; x_wconf 89' lang='lat' dir='ltr'>sinistra</span> <span class='ocrx_word' id='word_1_33' title='bbox 1028 470 1100 524; x_wconf 88' lang='lat' dir='ltr'>oliva</span> <span class='ocrx_word' id='word_1_34' title='bbox 1115 470 1158 523; x_wconf 89' lang='lat' dir='ltr'>lex</span> <span class='ocrx_word' id='word_1_35' title='bbox 1173 468 1355 539; x_wconf 74' lang='lat' dir='ltr'>intelligatur,</span> <span class='ocrx_word' id='word_1_36' title='bbox 1371 469 1491 538; x_wconf 81' lang='lat' dir='ltr'>Magnus</span> <span class='ocrx_word' id='word_1_37' title='bbox 1506 485 1585 523; x_wconf 90' lang='lat' dir='ltr'>mons</span> <span class='ocrx_word' id='word_1_38' title='bbox 1602 486 1697 525; x_wconf 89' lang='lat' dir='ltr'>coram</span> 
     </span>
     <span class='ocr_line' id='line_1_4' title="bbox 61 553 1699 628; baseline 0.003 -21"><span class='ocrx_word' id='word_1_39' title='bbox 61 553 143 617; x_wconf 91' lang='lat' dir='ltr'>illius,</span> <span class='ocrx_word' id='word_1_40' title='bbox 156 560 184 608; x_wconf 89' lang='lat' dir='ltr'>el</span> <span class='ocrx_word' id='word_1_41' title='bbox 195 555 258 609; x_wconf 77' lang='lat' dir='ltr'>duae</span> <span class='ocrx_word' id='word_1_42' title='bbox 273 556 351 610; x_wconf 76' lang='lat' dir='ltr'>oliva</span> <span class='ocrx_word' id='word_1_43' title='bbox 367 572 452 627; x_wconf 88' lang='lat' dir='ltr'>super</span> <span class='ocrx_word' id='word_1_44' title='bbox 465 557 545 622; x_wconf 93' lang='lat' dir='ltr'>illud,</span> <span class='ocrx_word' id='word_1_45' title='bbox 561 574 618 612; x_wconf 89' lang='lat' dir='ltr'>una</span> <span class='ocrx_word' id='word_1_46' title='bbox 632 575 649 612; x_wconf 90' lang='lat' dir='ltr'>a</span> <span class='ocrx_word' id='word_1_47' title='bbox 661 559 768 612; x_wconf 79' lang='lat' dir='ltr'><strong>dextris</strong></span> <span class='ocrx_word' id='word_1_48' title='bbox 787 559 858 612; x_wconf 90' lang='lat' dir='ltr'>lam·</span> <span class='ocrx_word' id='word_1_49' title='bbox 899 557 1059 619; x_wconf 89' lang='lat' dir='ltr'>Zorobabel,</span> <span class='ocrx_word' id='word_1_50' title='bbox 1076 557 1203 610; x_wconf 89' lang='lat' dir='ltr'>diabolus</span> <span class='ocrx_word' id='word_1_51' title='bbox 1214 557 1256 610; x_wconf 86' lang='lat' dir='ltr'>rel</span> <span class='ocrx_word' id='word_1_52' title='bbox 1270 556 1467 619; x_wconf 80' lang='lat' dir='ltr'>Antichristus.</span> <span class='ocrx_word' id='word_1_53' title='bbox 1478 556 1526 627; x_wconf 90' lang='lat' dir='ltr'>qui</span> <span class='ocrx_word' id='word_1_54' title='bbox 1535 557 1699 628; x_wconf 87' lang='lat' dir='ltr'>seerigebat</span> 
     </span>
     <span class='ocr_line' id='line_1_5' title="bbox 60 642 1697 718; baseline 0.003 -23"><span class='ocrx_word' id='word_1_55' title='bbox 60 642 149 714; x_wconf 80' lang='lat' dir='ltr'>pedis,</span> <span class='ocrx_word' id='word_1_56' title='bbox 167 648 196 697; x_wconf 89' lang='lat' dir='ltr'>et</span> <span class='ocrx_word' id='word_1_57' title='bbox 207 659 265 697; x_wconf 90' lang='lat' dir='ltr'>una</span> <span class='ocrx_word' id='word_1_58' title='bbox 279 661 297 698; x_wconf 90' lang='lat' dir='ltr'>a</span> <span class='ocrx_word' id='word_1_59' title='bbox 311 644 434 698; x_wconf 82' lang='lat' dir='ltr'>sinistris</span> <span class='ocrx_word' id='word_1_60' title='bbox 449 647 518 715; x_wconf 83' lang='lat' dir='ltr'>ejus.</span> <span class='ocrx_word' id='word_1_61' title='bbox 535 647 568 700; x_wconf 86' lang='lat' dir='ltr'>Et</span> <span class='ocrx_word' id='word_1_62' title='bbox 578 647 721 717; x_wconf 82' lang='lat' dir='ltr'>respondi,</span> <span class='ocrx_word' id='word_1_63' title='bbox 734 646 814 700; x_wconf 88' lang='lat' dir='ltr'>etaio</span> <span class='ocrx_word' id='word_1_64' title='bbox 824 646 860 700; x_wconf 88' lang='lat' dir='ltr'>ad</span> <span class='ocrx_word' id='word_1_65' title='bbox 901 653 999 700; x_wconf 88' lang='lat' dir='ltr'>contra</span> <span class='ocrx_word' id='word_1_66' title='bbox 1012 645 1171 709; x_wconf 87' lang='lat' dir='ltr'>Zorobabel,</span> <span class='ocrx_word' id='word_1_67' title='bbox 1188 646 1291 718; x_wconf 92' lang='lat' dir='ltr'>dequo</span> <span class='ocrx_word' id='word_1_68' title='bbox 1306 652 1465 700; x_wconf 79' lang='lat' dir='ltr'>nesciturus</span> <span class='ocrx_word' id='word_1_69' title='bbox 1479 652 1540 700; x_wconf 88' lang='lat' dir='ltr'>erat</span> <span class='ocrx_word' id='word_1_70' title='bbox 1556 645 1697 701; x_wconf 86' lang='lat' dir='ltr'>Christus.</span> 
     </span>
     <span class='ocr_line' id='line_1_6' title="bbox 60 731 1700 805; baseline 0.002 -21"><span class='ocrx_word' id='word_1_71' title='bbox 60 731 203 800; x_wconf 83' lang='lat' dir='ltr'>angelum,</span> <span class='ocrx_word' id='word_1_72' title='bbox 218 732 266 802; x_wconf 92' lang='lat' dir='ltr'>qui</span> <span class='ocrx_word' id='word_1_73' title='bbox 281 731 449 802; x_wconf 77' lang='lat' dir='ltr'>loquebatur</span> <span class='ocrx_word' id='word_1_74' title='bbox 463 734 492 788; x_wconf 91' lang='lat' dir='ltr'>in</span> <span class='ocrx_word' id='word_1_75' title='bbox 507 751 561 798; x_wconf 91' lang='lat' dir='ltr'>me,</span> <span class='ocrx_word' id='word_1_76' title='bbox 577 735 673 788; x_wconf 89' lang='lat' dir='ltr'>dicens</span> <span class='ocrx_word' id='word_1_77' title='bbox 687 753 692 787; x_wconf 93' lang='lat'><strong>:</strong></span> <span class='ocrx_word' id='word_1_78' title='bbox 706 734 778 798; x_wconf 90' lang='lat' dir='ltr'>Quid</span> <span class='ocrx_word' id='word_1_79' title='bbox 795 742 862 788; x_wconf 90' lang='lat' dir='ltr'>sunt</span> <span class='ocrx_word' id='word_1_80' title='bbox 902 734 957 805; x_wconf 90' lang='lat' dir='ltr'>lpsi</span> <span class='ocrx_word' id='word_1_81' title='bbox 970 749 1081 804; x_wconf 92' lang='lat' dir='ltr'>quoque</span> <span class='ocrx_word' id='word_1_82' title='bbox 1093 733 1205 787; x_wconf 88' lang='lat' dir='ltr'>Christo</span> <span class='ocrx_word' id='word_1_83' title='bbox 1213 734 1241 788; x_wconf 92' lang='lat' dir='ltr'>in</span> <span class='ocrx_word' id='word_1_84' title='bbox 1257 733 1406 802; x_wconf 80' lang='lat' dir='ltr'>Evangelio</span> <span class='ocrx_word' id='word_1_85' title='bbox 1414 734 1534 788; x_wconf 87' lang='lat' dir='ltr'>ostensis</span> <span class='ocrx_word' id='word_1_86' title='bbox 1549 734 1646 788; x_wconf 90' lang='lat' dir='ltr'>mundi</span> <span class='ocrx_word' id='word_1_87' title='bbox 1657 750 1700 788; x_wconf 92' lang='lat' dir='ltr'>re·</span> 
     </span>
     <span class='ocr_line' id='line_1_7' title="bbox 60 817 1700 894; baseline 0.004 -23"><span class='ocrx_word' id='word_1_88' title='bbox 60 817 125 882; x_wconf 77' lang='lat' dir='ltr'>hac,</span> <span class='ocrx_word' id='word_1_89' title='bbox 142 818 258 873; x_wconf 90' lang='lat' dir='ltr'>domiue</span> <span class='ocrx_word' id='word_1_90' title='bbox 269 819 331 873; x_wconf 81' lang='lat' dir='ltr'>mil</span> <span class='ocrx_word' id='word_1_91' title='bbox 346 821 380 875; x_wconf 86' lang='lat' dir='ltr'>Et</span> <span class='ocrx_word' id='word_1_92' title='bbox 389 822 660 894; x_wconf 86' lang='lat' dir='ltr'>responditnngelus</span> <span class='ocrx_word' id='word_1_93' title='bbox 669 823 717 894; x_wconf 92' lang='lat' dir='ltr'>qui</span> <span class='ocrx_word' id='word_1_94' title='bbox 727 821 862 893; x_wconf 91' lang='lat' dir='ltr'>loqueba·</span> <span class='ocrx_word' id='word_1_95' title='bbox 901 822 965 892; x_wconf 85' lang='lat' dir='ltr'>gnis</span> <span class='ocrx_word' id='word_1_96' title='bbox 975 829 1004 876; x_wconf 93' lang='lat' dir='ltr'>et</span> <span class='ocrx_word' id='word_1_97' title='bbox 1014 821 1264 877; x_wconf 87' lang='lat' dir='ltr'>honoribus.ausus</span> <span class='ocrx_word' id='word_1_98' title='bbox 1273 828 1315 876; x_wconf 90' lang='lat' dir='ltr'>est</span> <span class='ocrx_word' id='word_1_99' title='bbox 1325 823 1417 877; x_wconf 82' lang='lat' dir='ltr'>dicere</span> <span class='ocrx_word' id='word_1_100' title='bbox 1429 841 1434 875; x_wconf 94' lang='lat'>:</span> <span class='ocrx_word' id='word_1_101' title='bbox 1447 841 1459 874; x_wconf 78' lang='lat' dir='ltr'>a</span> <span class='ocrx_word' id='word_1_102' title='bbox 1472 824 1536 877; x_wconf 82' lang='lat' dir='ltr'>Haeo</span> <span class='ocrx_word' id='word_1_103' title='bbox 1545 824 1641 877; x_wconf 90' lang='lat' dir='ltr'>omnia</span> <span class='ocrx_word' id='word_1_104' title='bbox 1649 822 1700 877; x_wconf 90' lang='lat' dir='ltr'>tibi</span> 
     </span>
     <span class='ocr_line' id='line_1_8' title="bbox 60 906 1701 983; baseline 0.004 -23"><span class='ocrx_word' id='word_1_105' title='bbox 60 906 150 960; x_wconf 87' lang='lat' dir='ltr'>turin</span> <span class='ocrx_word' id='word_1_106' title='bbox 166 923 224 961; x_wconf 90' lang='lat' dir='ltr'>me.</span> <span class='ocrx_word' id='word_1_107' title='bbox 240 914 270 961; x_wconf 90' lang='lat' dir='ltr'>et</span> <span class='ocrx_word' id='word_1_108' title='bbox 279 908 350 962; x_wconf 79' lang='lat' dir='ltr'>dixit</span> <span class='ocrx_word' id='word_1_109' title='bbox 361 910 396 963; x_wconf 90' lang='lat' dir='ltr'>ad</span> <span class='ocrx_word' id='word_1_110' title='bbox 411 912 612 982; x_wconf 77' lang='lat' dir='ltr'>metNunquid</span> <span class='ocrx_word' id='word_1_111' title='bbox 622 911 784 982; x_wconf 91' lang='lat' dir='ltr'>nescisquid</span> <span class='ocrx_word' id='word_1_112' title='bbox 797 916 864 965; x_wconf 91' lang='lat' dir='ltr'>sunt</span> <span class='ocrx_word' id='word_1_113' title='bbox 903 910 984 977; x_wconf 88' lang='lat' dir='ltr'>dabo,</span> <span class='ocrx_word' id='word_1_114' title='bbox 1002 911 1141 964; x_wconf 89' lang='lat' dir='ltr'>sicadeus</span> <span class='ocrx_word' id='word_1_115' title='bbox 1155 911 1314 965; x_wconf 81' lang='lat' dir='ltr'>adoraveris</span> <span class='ocrx_word' id='word_1_116' title='bbox 1329 929 1413 965; x_wconf 73' lang='lat' dir='ltr'>me.»</span> <span class='ocrx_word' id='word_1_117' title='bbox 1434 911 1542 983; x_wconf 84' lang='lat' dir='ltr'>Etipse</span> <span class='ocrx_word' id='word_1_118' title='bbox 1565 912 1701 967; x_wconf 83' lang='lat' dir='ltr'>Dominus</span> 
     </span>
     <span class='ocr_line' id='line_1_9' title="bbox 60 993 1701 1072; baseline 0.005 -24"><span class='ocrx_word' id='word_1_119' title='bbox 60 993 136 1049; x_wconf 76' lang='lat' dir='ltr'>beel</span> <span class='ocrx_word' id='word_1_120' title='bbox 154 996 189 1050; x_wconf 86' lang='lat' dir='ltr'>Et</span> <span class='ocrx_word' id='word_1_121' title='bbox 202 995 277 1051; x_wconf 81' lang='lat' dir='ltr'>dixi:</span> <span class='ocrx_word' id='word_1_122' title='bbox 295 997 368 1061; x_wconf 89' lang='lat' dir='ltr'>Non,</span> <span class='ocrx_word' id='word_1_123' title='bbox 385 998 499 1053; x_wconf 88' lang='lat' dir='ltr'>domiue</span> <span class='ocrx_word' id='word_1_124' title='bbox 512 1003 562 1054; x_wconf 88' lang='lat' dir='ltr'>mi.</span> <span class='ocrx_word' id='word_1_125' title='bbox 579 1001 613 1055; x_wconf 83' lang='lat' dir='ltr'>Et</span> <span class='ocrx_word' id='word_1_126' title='bbox 623 999 768 1072; x_wconf 87' lang='lat' dir='ltr'>respondit</span> <span class='ocrx_word' id='word_1_127' title='bbox 782 1005 810 1053; x_wconf 89' lang='lat' dir='ltr'>et</span> <span class='ocrx_word' id='word_1_128' title='bbox 823 999 864 1053; x_wconf 91' lang='lat' dir='ltr'>ait</span> <span class='ocrx_word' id='word_1_129' title='bbox 903 1001 932 1056; x_wconf 92' lang='lat' dir='ltr'>in</span> <span class='ocrx_word' id='word_1_130' title='bbox 947 1001 1096 1071; x_wconf 82' lang='lat' dir='ltr'>Evangelio</span> <span class='ocrx_word' id='word_1_131' title='bbox 1110 1000 1252 1056; x_wconf 88' lang='lat' dir='ltr'>diabolum</span> <span class='ocrx_word' id='word_1_132' title='bbox 1268 1009 1391 1056; x_wconf 90' lang='lat' dir='ltr'>montem</span> <span class='ocrx_word' id='word_1_133' title='bbox 1406 1010 1495 1063; x_wconf 80' lang='lat' dir='ltr'>vocat,</span> <span class='ocrx_word' id='word_1_134' title='bbox 1510 1002 1626 1056; x_wconf 91' lang='lat' dir='ltr'>dicens:</span> <span class='ocrx_word' id='word_1_135' title='bbox 1645 1020 1658 1053; x_wconf 80' lang='lat' dir='ltr'>a</span> <span class='ocrx_word' id='word_1_136' title='bbox 1671 1001 1701 1057; x_wconf 87' lang='lat' dir='ltr'>Si</span> 
     </span>
     <span class='ocr_line' id='line_1_10' title="bbox 61 1081 1702 1161; baseline 0.005 -25"><span class='ocrx_word' id='word_1_137' title='bbox 61 1081 94 1136; x_wconf 86' lang='lat' dir='ltr'>ad</span> <span class='ocrx_word' id='word_1_138' title='bbox 105 1099 162 1149; x_wconf 89' lang='lat' dir='ltr'>me,</span> <span class='ocrx_word' id='word_1_139' title='bbox 178 1085 294 1140; x_wconf 89' lang='lat' dir='ltr'>dicens:</span> <span class='ocrx_word' id='word_1_140' title='bbox 312 1105 324 1137; x_wconf 79' lang='lat' dir='ltr'>v</span> <span class='ocrx_word' id='word_1_141' title='bbox 340 1085 374 1140; x_wconf 90' lang='lat' dir='ltr'>Iu</span> <span class='ocrx_word' id='word_1_142' title='bbox 386 1087 437 1141; x_wconf 88' lang='lat' dir='ltr'>hoc</span> <span class='ocrx_word' id='word_1_143' title='bbox 461 1089 522 1142; x_wconf 91' lang='lat' dir='ltr'>loco</span> <span class='ocrx_word' id='word_1_144' title='bbox 547 1089 728 1144; x_wconf 72' lang='lat' dir='ltr'>Hebraeorum</span> <span class='ocrx_word' id='word_1_145' title='bbox 748 1087 863 1142; x_wconf 88' lang='lat' dir='ltr'>traditio</span> <span class='ocrx_word' id='word_1_146' title='bbox 905 1089 1060 1144; x_wconf 77' lang='lat' dir='ltr'>habueritis</span> <span class='ocrx_word' id='word_1_147' title='bbox 1075 1089 1157 1142; x_wconf 82' lang='lat' dir='ltr'>fidem</span> <span class='ocrx_word' id='word_1_148' title='bbox 1174 1088 1246 1143; x_wconf 90' lang='lat' dir='ltr'>sicut</span> <span class='ocrx_word' id='word_1_149' title='bbox 1254 1105 1374 1159; x_wconf 88' lang='lat' dir='ltr'>granum</span> <span class='ocrx_word' id='word_1_150' title='bbox 1390 1089 1505 1161; x_wconf 85' lang='lat' dir='ltr'>sinapis,</span> <span class='ocrx_word' id='word_1_151' title='bbox 1517 1090 1615 1144; x_wconf 90' lang='lat' dir='ltr'>dicetis</span> <span class='ocrx_word' id='word_1_152' title='bbox 1636 1090 1702 1145; x_wconf 87' lang='lat' dir='ltr'>huic</span> 
     </span>
     <span class='ocr_line' id='line_1_11' title="bbox 60 1171 1702 1251; baseline 0.005 -25"><span class='ocrx_word' id='word_1_153' title='bbox 60 1171 124 1226; x_wconf 85' lang='lat' dir='ltr'>talis</span> <span class='ocrx_word' id='word_1_154' title='bbox 138 1180 200 1228; x_wconf 82' lang='lat' dir='ltr'>est:</span> <span class='ocrx_word' id='word_1_155' title='bbox 218 1173 425 1230; x_wconf 84' lang='lat' dir='ltr'>Candelabrum</span> <span class='ocrx_word' id='word_1_156' title='bbox 441 1181 533 1231; x_wconf 88' lang='lat' dir='ltr'>totum</span> <span class='ocrx_word' id='word_1_157' title='bbox 548 1177 669 1232; x_wconf 86' lang='lat' dir='ltr'>solidum</span> <span class='ocrx_word' id='word_1_158' title='bbox 685 1194 717 1231; x_wconf 87' lang='lat' dir='ltr'>ex</span> <span class='ocrx_word' id='word_1_159' title='bbox 727 1193 806 1241; x_wconf 87' lang='lat' dir='ltr'>auro,</span> <span class='ocrx_word' id='word_1_160' title='bbox 821 1177 862 1230; x_wconf 91' lang='lat' dir='ltr'>le·</span> <span class='ocrx_word' id='word_1_161' title='bbox 904 1178 1002 1241; x_wconf 89' lang='lat' dir='ltr'>monti,</span> <span class='ocrx_word' id='word_1_162' title='bbox 1020 1178 1107 1231; x_wconf 87' lang='lat' dir='ltr'>transi</span> <span class='ocrx_word' id='word_1_163' title='bbox 1120 1177 1196 1244; x_wconf 88' lang='lat' dir='ltr'>hinc,</span> <span class='ocrx_word' id='word_1_164' title='bbox 1210 1182 1238 1231; x_wconf 87' lang='lat' dir='ltr'>et</span> <span class='ocrx_word' id='word_1_165' title='bbox 1250 1178 1391 1234; x_wconf 87' lang='lat' dir='ltr'>transibit.</span> <span class='ocrx_word' id='word_1_166' title='bbox 1410 1198 1422 1229; x_wconf 75' lang='lat' dir='ltr'>a</span> <span class='ocrx_word' id='word_1_167' title='bbox 1435 1179 1489 1233; x_wconf 90' lang='lat' dir='ltr'>Sed</span> <span class='ocrx_word' id='word_1_168' title='bbox 1503 1180 1587 1247; x_wconf 79' lang='lat' dir='ltr'>huius</span> <span class='ocrx_word' id='word_1_169' title='bbox 1601 1196 1702 1251; x_wconf 88' lang='lat' dir='ltr'>super-</span> 
     </span>
     <span class='ocr_line' id='line_1_12' title="bbox 60 1261 1702 1338; baseline 0.005 -24"><span class='ocrx_word' id='word_1_170' title='bbox 60 1275 123 1330; x_wconf 84' lang='lat' dir='ltr'>gem</span> <span class='ocrx_word' id='word_1_171' title='bbox 137 1261 429 1335; x_wconf 76' lang='lat' dir='ltr'>dicunt31ampadem</span> <span class='ocrx_word' id='word_1_172' title='bbox 446 1282 520 1330; x_wconf 89' lang='lat' dir='ltr'>vero,</span> <span class='ocrx_word' id='word_1_173' title='bbox 536 1265 564 1319; x_wconf 93' lang='lat' dir='ltr'>id</span> <span class='ocrx_word' id='word_1_174' title='bbox 594 1273 637 1320; x_wconf 91' lang='lat' dir='ltr'>est</span> <span class='ocrx_word' id='word_1_175' title='bbox 659 1267 804 1320; x_wconf 88' lang='lat' dir='ltr'>llammam</span> <span class='ocrx_word' id='word_1_176' title='bbox 834 1264 863 1318; x_wconf 93' lang='lat' dir='ltr'>in</span> <span class='ocrx_word' id='word_1_177' title='bbox 904 1266 949 1321; x_wconf 92' lang='lat' dir='ltr'>bia</span> <span class='ocrx_word' id='word_1_178' title='bbox 959 1266 1163 1337; x_wconf 90' lang='lat' dir='ltr'>complananda</span> <span class='ocrx_word' id='word_1_179' title='bbox 1176 1272 1248 1328; x_wconf 83' lang='lat' dir='ltr'>erat,</span> <span class='ocrx_word' id='word_1_180' title='bbox 1264 1273 1293 1320; x_wconf 90' lang='lat' dir='ltr'>et</span> <span class='ocrx_word' id='word_1_181' title='bbox 1305 1283 1394 1337; x_wconf 89' lang='lat' dir='ltr'>usque</span> <span class='ocrx_word' id='word_1_182' title='bbox 1408 1267 1443 1320; x_wconf 93' lang='lat' dir='ltr'>ad</span> <span class='ocrx_word' id='word_1_183' title='bbox 1458 1267 1601 1338; x_wconf 89' lang='lat' dir='ltr'>pulverem</span> <span class='ocrx_word' id='word_1_184' title='bbox 1611 1267 1702 1322; x_wconf 90' lang='lat' dir='ltr'>humi-</span> 
     </span>
     <span class='ocr_line' id='line_1_13' title="bbox 62 1349 1700 1426; baseline 0.005 -26"><span class='ocrx_word' id='word_1_185' title='bbox 62 1349 164 1404; x_wconf 77' lang='lat' dir='ltr'>uertice</span> <span class='ocrx_word' id='word_1_186' title='bbox 172 1350 335 1406; x_wconf 87' lang='lat' dir='ltr'>candelabri</span> <span class='ocrx_word' id='word_1_187' title='bbox 344 1353 494 1408; x_wconf 84' lang='lat' dir='ltr'>lucentem.</span> <span class='ocrx_word' id='word_1_188' title='bbox 511 1354 654 1409; x_wconf 79' lang='lat' dir='ltr'>Christum</span> <span class='ocrx_word' id='word_1_189' title='bbox 667 1354 715 1425; x_wconf 92' lang='lat' dir='ltr'>qui</span> <span class='ocrx_word' id='word_1_190' title='bbox 727 1358 864 1423; x_wconf 88' lang='lat' dir='ltr'>estoaput</span> <span class='ocrx_word' id='word_1_191' title='bbox 904 1356 1007 1410; x_wconf 82' lang='lat' dir='ltr'>lianda.</span> <span class='ocrx_word' id='word_1_192' title='bbox 1027 1355 1110 1426; x_wconf 90' lang='lat' dir='ltr'>Lapis</span> <span class='ocrx_word' id='word_1_193' title='bbox 1123 1355 1275 1426; x_wconf 86' lang='lat' dir='ltr'>primarius</span> <span class='ocrx_word' id='word_1_194' title='bbox 1285 1355 1332 1409; x_wconf 93' lang='lat' dir='ltr'>ille</span> <span class='ocrx_word' id='word_1_195' title='bbox 1354 1362 1407 1420; x_wconf 86' lang='lat' dir='ltr'>est,</span> <span class='ocrx_word' id='word_1_196' title='bbox 1421 1354 1456 1409; x_wconf 92' lang='lat' dir='ltr'>de</span> <span class='ocrx_word' id='word_1_197' title='bbox 1479 1371 1535 1424; x_wconf 94' lang='lat' dir='ltr'>quo</span> <span class='ocrx_word' id='word_1_198' title='bbox 1559 1355 1700 1408; x_wconf 81' lang='lat' dir='ltr'>loannes:</span> 
     </span>
     <span class='ocr_line' id='line_1_14' title="bbox 66 1436 1702 1514; baseline 0.004 -24"><span class='ocrx_word' id='word_1_199' title='bbox 66 1436 144 1508; x_wconf 84' lang='lat' dir='ltr'>legis,</span> <span class='ocrx_word' id='word_1_200' title='bbox 161 1439 268 1510; x_wconf 92' lang='lat' dir='ltr'>quique</span> <span class='ocrx_word' id='word_1_201' title='bbox 294 1456 406 1496; x_wconf 85' lang='lat' dir='ltr'>omnem</span> <span class='ocrx_word' id='word_1_202' title='bbox 427 1442 565 1497; x_wconf 91' lang='lat' dir='ltr'>mundum</span> <span class='ocrx_word' id='word_1_203' title='bbox 579 1443 740 1497; x_wconf 92' lang='lat' dir='ltr'>illuminat:</span> <span class='ocrx_word' id='word_1_204' title='bbox 757 1448 864 1511; x_wconf 86' lang='lat' dir='ltr'>septem</span> <span class='ocrx_word' id='word_1_205' title='bbox 907 1460 920 1494; x_wconf 79' lang='lat' dir='ltr'>s</span> <span class='ocrx_word' id='word_1_206' title='bbox 937 1444 969 1496; x_wconf 90' lang='lat' dir='ltr'>ln</span> <span class='ocrx_word' id='word_1_207' title='bbox 984 1442 1190 1513; x_wconf 89' lang='lat' dir='ltr'>principioerat</span> <span class='ocrx_word' id='word_1_208' title='bbox 1201 1441 1334 1496; x_wconf 88' lang='lat' dir='ltr'>Verbum.</span> <span class='ocrx_word' id='word_1_209' title='bbox 1352 1462 1364 1493; x_wconf 81' lang='lat' dir='ltr'>a</span> <span class='ocrx_word' id='word_1_210' title='bbox 1380 1442 1460 1506; x_wconf 87' lang='lat' dir='ltr'>Quod</span> <span class='ocrx_word' id='word_1_211' title='bbox 1479 1458 1545 1497; x_wconf 83' lang='lat' dir='ltr'>vero</span> <span class='ocrx_word' id='word_1_212' title='bbox 1565 1442 1702 1514; x_wconf 88' lang='lat' dir='ltr'>sequitur,</span> 
     </span>
     <span class='ocr_line' id='line_1_15' title="bbox 67 1524 1706 1603; baseline 0.005 -24"><span class='ocrx_word' id='word_1_213' title='bbox 67 1524 187 1581; x_wconf 73' lang='lat' dir='ltr'>lucernae</span> <span class='ocrx_word' id='word_1_214' title='bbox 201 1544 288 1599; x_wconf 90' lang='lat' dir='ltr'>super</span> <span class='ocrx_word' id='word_1_215' title='bbox 298 1530 509 1597; x_wconf 88' lang='lat' dir='ltr'>candelabrum,</span> <span class='ocrx_word' id='word_1_216' title='bbox 525 1536 633 1603; x_wconf 85' lang='lat' dir='ltr'>septem</span> <span class='ocrx_word' id='word_1_217' title='bbox 652 1533 725 1586; x_wconf 89' lang='lat' dir='ltr'>dona</span> <span class='ocrx_word' id='word_1_218' title='bbox 745 1530 866 1602; x_wconf 88' lang='lat' dir='ltr'>Spiritus</span> <span class='ocrx_word' id='word_1_219' title='bbox 909 1530 1085 1603; x_wconf 74' lang='lat' dir='ltr'>«exaequabit</span> <span class='ocrx_word' id='word_1_220' title='bbox 1093 1530 1213 1601; x_wconf 89' lang='lat' dir='ltr'>gratiam</span> <span class='ocrx_word' id='word_1_221' title='bbox 1220 1530 1318 1601; x_wconf 78' lang='lat' dir='ltr'>gratia</span> <span class='ocrx_word' id='word_1_222' title='bbox 1326 1530 1487 1601; x_wconf 80' lang='lat' dir='ltr'>ejus,·illud</span> <span class='ocrx_word' id='word_1_223' title='bbox 1498 1536 1541 1585; x_wconf 92' lang='lat' dir='ltr'>est</span> <span class='ocrx_word' id='word_1_224' title='bbox 1550 1531 1624 1602; x_wconf 91' lang='lat' dir='ltr'>quod</span> <span class='ocrx_word' id='word_1_225' title='bbox 1631 1534 1706 1603; x_wconf 80' lang='lat' dir='ltr'>Apo·</span> 
     </span>
     <span class='ocr_line' id='line_1_16' title="bbox 68 1615 1705 1692; baseline 0.005 -24"><span class='ocrx_word' id='word_1_226' title='bbox 68 1615 155 1668; x_wconf 86' lang='lat' dir='ltr'>sancti</span> <span class='ocrx_word' id='word_1_227' title='bbox 166 1616 299 1688; x_wconf 86' lang='lat' dir='ltr'>superius</span> <span class='ocrx_word' id='word_1_228' title='bbox 313 1625 486 1673; x_wconf 90' lang='lat' dir='ltr'>enumerata.</span> <span class='ocrx_word' id='word_1_229' title='bbox 509 1620 558 1675; x_wconf 77' lang='lat' dir='ltr'>Hae</span> <span class='ocrx_word' id='word_1_230' title='bbox 570 1621 691 1676; x_wconf 78' lang='lat' dir='ltr'>lucerna</span> <span class='ocrx_word' id='word_1_231' title='bbox 701 1636 787 1691; x_wconf 90' lang='lat' dir='ltr'>super</span> <span class='ocrx_word' id='word_1_232' title='bbox 800 1635 866 1673; x_wconf 88' lang='lat' dir='ltr'>eau-</span> <span class='ocrx_word' id='word_1_233' title='bbox 907 1620 996 1675; x_wconf 87' lang='lat' dir='ltr'>stolus</span> <span class='ocrx_word' id='word_1_234' title='bbox 1010 1621 1051 1674; x_wconf 92' lang='lat' dir='ltr'>ait</span> <span class='ocrx_word' id='word_1_235' title='bbox 1061 1637 1067 1671; x_wconf 75' lang='grc' dir='ltr'><em>ι</em></span> <span class='ocrx_word' id='word_1_236' title='bbox 1079 1619 1464 1692; x_wconf 84' lang='lat' dir='ltr'>Noaomnesdeplenitudiue</span> <span class='ocrx_word' id='word_1_237' title='bbox 1474 1620 1535 1690; x_wconf 88' lang='lat' dir='ltr'>ejus</span> <span class='ocrx_word' id='word_1_238' title='bbox 1546 1620 1705 1692; x_wconf 89' lang='lat' dir='ltr'>accepimus</span> 
     </span>
     <span class='ocr_line' id='line_1_17' title="bbox 70 1702 1706 1782; baseline 0.004 -24"><span class='ocrx_word' id='word_1_239' title='bbox 70 1703 213 1761; x_wconf 81' lang='lat' dir='ltr'>delubrum</span> <span class='ocrx_word' id='word_1_240' title='bbox 227 1714 303 1775; x_wconf 91' lang='lat' dir='ltr'>sunt,</span> <span class='ocrx_word' id='word_1_241' title='bbox 319 1710 384 1780; x_wconf 91' lang='lat' dir='ltr'>quia</span> <span class='ocrx_word' id='word_1_242' title='bbox 393 1711 437 1764; x_wconf 84' lang='lat' dir='ltr'>lex</span> <span class='ocrx_word' id='word_1_243' title='bbox 447 1710 553 1782; x_wconf 86' lang='lat' dir='ltr'>Spiritu</span> <span class='ocrx_word' id='word_1_244' title='bbox 564 1720 661 1768; x_wconf 88' lang='lat' dir='ltr'>sancto</span> <span class='ocrx_word' id='word_1_245' title='bbox 670 1712 794 1766; x_wconf 89' lang='lat' dir='ltr'>dictante</span> <span class='ocrx_word' id='word_1_246' title='bbox 804 1727 868 1765; x_wconf 90' lang='lat' dir='ltr'>con·</span> <span class='ocrx_word' id='word_1_247' title='bbox 877 1702 900 1761; x_wconf 87' lang='lat' dir='ltr'>D</span> <span class='ocrx_word' id='word_1_248' title='bbox 905 1709 1025 1780; x_wconf 87' lang='lat' dir='ltr'>gratiam</span> <span class='ocrx_word' id='word_1_249' title='bbox 1039 1724 1089 1780; x_wconf 92' lang='lat' dir='ltr'>pro</span> <span class='ocrx_word' id='word_1_250' title='bbox 1101 1709 1202 1779; x_wconf 87' lang='lat' dir='ltr'>gratia,</span> <span class='ocrx_word' id='word_1_251' title='bbox 1214 1709 1334 1780; x_wconf 87' lang='lat' dir='ltr'>gratiam</span> <span class='ocrx_word' id='word_1_252' title='bbox 1348 1709 1489 1779; x_wconf 82' lang='lat' dir='ltr'>Evangelii</span> <span class='ocrx_word' id='word_1_253' title='bbox 1506 1725 1556 1780; x_wconf 92' lang='lat' dir='ltr'>pro</span> <span class='ocrx_word' id='word_1_254' title='bbox 1567 1709 1706 1780; x_wconf 87' lang='lat' dir='ltr'>gratiale·</span> 
     </span>
     <span class='ocr_line' id='line_1_18' title="bbox 73 1795 1704 1869; baseline 0.003 -21"><span class='ocrx_word' id='word_1_255' title='bbox 73 1795 173 1866; x_wconf 88' lang='lat' dir='ltr'>scripta</span> <span class='ocrx_word' id='word_1_256' title='bbox 186 1804 248 1864; x_wconf 73' lang='lat' dir='ltr'>est,</span> <span class='ocrx_word' id='word_1_257' title='bbox 260 1804 367 1869; x_wconf 83' lang='lat' dir='ltr'>septem</span> <span class='ocrx_word' id='word_1_258' title='bbox 382 1806 477 1855; x_wconf 90' lang='lat' dir='ltr'>autem</span> <span class='ocrx_word' id='word_1_259' title='bbox 492 1801 638 1863; x_wconf 86' lang='lat' dir='ltr'>infusoria,</span> <span class='ocrx_word' id='word_1_260' title='bbox 655 1801 738 1856; x_wconf 90' lang='lat' dir='ltr'>idest</span> <span class='ocrx_word' id='word_1_261' title='bbox 750 1801 865 1854; x_wconf 84' lang='lat' dir='ltr'>vascula</span> <span class='ocrx_word' id='word_1_262' title='bbox 905 1798 959 1869; x_wconf 81' lang='lat' dir='ltr'>gis,</span> <span class='ocrx_word' id='word_1_263' title='bbox 969 1803 1002 1852; x_wconf 94' lang='lat' dir='ltr'>ut</span> <span class='ocrx_word' id='word_1_264' title='bbox 1012 1813 1110 1868; x_wconf 90' lang='lat' dir='ltr'>parem</span> <span class='ocrx_word' id='word_1_265' title='bbox 1121 1802 1149 1850; x_wconf 91' lang='lat' dir='ltr'>et</span> <span class='ocrx_word' id='word_1_266' title='bbox 1162 1798 1298 1868; x_wconf 75' lang='lat' dir='ltr'>aqualem</span> <span class='ocrx_word' id='word_1_267' title='bbox 1308 1797 1428 1867; x_wconf 86' lang='lat' dir='ltr'>gloriam</span> <span class='ocrx_word' id='word_1_268' title='bbox 1436 1797 1574 1869; x_wconf 90' lang='lat' dir='ltr'>accipiant</span> <span class='ocrx_word' id='word_1_269' title='bbox 1581 1804 1610 1853; x_wconf 91' lang='lat' dir='ltr'>et</span> <span class='ocrx_word' id='word_1_270' title='bbox 1618 1815 1651 1853; x_wconf 84' lang='lat' dir='ltr'>ex</span> <span class='ocrx_word' id='word_1_271' title='bbox 1661 1799 1704 1853; x_wconf 87' lang='lat' dir='ltr'>ls-</span> 
     </span>
     <span class='ocr_line' id='line_1_19' title="bbox 78 1882 1701 1959; baseline 0.003 -22"><span class='ocrx_word' id='word_1_272' title='bbox 78 1882 214 1954; x_wconf 88' lang='lat' dir='ltr'>iuquibus</span> <span class='ocrx_word' id='word_1_273' title='bbox 229 1886 322 1941; x_wconf 86' lang='lat' dir='ltr'>oleum</span> <span class='ocrx_word' id='word_1_274' title='bbox 340 1888 470 1959; x_wconf 87' lang='lat' dir='ltr'>estquod</span> <span class='ocrx_word' id='word_1_275' title='bbox 491 1888 649 1944; x_wconf 89' lang='lat' dir='ltr'>infunditur</span> <span class='ocrx_word' id='word_1_276' title='bbox 673 1890 703 1945; x_wconf 93' lang='lat' dir='ltr'>in</span> <span class='ocrx_word' id='word_1_277' title='bbox 725 1890 864 1956; x_wconf 89' lang='lat' dir='ltr'>lucernas,</span> <span class='ocrx_word' id='word_1_278' title='bbox 907 1886 964 1940; x_wconf 83' lang='lat' dir='ltr'>rael</span> <span class='ocrx_word' id='word_1_279' title='bbox 980 1886 1135 1945; x_wconf 80' lang='lat' dir='ltr'>credentes.</span> <span class='ocrx_word' id='word_1_280' title='bbox 1152 1891 1181 1939; x_wconf 90' lang='lat' dir='ltr'>et</span> <span class='ocrx_word' id='word_1_281' title='bbox 1195 1901 1227 1939; x_wconf 84' lang='lat' dir='ltr'>ex</span> <span class='ocrx_word' id='word_1_282' title='bbox 1240 1884 1371 1956; x_wconf 86' lang='lat' dir='ltr'>gentibus</span> <span class='ocrx_word' id='word_1_283' title='bbox 1383 1885 1419 1940; x_wconf 90' lang='lat' dir='ltr'>ad</span> <span class='ocrx_word' id='word_1_284' title='bbox 1447 1887 1531 1940; x_wconf 87' lang='lat' dir='ltr'>fidem</span> <span class='ocrx_word' id='word_1_285' title='bbox 1547 1887 1701 1942; x_wconf 87' lang='lat' dir='ltr'>venientes.</span> 
     </span>
     <span class='ocr_line' id='line_1_20' title="bbox 79 1972 1705 2051; baseline 0.004 -26"><span class='ocrx_word' id='word_1_286' title='bbox 79 1972 232 2040; x_wconf 82' lang='lat' dir='ltr'>quelucent</span> <span class='ocrx_word' id='word_1_287' title='bbox 253 1990 339 2044; x_wconf 87' lang='lat' dir='ltr'>super</span> <span class='ocrx_word' id='word_1_288' title='bbox 352 1976 562 2044; x_wconf 86' lang='lat' dir='ltr'>candelabrum,</span> <span class='ocrx_word' id='word_1_289' title='bbox 577 1979 629 2032; x_wconf 89' lang='lat' dir='ltr'>hoc</span> <span class='ocrx_word' id='word_1_290' title='bbox 643 1977 799 2047; x_wconf 79' lang='lat' dir='ltr'>significare</span> <span class='ocrx_word' id='word_1_291' title='bbox 822 1977 867 2031; x_wconf 91' lang='lat' dir='ltr'>di·</span> <span class='ocrx_word' id='word_1_292' title='bbox 907 1975 979 2029; x_wconf 89' lang='lat' dir='ltr'>Hinc</span> <span class='ocrx_word' id='word_1_293' title='bbox 993 1991 1043 2045; x_wconf 91' lang='lat' dir='ltr'>per</span> <span class='ocrx_word' id='word_1_294' title='bbox 1053 1974 1315 2051; x_wconf 81' lang='lat' dir='ltr'>Joannemdicitur:</span> <span class='ocrx_word' id='word_1_295' title='bbox 1332 1975 1388 2029; x_wconf 84' lang='lat' dir='ltr'>Lex</span> <span class='ocrx_word' id='word_1_296' title='bbox 1401 1975 1642 2046; x_wconf 86' lang='lat' dir='ltr'>perMuysendata</span> <span class='ocrx_word' id='word_1_297' title='bbox 1651 1980 1705 2042; x_wconf 87' lang='lat' dir='ltr'>ast,</span> 
     </span>
     <span class='ocr_line' id='line_1_21' title="bbox 85 2062 1650 2136; baseline 0.004 -24"><span class='ocrx_word' id='word_1_298' title='bbox 85 2068 147 2126; x_wconf 87' lang='lat' dir='ltr'>cunt,</span> <span class='ocrx_word' id='word_1_299' title='bbox 160 2063 235 2133; x_wconf 91' lang='lat' dir='ltr'>quod</span> <span class='ocrx_word' id='word_1_300' title='bbox 249 2063 310 2118; x_wconf 75' lang='lat' dir='ltr'>istm</span> <span class='ocrx_word' id='word_1_301' title='bbox 324 2069 431 2135; x_wconf 87' lang='lat' dir='ltr'>septem</span> <span class='ocrx_word' id='word_1_302' title='bbox 441 2066 539 2136; x_wconf 79' lang='lat' dir='ltr'>gratim</span> <span class='ocrx_word' id='word_1_303' title='bbox 552 2066 588 2120; x_wconf 91' lang='lat' dir='ltr'>ad</span> <span class='ocrx_word' id='word_1_304' title='bbox 600 2067 729 2121; x_wconf 85' lang='lat' dir='ltr'>homines</span> <span class='ocrx_word' id='word_1_305' title='bbox 750 2067 785 2122; x_wconf 90' lang='lat' dir='ltr'>de</span> <span class='ocrx_word' id='word_1_306' title='bbox 797 2068 866 2122; x_wconf 86' lang='lat' dir='ltr'>coelo</span> <span class='ocrx_word' id='word_1_307' title='bbox 906 2062 999 2134; x_wconf 78' lang='lat' dir='ltr'>gratia</span> <span class='ocrx_word' id='word_1_308' title='bbox 1017 2067 1046 2116; x_wconf 88' lang='lat' dir='ltr'>et</span> <span class='ocrx_word' id='word_1_309' title='bbox 1060 2063 1163 2116; x_wconf 85' lang='lat' dir='ltr'>veritas</span> <span class='ocrx_word' id='word_1_310' title='bbox 1178 2079 1228 2133; x_wconf 89' lang='lat' dir='ltr'>per</span> <span class='ocrx_word' id='word_1_311' title='bbox 1241 2062 1336 2117; x_wconf 89' lang='lat' dir='ltr'>Jesum</span> <span class='ocrx_word' id='word_1_312' title='bbox 1356 2062 1499 2117; x_wconf 87' lang='lat' dir='ltr'>Christum</span> <span class='ocrx_word' id='word_1_313' title='bbox 1513 2063 1587 2118; x_wconf 86' lang='lat' dir='ltr'>iacta</span> <span class='ocrx_word' id='word_1_314' title='bbox 1598 2070 1650 2119; x_wconf 90' lang='lat' dir='ltr'>est.</span> 
     </span>
     <span class='ocr_line' id='line_1_22' title="bbox 86 2149 1704 2227; baseline 0.003 -26"><span class='ocrx_word' id='word_1_315' title='bbox 86 2150 223 2221; x_wconf 83' lang='lat' dir='ltr'>perlegem</span> <span class='ocrx_word' id='word_1_316' title='bbox 237 2151 419 2218; x_wconf 79' lang='lat' dir='ltr'>descendant,</span> <span class='ocrx_word' id='word_1_317' title='bbox 443 2154 514 2209; x_wconf 74' lang='lat' dir='ltr'>duas</span> <span class='ocrx_word' id='word_1_318' title='bbox 528 2172 593 2209; x_wconf 71' lang='lat' dir='ltr'>vero</span> <span class='ocrx_word' id='word_1_319' title='bbox 607 2155 694 2210; x_wconf 74' lang='lat' dir='ltr'>olivas</span> <span class='ocrx_word' id='word_1_320' title='bbox 709 2172 771 2227; x_wconf 57' lang='lat' dir='ltr'>quas</span> <span class='ocrx_word' id='word_1_321' title='bbox 785 2161 867 2211; x_wconf 72' lang='lat' dir='ltr'>erant</span> <span class='ocrx_word' id='word_1_322' title='bbox 944 2150 1125 2204; x_wconf 74' lang='lat' dir='ltr'>«Etfactum</span> <span class='ocrx_word' id='word_1_323' title='bbox 1141 2149 1307 2205; x_wconf 89' lang='lat' dir='ltr'>estverbum</span> <span class='ocrx_word' id='word_1_324' title='bbox 1322 2150 1433 2205; x_wconf 89' lang='lat' dir='ltr'>Domini</span> <span class='ocrx_word' id='word_1_325' title='bbox 1449 2150 1484 2205; x_wconf 93' lang='lat' dir='ltr'>ad</span> <span class='ocrx_word' id='word_1_326' title='bbox 1514 2167 1568 2215; x_wconf 88' lang='lat' dir='ltr'>me,</span> <span class='ocrx_word' id='word_1_327' title='bbox 1584 2151 1704 2207; x_wconf 89' lang='lat' dir='ltr'>diceus:</span> 
     </span>
     <span class='ocr_line' id='line_1_23' title="bbox 88 2237 1709 2316; baseline 0.002 -25"><span class='ocrx_word' id='word_1_328' title='bbox 88 2254 155 2309; x_wconf 89' lang='lat' dir='ltr'>super</span> <span class='ocrx_word' id='word_1_329' title='bbox 162 2240 361 2296; x_wconf 86' lang='lat' dir='ltr'>candelabrum</span> <span class='ocrx_word' id='word_1_330' title='bbox 371 2258 387 2296; x_wconf 86' lang='lat' dir='ltr'>a</span> <span class='ocrx_word' id='word_1_331' title='bbox 397 2242 502 2298; x_wconf 83' lang='lat' dir='ltr'>dextris</span> <span class='ocrx_word' id='word_1_332' title='bbox 512 2249 541 2298; x_wconf 90' lang='lat' dir='ltr'>et</span> <span class='ocrx_word' id='word_1_333' title='bbox 551 2243 784 2309; x_wconf 87' lang='lat' dir='ltr'>asinistris,inter</span> <span class='ocrx_word' id='word_1_334' title='bbox 797 2261 867 2316; x_wconf 89' lang='lat' dir='ltr'>quas</span> <span class='ocrx_word' id='word_1_335' title='bbox 908 2239 1008 2294; x_wconf 82' lang='lat' dir='ltr'>Manus</span> <span class='ocrx_word' id='word_1_336' title='bbox 1022 2238 1173 2292; x_wconf 89' lang='lat' dir='ltr'>Zorobabel</span> <span class='ocrx_word' id='word_1_337' title='bbox 1183 2237 1493 2293; x_wconf 83' lang='lat' dir='ltr'>fundaveruntdomum</span> <span class='ocrx_word' id='word_1_338' title='bbox 1502 2240 1597 2305; x_wconf 83' lang='lat' dir='ltr'>istam,</span> <span class='ocrx_word' id='word_1_339' title='bbox 1609 2246 1639 2295; x_wconf 86' lang='lat' dir='ltr'>et</span> <span class='ocrx_word' id='word_1_340' title='bbox 1650 2258 1709 2296; x_wconf 90' lang='lat' dir='ltr'>ma·</span> 
     </span>
     <span class='ocr_line' id='line_1_24' title="bbox 90 2326 1709 2404; baseline 0.004 -25"><span class='ocrx_word' id='word_1_341' title='bbox 90 2326 178 2382; x_wconf 86' lang='lat' dir='ltr'>lucebat</span> <span class='ocrx_word' id='word_1_342' title='bbox 191 2329 285 2385; x_wconf 85' lang='lat' dir='ltr'>media</span> <span class='ocrx_word' id='word_1_343' title='bbox 296 2331 413 2402; x_wconf 88' lang='lat' dir='ltr'>lampas,</span> <span class='ocrx_word' id='word_1_344' title='bbox 428 2332 517 2403; x_wconf 84' lang='lat' dir='ltr'>legem</span> <span class='ocrx_word' id='word_1_345' title='bbox 531 2338 560 2387; x_wconf 87' lang='lat' dir='ltr'>et</span> <span class='ocrx_word' id='word_1_346' title='bbox 574 2333 749 2404; x_wconf 89' lang='lat' dir='ltr'>prophetiam</span> <span class='ocrx_word' id='word_1_347' title='bbox 762 2333 867 2387; x_wconf 89' lang='lat' dir='ltr'>intelli·</span> <span class='ocrx_word' id='word_1_348' title='bbox 908 2345 962 2383; x_wconf 91' lang='lat' dir='ltr'>uus</span> <span class='ocrx_word' id='word_1_349' title='bbox 976 2329 1038 2398; x_wconf 88' lang='lat' dir='ltr'>ejus</span> <span class='ocrx_word' id='word_1_350' title='bbox 1054 2327 1200 2398; x_wconf 82' lang='lat' dir='ltr'>perficient</span> <span class='ocrx_word' id='word_1_351' title='bbox 1213 2344 1286 2392; x_wconf 90' lang='lat' dir='ltr'>eam,</span> <span class='ocrx_word' id='word_1_352' title='bbox 1308 2333 1338 2382; x_wconf 90' lang='lat' dir='ltr'>et</span> <span class='ocrx_word' id='word_1_353' title='bbox 1357 2328 1450 2383; x_wconf 89' lang='lat' dir='ltr'>scietis</span> <span class='ocrx_word' id='word_1_354' title='bbox 1478 2329 1545 2400; x_wconf 91' lang='lat' dir='ltr'>quia</span> <span class='ocrx_word' id='word_1_355' title='bbox 1572 2329 1709 2386; x_wconf 88' lang='lat' dir='ltr'>Dominus</span> 
     </span>
     <span class='ocr_line' id='line_1_25' title="bbox 91 2415 1710 2494; baseline 0.002 -24"><span class='ocrx_word' id='word_1_356' title='bbox 91 2415 309 2489; x_wconf 73' lang='lat' dir='ltr'>artennago</span> <span class='ocrx_word' id='word_1_357' title='bbox 328 2421 466 2490; x_wconf 87' lang='lat' dir='ltr'>propheta</span> <span class='ocrx_word' id='word_1_358' title='bbox 477 2421 613 2492; x_wconf 87' lang='lat' dir='ltr'>quaerenti</span> <span class='ocrx_word' id='word_1_359' title='bbox 623 2423 723 2493; x_wconf 83' lang='lat' dir='ltr'>angelo</span> <span class='ocrx_word' id='word_1_360' title='bbox 747 2422 813 2494; x_wconf 93' lang='lat' dir='ltr'>quid</span> <span class='ocrx_word' id='word_1_361' title='bbox 829 2422 869 2476; x_wconf 86' lang='lat' dir='ltr'>vi·</span> <span class='ocrx_word' id='word_1_362' title='bbox 910 2416 1083 2471; x_wconf 82' lang='lat' dir='ltr'>exercituum</span> <span class='ocrx_word' id='word_1_363' title='bbox 1098 2416 1175 2470; x_wconf 91' lang='lat' dir='ltr'>misit</span> <span class='ocrx_word' id='word_1_364' title='bbox 1190 2432 1236 2470; x_wconf 92' lang='lat' dir='ltr'>me</span> <span class='ocrx_word' id='word_1_365' title='bbox 1248 2416 1283 2470; x_wconf 90' lang='lat' dir='ltr'>ad</span> <span class='ocrx_word' id='word_1_366' title='bbox 1297 2433 1370 2470; x_wconf 80' lang='lat' dir='ltr'>vos·</span> <span class='ocrx_word' id='word_1_367' title='bbox 1380 2417 1439 2470; x_wconf 86' lang='lat' dir='ltr'>lloo</span> <span class='ocrx_word' id='word_1_368' title='bbox 1453 2419 1501 2487; x_wconf 94' lang='lat' dir='ltr'>qui</span> <span class='ocrx_word' id='word_1_369' title='bbox 1517 2418 1633 2472; x_wconf 82' lang='lat' dir='ltr'>Esdram</span> <span class='ocrx_word' id='word_1_370' title='bbox 1643 2435 1710 2489; x_wconf 93' lang='lat' dir='ltr'>pro-</span> 
     </span>
     <span class='ocr_line' id='line_1_26' title="bbox 93 2501 1709 2582; baseline 0.005 -28"><span class='ocrx_word' id='word_1_371' title='bbox 93 2501 160 2569; x_wconf 71' lang='lat' dir='ltr'>deva,</span> <span class='ocrx_word' id='word_1_372' title='bbox 170 2513 314 2562; x_wconf 90' lang='lat' dir='ltr'>narrasset</span> <span class='ocrx_word' id='word_1_373' title='bbox 336 2508 482 2573; x_wconf 79' lang='lat' dir='ltr'>visionem,</span> <span class='ocrx_word' id='word_1_374' title='bbox 496 2509 653 2581; x_wconf 85' lang='lat' dir='ltr'>interrogat</span> <span class='ocrx_word' id='word_1_375' title='bbox 672 2509 765 2582; x_wconf 92' lang='lat' dir='ltr'>ipsum</span> <span class='ocrx_word' id='word_1_376' title='bbox 782 2527 869 2581; x_wconf 82' lang='lat' dir='ltr'>ange·</span> <span class='ocrx_word' id='word_1_377' title='bbox 910 2505 1025 2576; x_wconf 84' lang='lat' dir='ltr'>phetam</span> <span class='ocrx_word' id='word_1_378' title='bbox 1041 2504 1148 2574; x_wconf 86' lang='lat' dir='ltr'>legerit,</span> <span class='ocrx_word' id='word_1_379' title='bbox 1166 2504 1289 2559; x_wconf 85' lang='lat' dir='ltr'>inveniet</span> <span class='ocrx_word' id='word_1_380' title='bbox 1304 2505 1378 2575; x_wconf 93' lang='lat' dir='ltr'>quod</span> <span class='ocrx_word' id='word_1_381' title='bbox 1404 2505 1510 2559; x_wconf 90' lang='lat' dir='ltr'>scilicet</span> <span class='ocrx_word' id='word_1_382' title='bbox 1532 2507 1669 2577; x_wconf 90' lang='lat' dir='ltr'>templum</span> <span class='ocrx_word' id='word_1_383' title='bbox 1691 2523 1709 2562; x_wconf 86' lang='lat' dir='ltr'>a</span> 
     </span>
     <span class='ocr_line' id='line_1_27' title="bbox 93 2588 1710 2668; baseline 0.003 -23"><span class='ocrx_word' id='word_1_384' title='bbox 93 2588 136 2644; x_wconf 88' lang='lat' dir='ltr'>luu</span> <span class='ocrx_word' id='word_1_385' title='bbox 151 2595 213 2664; x_wconf 92' lang='lat' dir='ltr'>quid</span> <span class='ocrx_word' id='word_1_386' title='bbox 228 2594 470 2668; x_wconf 81' lang='lat' dir='ltr'>significaretipse</span> <span class='ocrx_word' id='word_1_387' title='bbox 483 2597 560 2652; x_wconf 88' lang='lat' dir='ltr'>visio.</span> <span class='ocrx_word' id='word_1_388' title='bbox 578 2598 686 2653; x_wconf 86' lang='lat' dir='ltr'>Rursus</span> <span class='ocrx_word' id='word_1_389' title='bbox 700 2599 818 2668; x_wconf 89' lang='lat' dir='ltr'>angelus</span> <span class='ocrx_word' id='word_1_390' title='bbox 828 2599 865 2652; x_wconf 93' lang='lat' dir='ltr'>in·</span> <span class='ocrx_word' id='word_1_391' title='bbox 910 2592 1060 2647; x_wconf 90' lang='lat' dir='ltr'>Zorobabel</span> <span class='ocrx_word' id='word_1_392' title='bbox 1071 2593 1219 2647; x_wconf 85' lang='lat' dir='ltr'>fundatum</span> <span class='ocrx_word' id='word_1_393' title='bbox 1229 2593 1275 2659; x_wconf 88' lang='lat' dir='ltr'>sit,</span> <span class='ocrx_word' id='word_1_394' title='bbox 1291 2600 1320 2647; x_wconf 90' lang='lat' dir='ltr'>et</span> <span class='ocrx_word' id='word_1_395' title='bbox 1328 2610 1416 2663; x_wconf 92' lang='lat' dir='ltr'>usque</span> <span class='ocrx_word' id='word_1_396' title='bbox 1431 2594 1467 2648; x_wconf 92' lang='lat' dir='ltr'>ad</span> <span class='ocrx_word' id='word_1_397' title='bbox 1477 2595 1710 2668; x_wconf 87' lang='lat' dir='ltr'>summatastigia</span> 
     </span>
     <span class='ocr_line' id='line_1_28' title="bbox 94 2681 1085 2759; baseline -0.001 -22"><span class='ocrx_word' id='word_1_398' title='bbox 94 2681 195 2752; x_wconf 59' lang='lat' dir='ltr'>inungat</span> <span class='ocrx_word' id='word_1_399' title='bbox 204 2700 283 2738; x_wconf 89' lang='lat' dir='ltr'>eum:</span> <span class='ocrx_word' id='word_1_400' title='bbox 298 2685 552 2756; x_wconf 85' lang='lat' dir='ltr'>Nunquidignoras</span> <span class='ocrx_word' id='word_1_401' title='bbox 567 2687 633 2759; x_wconf 91' lang='lat' dir='ltr'>quid</span> <span class='ocrx_word' id='word_1_402' title='bbox 648 2688 780 2743; x_wconf 82' lang='lat' dir='ltr'>suuthaec</span> <span class='ocrx_word' id='word_1_403' title='bbox 790 2687 802 2740; x_wconf 81' lang='lat' dir='ltr'>i</span> <span class='ocrx_word' id='word_1_404' title='bbox 813 2703 868 2757; x_wconf 91' lang='lat' dir='ltr'>quo</span> <span class='ocrx_word' id='word_1_405' title='bbox 911 2682 1085 2753; x_wconf 84' lang='lat' dir='ltr'>perductum.</span> 
     </span>
     <span class='ocr_line' id='line_1_29' title="bbox 95 2770 1708 2845; baseline 0.004 -25"><span class='ocrx_word' id='word_1_406' title='bbox 95 2771 268 2838; x_wconf 82' lang='lat' dir='ltr'>respondente,</span> <span class='ocrx_word' id='word_1_407' title='bbox 283 2772 394 2836; x_wconf 84' lang='lat' dir='ltr'>Nescio,</span> <span class='ocrx_word' id='word_1_408' title='bbox 403 2773 611 2845; x_wconf 84' lang='lat' dir='ltr'>responditjam</span> <span class='ocrx_word' id='word_1_409' title='bbox 622 2775 739 2845; x_wconf 85' lang='lat' dir='ltr'>angelus</span> <span class='ocrx_word' id='word_1_410' title='bbox 750 2776 869 2829; x_wconf 87' lang='lat' dir='ltr'>edocens</span> <span class='ocrx_word' id='word_1_411' title='bbox 947 2790 960 2821; x_wconf 79' lang='lat' dir='ltr'>a</span> <span class='ocrx_word' id='word_1_412' title='bbox 978 2770 1047 2835; x_wconf 89' lang='lat' dir='ltr'>Quis</span> <span class='ocrx_word' id='word_1_413' title='bbox 1058 2770 1133 2824; x_wconf 90' lang='lat' dir='ltr'>enim</span> <span class='ocrx_word' id='word_1_414' title='bbox 1148 2771 1344 2843; x_wconf 84' lang='lat' dir='ltr'>despexitdies</span> <span class='ocrx_word' id='word_1_415' title='bbox 1357 2771 1476 2842; x_wconf 82' lang='lat' dir='ltr'>parvos?</span> <span class='ocrx_word' id='word_1_416' title='bbox 1492 2773 1584 2838; x_wconf 79' lang='lat' dir='ltr'>»Quis</span> <span class='ocrx_word' id='word_1_417' title='bbox 1599 2771 1644 2826; x_wconf 90' lang='lat' dir='ltr'>hic</span> <span class='ocrx_word' id='word_1_418' title='bbox 1657 2789 1708 2843; x_wconf 92' lang='lat' dir='ltr'>pro</span> 
     </span>
     <span class='ocr_line' id='line_1_30' title="bbox 95 2853 1710 2931; baseline 0.005 -24"><span class='ocrx_word' id='word_1_419' title='bbox 95 2853 218 2914; x_wconf 72' lang='lat' dir='ltr'>visionem:</span> <span class='ocrx_word' id='word_1_420' title='bbox 237 2882 251 2912; x_wconf 79' lang='grc' dir='ltr'>ι</span> <span class='ocrx_word' id='word_1_421' title='bbox 267 2862 325 2917; x_wconf 82' lang='grc' dir='ltr'>Ηοο</span> <span class='ocrx_word' id='word_1_422' title='bbox 340 2869 383 2918; x_wconf 91' lang='lat' dir='ltr'>est</span> <span class='ocrx_word' id='word_1_423' title='bbox 396 2863 512 2918; x_wconf 82' lang='lat' dir='ltr'>verbum</span> <span class='ocrx_word' id='word_1_424' title='bbox 528 2864 640 2918; x_wconf 90' lang='lat' dir='ltr'>Domini</span> <span class='ocrx_word' id='word_1_425' title='bbox 655 2864 691 2919; x_wconf 90' lang='lat' dir='ltr'>ad</span> <span class='ocrx_word' id='word_1_426' title='bbox 715 2863 867 2918; x_wconf 86' lang='lat' dir='ltr'>Zorobabel</span> <span class='ocrx_word' id='word_1_427' title='bbox 907 2875 972 2913; x_wconf 87' lang='lat' dir='ltr'>raro</span> <span class='ocrx_word' id='word_1_428' title='bbox 986 2859 1131 2927; x_wconf 83' lang='lat' dir='ltr'>accipitur.</span> <span class='ocrx_word' id='word_1_429' title='bbox 1148 2858 1209 2914; x_wconf 92' lang='lat' dir='ltr'>Hoc</span> <span class='ocrx_word' id='word_1_430' title='bbox 1219 2859 1493 2915; x_wconf 83' lang='lat' dir='ltr'>autemreferandum</span> <span class='ocrx_word' id='word_1_431' title='bbox 1505 2865 1547 2914; x_wconf 87' lang='lat' dir='ltr'>est</span> <span class='ocrx_word' id='word_1_432' title='bbox 1558 2860 1594 2914; x_wconf 89' lang='lat' dir='ltr'>ad</span> <span class='ocrx_word' id='word_1_433' title='bbox 1602 2861 1710 2931; x_wconf 85' lang='lat' dir='ltr'>regiam</span> 
     </span>
     <span class='ocr_line' id='line_1_31' title="bbox 96 2941 1707 3024; baseline 0.003 -26"><span class='ocrx_word' id='word_1_434' title='bbox 96 2941 184 3003; x_wconf 84' lang='lat' dir='ltr'>dicem:</span> <span class='ocrx_word' id='word_1_435' title='bbox 200 2951 263 3005; x_wconf 91' lang='lat' dir='ltr'>Non</span> <span class='ocrx_word' id='word_1_436' title='bbox 275 2951 304 3005; x_wconf 92' lang='lat' dir='ltr'>in</span> <span class='ocrx_word' id='word_1_437' title='bbox 316 2952 452 3018; x_wconf 85' lang='lat' dir='ltr'>exercitu,</span> <span class='ocrx_word' id='word_1_438' title='bbox 462 2952 717 3017; x_wconf 90' lang='lat' dir='ltr'>necinrobore,sed</span> <span class='ocrx_word' id='word_1_439' title='bbox 726 2953 755 3007; x_wconf 94' lang='lat' dir='ltr'>in</span> <span class='ocrx_word' id='word_1_440' title='bbox 765 2952 867 3024; x_wconf 88' lang='lat' dir='ltr'>spiritu</span> <span class='ocrx_word' id='word_1_441' title='bbox 908 2953 1087 3017; x_wconf 86' lang='lat' dir='ltr'>potestatem,</span> <span class='ocrx_word' id='word_1_442' title='bbox 1095 2963 1179 3018; x_wconf 90' lang='lat' dir='ltr'>quam</span> <span class='ocrx_word' id='word_1_443' title='bbox 1188 2953 1256 3003; x_wconf 89' lang='lat' dir='ltr'>tunc</span> <span class='ocrx_word' id='word_1_444' title='bbox 1267 2948 1403 3020; x_wconf 87' lang='lat' dir='ltr'>temporis</span> <span class='ocrx_word' id='word_1_445' title='bbox 1412 2947 1441 3002; x_wconf 90' lang='lat' dir='ltr'>in</span> <span class='ocrx_word' id='word_1_446' title='bbox 1452 2947 1707 3004; x_wconf 87' lang='lat' dir='ltr'>Zorobabeladver·</span> 
     </span>
    </p>
   </div>
   <div class='ocr_carea' id='block_1_3' title="bbox 96 3010 1710 3113">
    <p class='ocr_par' dir='ltr' id='par_1_3' title="bbox 96 3010 1710 3113">
     <span class='ocr_line' id='line_1_32' title="bbox 96 3010 1710 3113; baseline 0.003 -26"><span class='ocrx_word' id='word_1_447' title='bbox 96 3047 149 3098; x_wconf 88' lang='lat' dir='ltr'>ueo,</span> <span class='ocrx_word' id='word_1_448' title='bbox 163 3038 228 3093; x_wconf 89' lang='lat' dir='ltr'>dicit</span> <span class='ocrx_word' id='word_1_449' title='bbox 240 3040 584 3107; x_wconf 79' lang='lat' dir='ltr'>Dominusexercituum,v</span> <span class='ocrx_word' id='word_1_450' title='bbox 596 3010 974 3113; x_wconf 70' lang='lat' dir='ltr'>reductumessepo-Csarii</span> <span class='ocrx_word' id='word_1_451' title='bbox 989 3035 1191 3106; x_wconf 90' lang='lat' dir='ltr'>despiciebant,</span> <span class='ocrx_word' id='word_1_452' title='bbox 1219 3042 1248 3091; x_wconf 91' lang='lat' dir='ltr'>et</span> <span class='ocrx_word' id='word_1_453' title='bbox 1267 3053 1317 3108; x_wconf 90' lang='lat' dir='ltr'>pro</span> <span class='ocrx_word' id='word_1_454' title='bbox 1341 3037 1428 3090; x_wconf 90' lang='lat' dir='ltr'>nihilo</span> <span class='ocrx_word' id='word_1_455' title='bbox 1447 3035 1594 3090; x_wconf 87' lang='lat' dir='ltr'>ducebant.</span> <span class='ocrx_word' id='word_1_456' title='bbox 1614 3038 1710 3092; x_wconf 85' lang='lat' dir='ltr'>Monet</span> 
     </span>
    </p>
   </div>
   <div class='ocr_carea' id='block_1_4' title="bbox 10 3123 1712 4266">
    <p class='ocr_par' dir='ltr' id='par_1_4' title="bbox 10 3123 1712 4266">
     <span class='ocr_line' id='line_1_33' title="bbox 96 3123 1711 3202; baseline 0.003 -26"><span class='ocrx_word' id='word_1_457' title='bbox 96 3123 168 3189; x_wconf 88' lang='lat' dir='ltr'>pulum</span> <span class='ocrx_word' id='word_1_458' title='bbox 186 3127 221 3182; x_wconf 92' lang='lat' dir='ltr'>de</span> <span class='ocrx_word' id='word_1_459' title='bbox 245 3129 417 3199; x_wconf 81' lang='lat' dir='ltr'>captivitate,</span> <span class='ocrx_word' id='word_1_460' title='bbox 432 3135 461 3183; x_wconf 89' lang='lat' dir='ltr'>et</span> <span class='ocrx_word' id='word_1_461' title='bbox 488 3129 598 3202; x_wconf 85' lang='lat' dir='ltr'>plenius</span> <span class='ocrx_word' id='word_1_462' title='bbox 623 3130 823 3198; x_wconf 86' lang='lat' dir='ltr'>reducendum,</span> <span class='ocrx_word' id='word_1_463' title='bbox 840 3136 869 3185; x_wconf 88' lang='lat' dir='ltr'>et</span> <span class='ocrx_word' id='word_1_464' title='bbox 909 3141 976 3194; x_wconf 85' lang='lat' dir='ltr'>ergo</span> <span class='ocrx_word' id='word_1_465' title='bbox 991 3123 1142 3178; x_wconf 88' lang='lat' dir='ltr'>Zorobabel</span> <span class='ocrx_word' id='word_1_466' title='bbox 1156 3132 1185 3180; x_wconf 91' lang='lat' dir='ltr'>et</span> <span class='ocrx_word' id='word_1_467' title='bbox 1206 3126 1304 3179; x_wconf 82' lang='lat' dir='ltr'>lesum</span> <span class='ocrx_word' id='word_1_468' title='bbox 1327 3131 1412 3196; x_wconf 87' lang='lat' dir='ltr'>atque</span> <span class='ocrx_word' id='word_1_469' title='bbox 1439 3141 1551 3179; x_wconf 91' lang='lat' dir='ltr'>omnem</span> <span class='ocrx_word' id='word_1_470' title='bbox 1576 3126 1711 3197; x_wconf 90' lang='lat' dir='ltr'>populum</span> 
     </span>
     <span class='ocr_line' id='line_1_34' title="bbox 96 3209 1708 3284; baseline 0.004 -22"><span class='ocrx_word' id='word_1_471' title='bbox 96 3209 243 3271; x_wconf 86' lang='lat' dir='ltr'>adversarios</span> <span class='ocrx_word' id='word_1_472' title='bbox 257 3233 356 3272; x_wconf 89' lang='lat' dir='ltr'>eorum</span> <span class='ocrx_word' id='word_1_473' title='bbox 369 3218 528 3274; x_wconf 89' lang='lat' dir='ltr'>vastandos.</span> <span class='ocrx_word' id='word_1_474' title='bbox 909 3213 1105 3275; x_wconf 80' lang='lat' dir='ltr'>aedificantem,</span> <span class='ocrx_word' id='word_1_475' title='bbox 1122 3220 1154 3268; x_wconf 92' lang='lat' dir='ltr'>ut</span> <span class='ocrx_word' id='word_1_476' title='bbox 1168 3230 1225 3268; x_wconf 92' lang='lat' dir='ltr'>non</span> <span class='ocrx_word' id='word_1_477' title='bbox 1234 3214 1355 3268; x_wconf 83' lang='lat' dir='ltr'>timeant</span> <span class='ocrx_word' id='word_1_478' title='bbox 1383 3213 1568 3276; x_wconf 86' lang='lat' dir='ltr'>adversarios,</span> <span class='ocrx_word' id='word_1_479' title='bbox 1585 3213 1634 3284; x_wconf 90' lang='lat' dir='ltr'>qui</span> <span class='ocrx_word' id='word_1_480' title='bbox 1660 3231 1708 3269; x_wconf 88' lang='lat' dir='ltr'>eos</span> 
     </span>
     <span class='ocr_line' id='line_1_35' title="bbox 10 3301 1712 3379; baseline 0.002 -25"><span class='ocrx_word' id='word_1_481' title='bbox 10 3348 12 3355; x_wconf 91' lang='lat'><em>.</em></span> <span class='ocrx_word' id='word_1_482' title='bbox 122 3303 203 3368; x_wconf 75' lang='lat' dir='ltr'>«Quis</span> <span class='ocrx_word' id='word_1_483' title='bbox 215 3310 257 3372; x_wconf 85' lang='lat' dir='ltr'>tu,</span> <span class='ocrx_word' id='word_1_484' title='bbox 270 3322 351 3361; x_wconf 79' lang='lat' dir='ltr'>mons</span> <span class='ocrx_word' id='word_1_485' title='bbox 365 3323 477 3378; x_wconf 69' lang='lat' dir='ltr'>magne,</span> <span class='ocrx_word' id='word_1_486' title='bbox 488 3323 583 3362; x_wconf 69' lang='lat' dir='ltr'>coram</span> <span class='ocrx_word' id='word_1_487' title='bbox 598 3307 749 3363; x_wconf 68' lang='lat' dir='ltr'>zorobabe}</span> <span class='ocrx_word' id='word_1_488' title='bbox 763 3307 792 3362; x_wconf 79' lang='lat' dir='ltr'>in</span> <span class='ocrx_word' id='word_1_489' title='bbox 808 3309 869 3379; x_wconf 74' lang='lat' dir='ltr'>pla.</span> <span class='ocrx_word' id='word_1_490' title='bbox 910 3302 1048 3357; x_wconf 84' lang='lat' dir='ltr'>aedihoare</span> <span class='ocrx_word' id='word_1_491' title='bbox 1063 3302 1239 3373; x_wconf 86' lang='lat' dir='ltr'>prohibeant,</span> <span class='ocrx_word' id='word_1_492' title='bbox 1256 3303 1304 3357; x_wconf 88' lang='lat' dir='ltr'>sed</span> <span class='ocrx_word' id='word_1_493' title='bbox 1321 3302 1412 3373; x_wconf 92' lang='lat' dir='ltr'>potius</span> <span class='ocrx_word' id='word_1_494' title='bbox 1426 3301 1544 3356; x_wconf 88' lang='lat' dir='ltr'>audiant</span> <span class='ocrx_word' id='word_1_495' title='bbox 1560 3303 1712 3358; x_wconf 90' lang='lat' dir='ltr'>Dominum</span> 
     </span>
     <span class='ocr_line' id='line_1_36' title="bbox 10 3378 1709 3470; baseline 0.003 -29"><span class='ocrx_word' id='word_1_496' title='bbox 10 3378 12 3387; x_wconf 80' lang='lat'>&#39;</span> <span class='ocrx_word' id='word_1_497' title='bbox 96 3400 143 3444; x_wconf 87' lang='lat' dir='ltr'>uun</span> <span class='ocrx_word' id='word_1_498' title='bbox 154 3392 185 3445; x_wconf 76' lang='lat' dir='ltr'>l»</span> <span class='ocrx_word' id='word_1_499' title='bbox 199 3400 229 3449; x_wconf 84' lang='lat' dir='ltr'>et</span> <span class='ocrx_word' id='word_1_500' title='bbox 240 3395 344 3466; x_wconf 89' lang='lat' dir='ltr'>populo</span> <span class='ocrx_word' id='word_1_501' title='bbox 357 3396 528 3470; x_wconf 80' lang='lat' dir='ltr'>Judaeorum,</span> <span class='ocrx_word' id='word_1_502' title='bbox 545 3397 699 3452; x_wconf 90' lang='lat' dir='ltr'>nolenseos</span> <span class='ocrx_word' id='word_1_503' title='bbox 709 3396 869 3468; x_wconf 85' lang='lat' dir='ltr'>prosperari</span> <span class='ocrx_word' id='word_1_504' title='bbox 910 3392 1114 3453; x_wconf 82' lang='lat' dir='ltr'>cohortantem,</span> <span class='ocrx_word' id='word_1_505' title='bbox 1132 3397 1161 3446; x_wconf 91' lang='lat' dir='ltr'>et</span> <span class='ocrx_word' id='word_1_506' title='bbox 1170 3407 1252 3446; x_wconf 88' lang='lat' dir='ltr'>suum</span> <span class='ocrx_word' id='word_1_507' title='bbox 1267 3391 1322 3445; x_wconf 91' lang='lat' dir='ltr'>illis</span> <span class='ocrx_word' id='word_1_508' title='bbox 1335 3392 1470 3445; x_wconf 84' lang='lat' dir='ltr'>auxilium</span> <span class='ocrx_word' id='word_1_509' title='bbox 1486 3392 1709 3463; x_wconf 88' lang='lat' dir='ltr'>promittentem.</span> 
     </span>
     <span class='ocr_line' id='line_1_37' title="bbox 96 3479 1710 3557; baseline 0.005 -29"><span class='ocrx_word' id='word_1_510' title='bbox 96 3481 116 3529; x_wconf 84' lang='lat' dir='ltr'>et</span> <span class='ocrx_word' id='word_1_511' title='bbox 125 3483 251 3554; x_wconf 69' lang='lat' dir='ltr'>templum</span> <span class='ocrx_word' id='word_1_512' title='bbox 262 3484 435 3539; x_wconf 58' lang='lat' dir='ltr'>reaedificari,</span> <span class='ocrx_word' id='word_1_513' title='bbox 445 3483 478 3539; x_wconf 82' lang='lat' dir='ltr'>In</span> <span class='ocrx_word' id='word_1_514' title='bbox 489 3486 603 3557; x_wconf 70' lang='lat' dir='ltr'>planum</span> <span class='ocrx_word' id='word_1_515' title='bbox 616 3486 722 3540; x_wconf 70' lang='lat' dir='ltr'>scilicet</span> <span class='ocrx_word' id='word_1_516' title='bbox 731 3493 867 3552; x_wconf 69' lang='lat' dir='ltr'>sternere,</span> <span class='ocrx_word' id='word_1_517' title='bbox 911 3479 1045 3548; x_wconf 89' lang='lat' dir='ltr'>Sequitur</span> <span class='ocrx_word' id='word_1_518' title='bbox 1057 3480 1133 3533; x_wconf 83' lang='lat' dir='ltr'>onim</span> <span class='ocrx_word' id='word_1_519' title='bbox 1149 3498 1155 3532; x_wconf 75' lang='grc' dir='ltr'><strong><em>ε</em></strong></span> <span class='ocrx_word' id='word_1_520' title='bbox 1170 3500 1181 3531; x_wconf 81' lang='grc' dir='ltr'>ι</span> <span class='ocrx_word' id='word_1_521' title='bbox 1197 3480 1231 3534; x_wconf 84' lang='lat' dir='ltr'>Et</span> <span class='ocrx_word' id='word_1_522' title='bbox 1238 3479 1417 3546; x_wconf 72' lang='lat' dir='ltr'>laetabuntur,</span> <span class='ocrx_word' id='word_1_523' title='bbox 1435 3480 1542 3534; x_wconf 83' lang='lat' dir='ltr'>»idest</span> <span class='ocrx_word' id='word_1_524' title='bbox 1557 3498 1710 3552; x_wconf 90' lang='lat' dir='ltr'>paucorum</span> 
     </span>
     <span class='ocr_line' id='line_1_38' title="bbox 97 3567 1710 3646; baseline 0.003 -27"><span class='ocrx_word' id='word_1_525' title='bbox 97 3568 190 3627; x_wconf 82' lang='lat' dir='ltr'>etatna</span> <span class='ocrx_word' id='word_1_526' title='bbox 203 3572 337 3644; x_wconf 88' lang='lat' dir='ltr'>superbia</span> <span class='ocrx_word' id='word_1_527' title='bbox 356 3572 487 3644; x_wconf 88' lang='lat' dir='ltr'>dejicere,</span> <span class='ocrx_word' id='word_1_528' title='bbox 503 3575 668 3630; x_wconf 89' lang='lat' dir='ltr'>humiliatus</span> <span class='ocrx_word' id='word_1_529' title='bbox 681 3574 733 3629; x_wconf 91' lang='lat' dir='ltr'>sub</span> <span class='ocrx_word' id='word_1_530' title='bbox 750 3574 868 3646; x_wconf 81' lang='lat' dir='ltr'>pedibus</span> <span class='ocrx_word' id='word_1_531' title='bbox 909 3567 1019 3622; x_wconf 88' lang='lat' dir='ltr'>diemm</span> <span class='ocrx_word' id='word_1_532' title='bbox 1035 3568 1179 3638; x_wconf 88' lang='lat' dir='ltr'>despectu.</span> <span class='ocrx_word' id='word_1_533' title='bbox 1202 3568 1302 3638; x_wconf 89' lang='lat' dir='ltr'>majori</span> <span class='ocrx_word' id='word_1_534' title='bbox 1323 3569 1427 3639; x_wconf 85' lang='lat' dir='ltr'>gaudio</span> <span class='ocrx_word' id='word_1_535' title='bbox 1446 3569 1637 3640; x_wconf 90' lang='lat' dir='ltr'>replebuntur.</span> <span class='ocrx_word' id='word_1_536' title='bbox 1655 3570 1710 3624; x_wconf 92' lang='lat' dir='ltr'>Po-</span> 
     </span>
     <span class='ocr_line' id='line_1_39' title="bbox 97 3650 1710 3735; baseline 0.004 -29"><span class='ocrx_word' id='word_1_537' title='bbox 97 3650 169 3714; x_wconf 77' lang='lat' dir='ltr'>lsrael,</span> <span class='ocrx_word' id='word_1_538' title='bbox 185 3679 199 3714; x_wconf 77' lang='lat' dir='ltr'>a</span> <span class='ocrx_word' id='word_1_539' title='bbox 214 3661 250 3716; x_wconf 79' lang='lat' dir='ltr'>Et</span> <span class='ocrx_word' id='word_1_540' title='bbox 269 3662 369 3717; x_wconf 74' lang='lat' dir='ltr'>educet</span> <span class='ocrx_word' id='word_1_541' title='bbox 392 3663 515 3735; x_wconf 70' lang='lat' dir='ltr'>lapidem</span> <span class='ocrx_word' id='word_1_542' title='bbox 542 3662 745 3734; x_wconf 32' lang='lat' dir='ltr'>primarium&amp;</span> <span class='ocrx_word' id='word_1_543' title='bbox 772 3663 801 3717; x_wconf 89' lang='lat' dir='ltr'>id</span> <span class='ocrx_word' id='word_1_544' title='bbox 826 3669 869 3718; x_wconf 72' lang='lat' dir='ltr'>est,</span> <span class='ocrx_word' id='word_1_545' title='bbox 908 3655 1168 3727; x_wconf 85' lang='lat' dir='ltr'>testitaintelligi:</span> <span class='ocrx_word' id='word_1_546' title='bbox 1185 3657 1276 3711; x_wconf 67' lang='lat' dir='ltr'>Rarus</span> <span class='ocrx_word' id='word_1_547' title='bbox 1294 3664 1346 3723; x_wconf 72' lang='lat' dir='ltr'>esi,</span> <span class='ocrx_word' id='word_1_548' title='bbox 1366 3658 1413 3728; x_wconf 81' lang='lat' dir='ltr'>qui</span> <span class='ocrx_word' id='word_1_549' title='bbox 1434 3673 1534 3729; x_wconf 69' lang='lat' dir='ltr'>parvos</span> <span class='ocrx_word' id='word_1_550' title='bbox 1552 3657 1710 3729; x_wconf 74' lang='lat' dir='ltr'>dieshlljlls</span> 
     </span>
     <span class='ocr_line' id='line_1_40' title="bbox 96 3741 1710 3824; baseline 0.003 -27"><span class='ocrx_word' id='word_1_551' title='bbox 96 3741 225 3816; x_wconf 74' lang='lat' dir='ltr'>Christum,</span> <span class='ocrx_word' id='word_1_552' title='bbox 241 3750 290 3822; x_wconf 91' lang='lat' dir='ltr'>qui</span> <span class='ocrx_word' id='word_1_553' title='bbox 300 3767 412 3824; x_wconf 88' lang='lat' dir='ltr'>semper</span> <span class='ocrx_word' id='word_1_554' title='bbox 425 3751 529 3807; x_wconf 85' lang='lat' dir='ltr'>auxilio</span> <span class='ocrx_word' id='word_1_555' title='bbox 542 3752 595 3806; x_wconf 89' lang='lat' dir='ltr'>luit</span> <span class='ocrx_word' id='word_1_556' title='bbox 608 3753 711 3824; x_wconf 90' lang='lat' dir='ltr'>populo</span> <span class='ocrx_word' id='word_1_557' title='bbox 735 3751 823 3806; x_wconf 85' lang='lat' dir='ltr'>Israel</span> <span class='ocrx_word' id='word_1_558' title='bbox 851 3768 869 3807; x_wconf 87' lang='lat' dir='ltr'>a</span> <span class='ocrx_word' id='word_1_559' title='bbox 909 3744 1003 3799; x_wconf 80' lang='lat' dir='ltr'>saculi</span> <span class='ocrx_word' id='word_1_560' title='bbox 1018 3744 1165 3815; x_wconf 91' lang='lat' dir='ltr'>despiciat,</span> <span class='ocrx_word' id='word_1_561' title='bbox 1182 3745 1313 3816; x_wconf 90' lang='lat' dir='ltr'>quoniam</span> <span class='ocrx_word' id='word_1_562' title='bbox 1324 3746 1458 3801; x_wconf 89' lang='lat' dir='ltr'>nimirum</span> <span class='ocrx_word' id='word_1_563' title='bbox 1472 3746 1645 3810; x_wconf 90' lang='lat' dir='ltr'>multisunt,</span> <span class='ocrx_word' id='word_1_564' title='bbox 1661 3747 1710 3818; x_wconf 91' lang='lat' dir='ltr'>qui</span> 
     </span>
     <span class='ocr_line' id='line_1_41' title="bbox 96 3833 1711 3911; baseline 0.002 -23"><span class='ocrx_word' id='word_1_565' title='bbox 96 3837 187 3893; x_wconf 70' lang='lat' dir='ltr'>usulis.</span> <span class='ocrx_word' id='word_1_566' title='bbox 208 3865 217 3888; x_wconf 65' lang='grc' dir='ltr'>ι</span> <span class='ocrx_word' id='word_1_567' title='bbox 239 3838 276 3894; x_wconf 81' lang='lat' dir='ltr'>Et</span> <span class='ocrx_word' id='word_1_568' title='bbox 289 3839 446 3911; x_wconf 72' lang='lat' dir='ltr'>exaequabit</span> <span class='ocrx_word' id='word_1_569' title='bbox 455 3839 578 3911; x_wconf 84' lang='lat' dir='ltr'>gratiam</span> <span class='ocrx_word' id='word_1_570' title='bbox 598 3840 697 3911; x_wconf 72' lang='lat' dir='ltr'>gratiae</span> <span class='ocrx_word' id='word_1_571' title='bbox 711 3841 783 3911; x_wconf 88' lang='lat' dir='ltr'>ejus,</span> <span class='ocrx_word' id='word_1_572' title='bbox 802 3860 814 3892; x_wconf 76' lang='lat' dir='ltr'>v</span> <span class='ocrx_word' id='word_1_573' title='bbox 840 3840 870 3894; x_wconf 90' lang='lat' dir='ltr'>id</span> <span class='ocrx_word' id='word_1_574' title='bbox 910 3833 1074 3888; x_wconf 80' lang='lat' dir='ltr'>hocsaeculo</span> <span class='ocrx_word' id='word_1_575' title='bbox 1089 3833 1265 3888; x_wconf 87' lang='lat' dir='ltr'>delectantur</span> <span class='ocrx_word' id='word_1_576' title='bbox 1279 3833 1359 3901; x_wconf 90' lang='lat' dir='ltr'>adeo,</span> <span class='ocrx_word' id='word_1_577' title='bbox 1375 3842 1406 3888; x_wconf 91' lang='lat' dir='ltr'>ut</span> <span class='ocrx_word' id='word_1_578' title='bbox 1421 3835 1445 3889; x_wconf 90' lang='lat' dir='ltr'>si</span> <span class='ocrx_word' id='word_1_579' title='bbox 1457 3841 1581 3905; x_wconf 83' lang='lat' dir='ltr'>possent.</span> <span class='ocrx_word' id='word_1_580' title='bbox 1598 3852 1711 3907; x_wconf 89' lang='lat' dir='ltr'>semper</span> 
     </span>
     <span class='ocr_line' id='line_1_42' title="bbox 97 3921 1710 4000; baseline 0.002 -24"><span class='ocrx_word' id='word_1_581' title='bbox 97 3924 205 3998; x_wconf 73' lang='lat' dir='ltr'>stlapis.</span> <span class='ocrx_word' id='word_1_582' title='bbox 215 3926 296 3992; x_wconf 83' lang='lat' dir='ltr'>Quod</span> <span class='ocrx_word' id='word_1_583' title='bbox 311 3932 354 3983; x_wconf 90' lang='lat' dir='ltr'>est</span> <span class='ocrx_word' id='word_1_584' title='bbox 363 3932 460 4000; x_wconf 90' lang='lat' dir='ltr'>aperte</span> <span class='ocrx_word' id='word_1_585' title='bbox 471 3928 580 3983; x_wconf 89' lang='lat' dir='ltr'>dicere:</span> <span class='ocrx_word' id='word_1_586' title='bbox 595 3928 721 3984; x_wconf 85' lang='lat' dir='ltr'>Gratiam</span> <span class='ocrx_word' id='word_1_587' title='bbox 731 3930 793 4000; x_wconf 89' lang='lat' dir='ltr'>ejus</span> <span class='ocrx_word' id='word_1_588' title='bbox 803 3928 870 3984; x_wconf 77' lang='lat' dir='ltr'>edu.</span> <span class='ocrx_word' id='word_1_589' title='bbox 909 3921 955 3976; x_wconf 88' lang='lat' dir='ltr'>hic</span> <span class='ocrx_word' id='word_1_590' title='bbox 970 3922 1060 3977; x_wconf 90' lang='lat' dir='ltr'>vivere</span> <span class='ocrx_word' id='word_1_591' title='bbox 1070 3923 1183 3976; x_wconf 90' lang='lat' dir='ltr'>vellent.</span> <span class='ocrx_word' id='word_1_592' title='bbox 1199 3922 1344 3993; x_wconf 85' lang='lat' dir='ltr'>Camergo</span> <span class='ocrx_word' id='word_1_593' title='bbox 1359 3923 1510 3977; x_wconf 86' lang='lat' dir='ltr'>viderimus</span> <span class='ocrx_word' id='word_1_594' title='bbox 1520 3924 1604 3994; x_wconf 90' lang='lat' dir='ltr'>hujus</span> <span class='ocrx_word' id='word_1_595' title='bbox 1616 3924 1710 3979; x_wconf 77' lang='lat' dir='ltr'>seculi</span> 
     </span>
     <span class='ocr_line' id='line_1_43' title="bbox 97 4008 1706 4089; baseline 0.011 -26"><span class='ocrx_word' id='word_1_596' title='bbox 97 4008 869 4089; x_wconf 77' lang='lat' dir='ltr'>atdeapavirate,etexaeqaabnhanenngratlae,quam</span> <span class='ocrx_word' id='word_1_597' title='bbox 911 4011 1706 4082; x_wconf 61' lang='lat' dir='ltr'>amsswlessulssele⁸1¹¹⁹⁰vl&gt;¹¹ll&gt;1¹lflsgemmi⁸q¹¹⁹rutilares</span> 
     </span>
     <span class='ocr_line' id='line_1_44' title="bbox 98 4098 1709 4177; baseline 0.007 -31"><span class='ocrx_word' id='word_1_598' title='bbox 98 4105 194 4161; x_wconf 66' lang='lat' dir='ltr'>exercuit</span> <span class='ocrx_word' id='word_1_599' title='bbox 202 4122 271 4177; x_wconf 67' lang='lat' dir='ltr'>erga</span> <span class='ocrx_word' id='word_1_600' title='bbox 282 4111 376 4177; x_wconf 68' lang='lat' dir='ltr'>patres</span> <span class='ocrx_word' id='word_1_601' title='bbox 390 4122 498 4171; x_wconf 54' lang='lat' dir='ltr'>eorum,</span> <span class='ocrx_word' id='word_1_602' title='bbox 510 4106 632 4161; x_wconf 72' lang='lat' dir='ltr'>similem</span> <span class='ocrx_word' id='word_1_603' title='bbox 640 4107 701 4161; x_wconf 71' lang='lat' dir='ltr'>istis</span> <span class='ocrx_word' id='word_1_604' title='bbox 712 4107 869 4162; x_wconf 72' lang='lat' dir='ltr'>misericor.</span> <span class='ocrx_word' id='word_1_605' title='bbox 911 4098 1009 4171; x_wconf 68' lang='lat' dir='ltr'>stipari</span> <span class='ocrx_word' id='word_1_606' title='bbox 1020 4098 1117 4153; x_wconf 70' lang='lat' dir='ltr'>Officiis</span> <span class='ocrx_word' id='word_1_607' title='bbox 1128 4099 1333 4166; x_wconf 63' lang='lat' dir='ltr'>ministrorum,</span> <span class='ocrx_word' id='word_1_608' title='bbox 1346 4115 1494 4171; x_wconf 68' lang='lat' dir='ltr'>possumus</span> <span class='ocrx_word' id='word_1_609' title='bbox 1503 4100 1556 4154; x_wconf 75' lang='lat' dir='ltr'>hoc</span> <span class='ocrx_word' id='word_1_610' title='bbox 1564 4115 1709 4157; x_wconf 65' lang='lat' dir='ltr'>assumere</span> 
     </span>
     <span class='ocr_line' id='line_1_45' title="bbox 99 4184 1711 4266; baseline 0.007 -31"><span class='ocrx_word' id='word_1_611' title='bbox 99 4184 347 4266; x_wconf 63' lang='lat' dir='ltr'>dmimpendendo</span> <span class='ocrx_word' id='word_1_612' title='bbox 359 4213 366 4247; x_wconf 90' lang='lat'><strong>:</strong></span> <span class='ocrx_word' id='word_1_613' title='bbox 376 4195 871 4251; x_wconf 59' lang='lat' dir='ltr'>haecegtfloebraeofflmtmdjqio‚1)0.</span> <span class='ocrx_word' id='word_1_614' title='bbox 911 4195 940 4242; x_wconf 93' lang='lat' dir='ltr'>et</span> <span class='ocrx_word' id='word_1_615' title='bbox 953 4187 1045 4242; x_wconf 88' lang='lat' dir='ltr'>dicere</span> <span class='ocrx_word' id='word_1_616' title='bbox 1060 4205 1065 4241; x_wconf 95' lang='lat'><strong>:</strong></span> <span class='ocrx_word' id='word_1_617' title='bbox 1082 4188 1150 4252; x_wconf 88' lang='lat' dir='ltr'>Quis</span> <span class='ocrx_word' id='word_1_618' title='bbox 1164 4188 1239 4243; x_wconf 92' lang='lat' dir='ltr'>enim</span> <span class='ocrx_word' id='word_1_619' title='bbox 1254 4189 1380 4261; x_wconf 84' lang='lat' dir='ltr'>despexit</span> <span class='ocrx_word' id='word_1_620' title='bbox 1404 4189 1465 4244; x_wconf 88' lang='lat' dir='ltr'>dies</span> <span class='ocrx_word' id='word_1_621' title='bbox 1493 4190 1613 4261; x_wconf 78' lang='lat' dir='ltr'>parros‘.l</span> <span class='ocrx_word' id='word_1_622' title='bbox 1627 4190 1711 4246; x_wconf 87' lang='lat' dir='ltr'>Parvi</span> 
     </span>
    </p>
   </div>
   <div class='ocr_carea' id='block_1_5' title="bbox 100 4276 1711 4438">
    <p class='ocr_par' dir='ltr' id='par_1_5' title="bbox 100 4276 1711 4438">
     <span class='ocr_line' id='line_1_46' title="bbox 100 4276 1711 4356; baseline 0.009 -35"><span class='ocrx_word' id='word_1_623' title='bbox 100 4280 166 4335; x_wconf 64' lang='lat' dir='ltr'>nom</span> <span class='ocrx_word' id='word_1_624' title='bbox 177 4300 241 4339; x_wconf 66' lang='lat' dir='ltr'>mo</span> <span class='ocrx_word' id='word_1_625' title='bbox 256 4283 438 4339; x_wconf 60' lang='lat' dir='ltr'>eoelffliagtjcj</span> <span class='ocrx_word' id='word_1_626' title='bbox 454 4284 528 4339; x_wconf 70' lang='lat' dir='ltr'>hunc</span> <span class='ocrx_word' id='word_1_627' title='bbox 542 4285 633 4339; x_wconf 65' lang='lat' dir='ltr'>locum</span> <span class='ocrx_word' id='word_1_628' title='bbox 644 4285 683 4339; x_wconf 63' lang='lat' dir='ltr'>ita</span> <span class='ocrx_word' id='word_1_629' title='bbox 707 4289 868 4356; x_wconf 64' lang='lat' dir='ltr'>exponunt:</span> <span class='ocrx_word' id='word_1_630' title='bbox 912 4276 985 4330; x_wconf 88' lang='lat' dir='ltr'>enim</span> <span class='ocrx_word' id='word_1_631' title='bbox 1001 4284 1067 4331; x_wconf 88' lang='lat' dir='ltr'>sunt</span> <span class='ocrx_word' id='word_1_632' title='bbox 1083 4292 1181 4331; x_wconf 89' lang='lat' dir='ltr'>omnes</span> <span class='ocrx_word' id='word_1_633' title='bbox 1195 4277 1254 4332; x_wconf 94' lang='lat' dir='ltr'>dies</span> <span class='ocrx_word' id='word_1_634' title='bbox 1275 4278 1421 4348; x_wconf 70' lang='lat' dir='ltr'>praesentis</span> <span class='ocrx_word' id='word_1_635' title='bbox 1440 4279 1514 4345; x_wconf 84' lang='lat' dir='ltr'>vitae,</span> <span class='ocrx_word' id='word_1_636' title='bbox 1531 4279 1711 4350; x_wconf 86' lang='lat' dir='ltr'>quantumvis</span> 
     </span>
     <span class='ocr_line' id='line_1_47' title="bbox 102 4354 1711 4438; baseline 0.007 -26"><span class='ocrx_word' id='word_1_637' title='bbox 102 4354 278 4418; x_wconf 80' lang='lat' dir='ltr'>Caudehbmm</span> <span class='ocrx_word' id='word_1_638' title='bbox 289 4369 381 4418; x_wconf 89' lang='lat' dir='ltr'>totum</span> <span class='ocrx_word' id='word_1_639' title='bbox 391 4380 508 4419; x_wconf 84' lang='lat' dir='ltr'>aureum</span> <span class='ocrx_word' id='word_1_640' title='bbox 520 4365 868 4435; x_wconf 81' lang='lat' dir='ltr'>sanctaestEcclesia,quae</span> <span class='ocrx_word' id='word_1_641' title='bbox 879 4361 1073 4436; x_wconf 88' lang='lat' dir='ltr'>Dlongissimo</span> <span class='ocrx_word' id='word_1_642' title='bbox 1083 4372 1242 4437; x_wconf 89' lang='lat' dir='ltr'>temporum</span> <span class='ocrx_word' id='word_1_643' title='bbox 1254 4367 1346 4438; x_wconf 88' lang='lat' dir='ltr'>spatio</span> <span class='ocrx_word' id='word_1_644' title='bbox 1360 4368 1521 4423; x_wconf 89' lang='lat' dir='ltr'>tendantur.</span> <span class='ocrx_word' id='word_1_645' title='bbox 1538 4368 1618 4424; x_wconf 89' lang='lat' dir='ltr'>Unde</span> <span class='ocrx_word' id='word_1_646' title='bbox 1628 4374 1657 4424; x_wconf 88' lang='lat' dir='ltr'>et</span> <span class='ocrx_word' id='word_1_647' title='bbox 1666 4371 1711 4424; x_wconf 86' lang='lat' dir='ltr'>Ja-</span> 
     </span>
    </p>
   </div>
   <div class='ocr_carea' id='block_1_6' title="bbox 10 4438 1715 5508">
    <p class='ocr_par' dir='ltr' id='par_1_6' title="bbox 10 4438 1715 5508">
     <span class='ocr_line' id='line_1_48' title="bbox 102 4438 1710 4528; baseline 0.007 -27"><span class='ocrx_word' id='word_1_648' title='bbox 102 4439 215 4506; x_wconf 78' lang='lat' dir='ltr'>indivinis</span> <span class='ocrx_word' id='word_1_649' title='bbox 229 4451 506 4521; x_wconf 88' lang='lat' dir='ltr'>Scripturissensum</span> <span class='ocrx_word' id='word_1_650' title='bbox 523 4453 612 4523; x_wconf 87' lang='lat' dir='ltr'>magis</span> <span class='ocrx_word' id='word_1_651' title='bbox 628 4469 711 4524; x_wconf 90' lang='lat' dir='ltr'>quam</span> <span class='ocrx_word' id='word_1_652' title='bbox 724 4451 808 4506; x_wconf 88' lang='lat' dir='ltr'>verba</span> <span class='ocrx_word' id='word_1_653' title='bbox 823 4468 869 4506; x_wconf 89' lang='lat' dir='ltr'>re·</span> <span class='ocrx_word' id='word_1_654' title='bbox 910 4454 960 4508; x_wconf 90' lang='lat' dir='ltr'>oob</span> <span class='ocrx_word' id='word_1_655' title='bbox 975 4454 1105 4510; x_wconf 78' lang='lat' dir='ltr'>dicebat·</span> <span class='ocrx_word' id='word_1_656' title='bbox 1124 4455 1215 4510; x_wconf 76' lang='lat' dir='ltr'>«Dies</span> <span class='ocrx_word' id='word_1_657' title='bbox 1230 4456 1286 4511; x_wconf 89' lang='lat' dir='ltr'>mei</span> <span class='ocrx_word' id='word_1_658' title='bbox 1301 4457 1376 4528; x_wconf 90' lang='lat' dir='ltr'>parvi</span> <span class='ocrx_word' id='word_1_659' title='bbox 1392 4462 1420 4511; x_wconf 91' lang='lat' dir='ltr'>et</span> <span class='ocrx_word' id='word_1_660' title='bbox 1435 4457 1510 4512; x_wconf 88' lang='lat' dir='ltr'>mali.</span> <span class='ocrx_word' id='word_1_661' title='bbox 1526 4438 1540 4506; x_wconf 73' lang='grc' dir='ltr'><strong>ἶ</strong></span> <span class='ocrx_word' id='word_1_662' title='bbox 1557 4474 1571 4510; x_wconf 81' lang='lat' dir='ltr'>a</span> <span class='ocrx_word' id='word_1_663' title='bbox 1586 4458 1621 4512; x_wconf 86' lang='lat' dir='ltr'>Et</span> <span class='ocrx_word' id='word_1_664' title='bbox 1632 4458 1710 4513; x_wconf 90' lang='lat' dir='ltr'>vide·</span> 
     </span>
     <span class='ocr_line' id='line_1_49' title="bbox 10 4533 1710 4617; baseline 0.006 -26"><span class='ocrx_word' id='word_1_665' title='bbox 10 4586 11 4591; x_wconf 73' lang='grc'>,</span> <span class='ocrx_word' id='word_1_666' title='bbox 101 4533 171 4600; x_wconf 78' lang='lat' dir='ltr'>quirin</span> <span class='ocrx_word' id='word_1_667' title='bbox 180 4540 302 4611; x_wconf 76' lang='lat' dir='ltr'>lampas</span> <span class='ocrx_word' id='word_1_668' title='bbox 317 4557 402 4613; x_wconf 89' lang='lat' dir='ltr'>super</span> <span class='ocrx_word' id='word_1_669' title='bbox 411 4540 610 4597; x_wconf 88' lang='lat' dir='ltr'>caudelabrum</span> <span class='ocrx_word' id='word_1_670' title='bbox 626 4542 778 4596; x_wconf 90' lang='lat' dir='ltr'>Dominum</span> <span class='ocrx_word' id='word_1_671' title='bbox 793 4540 869 4596; x_wconf 91' lang='lat' dir='ltr'>desi·</span> <span class='ocrx_word' id='word_1_672' title='bbox 909 4542 980 4598; x_wconf 90' lang='lat' dir='ltr'>bunt</span> <span class='ocrx_word' id='word_1_673' title='bbox 991 4542 1113 4614; x_wconf 88' lang='lat' dir='ltr'>lapidem</span> <span class='ocrx_word' id='word_1_674' title='bbox 1128 4548 1277 4599; x_wconf 89' lang='lat' dir='ltr'>stanneum</span> <span class='ocrx_word' id='word_1_675' title='bbox 1294 4545 1322 4599; x_wconf 93' lang='lat' dir='ltr'>in</span> <span class='ocrx_word' id='word_1_676' title='bbox 1335 4561 1419 4600; x_wconf 91' lang='lat' dir='ltr'>manu</span> <span class='ocrx_word' id='word_1_677' title='bbox 1430 4545 1710 4617; x_wconf 89' lang='lat' dir='ltr'>Zorobabel.Septem</span> 
     </span>
     <span class='ocr_line' id='line_1_50' title="bbox 101 4628 1707 4704; baseline -0.001 -17"><span class='ocrx_word' id='word_1_678' title='bbox 101 4631 149 4687; x_wconf 77' lang='lat' dir='ltr'>goat</span> <span class='ocrx_word' id='word_1_679' title='bbox 158 4628 306 4695; x_wconf 84' lang='lat' dir='ltr'>Christum,</span> <span class='ocrx_word' id='word_1_680' title='bbox 323 4629 372 4701; x_wconf 90' lang='lat' dir='ltr'>qui</span> <span class='ocrx_word' id='word_1_681' title='bbox 386 4630 529 4685; x_wconf 91' lang='lat' dir='ltr'>illuminat</span> <span class='ocrx_word' id='word_1_682' title='bbox 543 4629 705 4696; x_wconf 83' lang='lat' dir='ltr'>Ecclesiam,</span> <span class='ocrx_word' id='word_1_683' title='bbox 721 4630 868 4702; x_wconf 88' lang='lat' dir='ltr'>quiquede</span> <span class='ocrx_word' id='word_1_684' title='bbox 910 4630 957 4685; x_wconf 91' lang='lat' dir='ltr'>isti</span> <span class='ocrx_word' id='word_1_685' title='bbox 971 4631 1044 4686; x_wconf 90' lang='lat' dir='ltr'>oculi</span> <span class='ocrx_word' id='word_1_686' title='bbox 1057 4632 1179 4697; x_wconf 90' lang='lat' dir='ltr'>Domini,</span> <span class='ocrx_word' id='word_1_687' title='bbox 1195 4634 1243 4704; x_wconf 94' lang='lat' dir='ltr'>qui</span> <span class='ocrx_word' id='word_1_688' title='bbox 1252 4633 1414 4689; x_wconf 89' lang='lat' dir='ltr'>discurrunt</span> <span class='ocrx_word' id='word_1_689' title='bbox 1424 4634 1451 4688; x_wconf 93' lang='lat' dir='ltr'>in</span> <span class='ocrx_word' id='word_1_690' title='bbox 1463 4635 1707 4699; x_wconf 79' lang='lat' dir='ltr'>universaterra,»</span> 
     </span>
     <span class='ocr_line' id='line_1_51' title="bbox 101 4710 1710 4794; baseline 0.004 -24"><span class='ocrx_word' id='word_1_691' title='bbox 101 4710 199 4770; x_wconf 58' lang='lat' dir='ltr'>hlud:</span> <span class='ocrx_word' id='word_1_692' title='bbox 213 4717 736 4790; x_wconf 80' lang='lat' dir='ltr'>aNemoaocenditluoemam,etponit</span> <span class='ocrx_word' id='word_1_693' title='bbox 746 4736 807 4773; x_wconf 90' lang='lat' dir='ltr'>eam</span> <span class='ocrx_word' id='word_1_694' title='bbox 818 4718 870 4773; x_wconf 93' lang='lat' dir='ltr'>sub</span> <span class='ocrx_word' id='word_1_695' title='bbox 910 4719 940 4773; x_wconf 94' lang='lat' dir='ltr'>id</span> <span class='ocrx_word' id='word_1_696' title='bbox 954 4720 1142 4775; x_wconf 83' lang='lat' dir='ltr'>estauxilium</span> <span class='ocrx_word' id='word_1_697' title='bbox 1152 4721 1313 4787; x_wconf 88' lang='lat' dir='ltr'>Salvatoris,</span> <span class='ocrx_word' id='word_1_698' title='bbox 1331 4722 1428 4794; x_wconf 87' lang='lat' dir='ltr'>quide</span> <span class='ocrx_word' id='word_1_699' title='bbox 1446 4721 1597 4776; x_wconf 90' lang='lat' dir='ltr'>Zorobabel</span> <span class='ocrx_word' id='word_1_700' title='bbox 1621 4722 1710 4793; x_wconf 89' lang='lat' dir='ltr'>stirpe</span> 
     </span>
     <span class='ocr_line' id='line_1_52' title="bbox 28 4799 1713 4882; baseline 0.008 -28"><span class='ocrx_word' id='word_1_701' title='bbox 28 4876 32 4881; x_wconf 28' lang='grc' dir='ltr'>ι</span> <span class='ocrx_word' id='word_1_702' title='bbox 101 4799 193 4867; x_wconf 57' lang='lat' dir='ltr'>unios</span> <span class='ocrx_word' id='word_1_703' title='bbox 205 4805 234 4860; x_wconf 91' lang='lat' dir='ltr'>id</span> <span class='ocrx_word' id='word_1_704' title='bbox 244 4810 287 4860; x_wconf 90' lang='lat' dir='ltr'>est</span> <span class='ocrx_word' id='word_1_705' title='bbox 296 4805 349 4860; x_wconf 91' lang='lat' dir='ltr'>sub</span> <span class='ocrx_word' id='word_1_706' title='bbox 360 4822 492 4862; x_wconf 90' lang='lat' dir='ltr'>mensura</span> <span class='ocrx_word' id='word_1_707' title='bbox 502 4807 582 4878; x_wconf 83' lang='lat' dir='ltr'>legis,</span> <span class='ocrx_word' id='word_1_708' title='bbox 598 4827 609 4859; x_wconf 77' lang='grc' dir='ltr'>ι</span> <span class='ocrx_word' id='word_1_709' title='bbox 623 4807 762 4879; x_wconf 86' lang='lat' dir='ltr'>sedsuper</span> <span class='ocrx_word' id='word_1_710' title='bbox 771 4808 872 4862; x_wconf 89' lang='lat' dir='ltr'>cande·</span> <span class='ocrx_word' id='word_1_711' title='bbox 911 4809 1044 4865; x_wconf 89' lang='lat' dir='ltr'>nascitur.</span> <span class='ocrx_word' id='word_1_712' title='bbox 1061 4811 1144 4882; x_wconf 85' lang='lat' dir='ltr'>Lapis</span> <span class='ocrx_word' id='word_1_713' title='bbox 1157 4816 1251 4866; x_wconf 90' lang='lat' dir='ltr'>autem</span> <span class='ocrx_word' id='word_1_714' title='bbox 1262 4817 1376 4865; x_wconf 83' lang='lat' dir='ltr'>vocatur</span> <span class='ocrx_word' id='word_1_715' title='bbox 1388 4809 1423 4864; x_wconf 92' lang='lat' dir='ltr'>ob</span> <span class='ocrx_word' id='word_1_716' title='bbox 1434 4811 1625 4865; x_wconf 87' lang='lat' dir='ltr'>fortitudinem</span> <span class='ocrx_word' id='word_1_717' title='bbox 1634 4811 1713 4868; x_wconf 89' lang='lat' dir='ltr'>insu·</span> 
     </span>
     <span class='ocr_line' id='line_1_53' title="bbox 100 4880 1713 4970; baseline 0.008 -26"><span class='ocrx_word' id='word_1_718' title='bbox 100 4880 261 4960; x_wconf 61' lang='lat' dir='ltr'>biunna</span> <span class='ocrx_word' id='word_1_719' title='bbox 276 4895 517 4966; x_wconf 84' lang='lat' dir='ltr'>estquvangelii</span> <span class='ocrx_word' id='word_1_720' title='bbox 531 4895 670 4957; x_wconf 88' lang='lat' dir='ltr'>libertate,</span> <span class='ocrx_word' id='word_1_721' title='bbox 682 4913 737 4968; x_wconf 92' lang='lat' dir='ltr'>quo</span> <span class='ocrx_word' id='word_1_722' title='bbox 749 4897 872 4952; x_wconf 81' lang='lat' dir='ltr'>Ecclesia</span> <span class='ocrx_word' id='word_1_723' title='bbox 912 4897 1075 4970; x_wconf 87' lang='lat' dir='ltr'>parabilem.</span> <span class='ocrx_word' id='word_1_724' title='bbox 1093 4900 1186 4963; x_wconf 87' lang='lat' dir='ltr'>Quare</span> <span class='ocrx_word' id='word_1_725' title='bbox 1216 4905 1311 4953; x_wconf 91' lang='lat' dir='ltr'>autem</span> <span class='ocrx_word' id='word_1_726' title='bbox 1340 4898 1413 4970; x_wconf 87' lang='lat' dir='ltr'>lapis</span> <span class='ocrx_word' id='word_1_727' title='bbox 1436 4901 1597 4955; x_wconf 76' lang='lat' dir='ltr'>stanneus?</span> <span class='ocrx_word' id='word_1_728' title='bbox 1612 4901 1713 4958; x_wconf 88' lang='lat' dir='ltr'>Stuuni</span> 
     </span>
     <span class='ocr_line' id='line_1_54' title="bbox 10 4970 1709 5063; baseline 0.007 -27"><span class='ocrx_word' id='word_1_729' title='bbox 10 5006 13 5013; x_wconf 96' lang='lat'>·</span> <span class='ocrx_word' id='word_1_730' title='bbox 100 4970 239 5038; x_wconf 75' lang='lat' dir='ltr'>limantur.</span> <span class='ocrx_word' id='word_1_731' title='bbox 262 4983 398 5038; x_wconf 76' lang='lat' dir='ltr'>Lucerna</span> <span class='ocrx_word' id='word_1_732' title='bbox 422 4991 529 5057; x_wconf 88' lang='lat' dir='ltr'>septem</span> <span class='ocrx_word' id='word_1_733' title='bbox 553 4991 581 5040; x_wconf 90' lang='lat' dir='ltr'>et</span> <span class='ocrx_word' id='word_1_734' title='bbox 602 4985 739 5039; x_wconf 85' lang='lat' dir='ltr'>inlusoria</span> <span class='ocrx_word' id='word_1_735' title='bbox 762 5002 870 5054; x_wconf 89' lang='lat' dir='ltr'>eorum,</span> <span class='ocrx_word' id='word_1_736' title='bbox 913 4994 1044 5042; x_wconf 90' lang='lat' dir='ltr'>naturam</span> <span class='ocrx_word' id='word_1_737' title='bbox 1061 4988 1168 5053; x_wconf 88' lang='lat' dir='ltr'>dicunt,</span> <span class='ocrx_word' id='word_1_738' title='bbox 1183 4988 1283 5043; x_wconf 88' lang='lat' dir='ltr'>utalia</span> <span class='ocrx_word' id='word_1_739' title='bbox 1298 4987 1413 5041; x_wconf 89' lang='lat' dir='ltr'>metalla</span> <span class='ocrx_word' id='word_1_740' title='bbox 1427 4988 1559 5045; x_wconf 80' lang='lat' dir='ltr'>defendat</span> <span class='ocrx_word' id='word_1_741' title='bbox 1576 4991 1612 5046; x_wconf 91' lang='lat' dir='ltr'>ab</span> <span class='ocrx_word' id='word_1_742' title='bbox 1634 4991 1709 5063; x_wconf 84' lang='lat' dir='ltr'>igne.</span> 
     </span>
     <span class='ocr_line' id='line_1_55' title="bbox 99 5067 1708 5149; baseline 0.011 -29"><span class='ocrx_word' id='word_1_743' title='bbox 99 5067 356 5144; x_wconf 75' lang='lat' dir='ltr'>narnenSpiritus</span> <span class='ocrx_word' id='word_1_744' title='bbox 370 5073 470 5139; x_wconf 88' lang='lat' dir='ltr'>sancti,</span> <span class='ocrx_word' id='word_1_745' title='bbox 487 5089 538 5145; x_wconf 90' lang='lat' dir='ltr'>per</span> <span class='ocrx_word' id='word_1_746' title='bbox 552 5090 637 5146; x_wconf 89' lang='lat' dir='ltr'>quam</span> <span class='ocrx_word' id='word_1_747' title='bbox 649 5075 741 5128; x_wconf 91' lang='lat' dir='ltr'>oleum</span> <span class='ocrx_word' id='word_1_748' title='bbox 765 5074 873 5129; x_wconf 90' lang='lat' dir='ltr'>miseri·</span> <span class='ocrx_word' id='word_1_749' title='bbox 914 5069 984 5131; x_wconf 82' lang='lat' dir='ltr'>Cum</span> <span class='ocrx_word' id='word_1_750' title='bbox 1002 5077 1076 5131; x_wconf 92' lang='lat' dir='ltr'>enim</span> <span class='ocrx_word' id='word_1_751' title='bbox 1091 5077 1149 5131; x_wconf 90' lang='lat' dir='ltr'>sint</span> <span class='ocrx_word' id='word_1_752' title='bbox 1163 5077 1276 5131; x_wconf 86' lang='lat' dir='ltr'>duriora</span> <span class='ocrx_word' id='word_1_753' title='bbox 1295 5093 1346 5147; x_wconf 91' lang='lat' dir='ltr'>per</span> <span class='ocrx_word' id='word_1_754' title='bbox 1374 5083 1504 5133; x_wconf 90' lang='lat' dir='ltr'>naturam</span> <span class='ocrx_word' id='word_1_755' title='bbox 1530 5081 1708 5149; x_wconf 67' lang='lat' dir='ltr'>salemum,</span> 
     </span>
     <span class='ocr_line' id='line_1_56' title="bbox 100 5152 1709 5238; baseline 0.008 -26"><span class='ocrx_word' id='word_1_756' title='bbox 100 5152 178 5211; x_wconf 58' lang='lat' dir='ltr'>‘aliie</span> <span class='ocrx_word' id='word_1_757' title='bbox 188 5158 286 5214; x_wconf 71' lang='lat' dir='ltr'>urina</span> <span class='ocrx_word' id='word_1_758' title='bbox 301 5168 523 5232; x_wconf 85' lang='lat' dir='ltr'>cunctarumque</span> <span class='ocrx_word' id='word_1_759' title='bbox 538 5162 675 5216; x_wconf 88' lang='lat' dir='ltr'>virtutum</span> <span class='ocrx_word' id='word_1_760' title='bbox 690 5162 812 5216; x_wconf 87' lang='lat' dir='ltr'>Ecclesia</span> <span class='ocrx_word' id='word_1_761' title='bbox 822 5179 871 5217; x_wconf 92' lang='lat' dir='ltr'>su·</span> <span class='ocrx_word' id='word_1_762' title='bbox 913 5165 1111 5237; x_wconf 84' lang='lat' dir='ltr'>caeteraque,si</span> <span class='ocrx_word' id='word_1_763' title='bbox 1120 5165 1225 5238; x_wconf 90' lang='lat' dir='ltr'>absque</span> <span class='ocrx_word' id='word_1_764' title='bbox 1235 5171 1336 5221; x_wconf 89' lang='lat' dir='ltr'>stanno</span> <span class='ocrx_word' id='word_1_765' title='bbox 1351 5167 1457 5222; x_wconf 79' lang='lat' dir='ltr'>fornaci</span> <span class='ocrx_word' id='word_1_766' title='bbox 1473 5167 1579 5223; x_wconf 83' lang='lat' dir='ltr'>fuerint</span> <span class='ocrx_word' id='word_1_767' title='bbox 1593 5171 1709 5238; x_wconf 84' lang='lat' dir='ltr'>tradita,</span> 
     </span>
     <span class='ocr_line' id='line_1_57' title="bbox 99 5237 1709 5328; baseline 0.012 -31"><span class='ocrx_word' id='word_1_768' title='bbox 99 5237 170 5310; x_wconf 79' lang='lat' dir='ltr'>sulpit,</span> <span class='ocrx_word' id='word_1_769' title='bbox 184 5246 249 5302; x_wconf 81' lang='lat' dir='ltr'>Duae</span> <span class='ocrx_word' id='word_1_770' title='bbox 263 5248 352 5314; x_wconf 75' lang='lat' dir='ltr'>oliva,</span> <span class='ocrx_word' id='word_1_771' title='bbox 368 5250 482 5322; x_wconf 83' lang='lat' dir='ltr'>Moyses</span> <span class='ocrx_word' id='word_1_772' title='bbox 491 5256 520 5304; x_wconf 89' lang='lat' dir='ltr'>et</span> <span class='ocrx_word' id='word_1_773' title='bbox 542 5250 626 5316; x_wconf 89' lang='lat' dir='ltr'>Elias,</span> <span class='ocrx_word' id='word_1_774' title='bbox 645 5251 693 5322; x_wconf 92' lang='lat' dir='ltr'>qui</span> <span class='ocrx_word' id='word_1_775' title='bbox 719 5251 748 5304; x_wconf 94' lang='lat' dir='ltr'>in</span> <span class='ocrx_word' id='word_1_776' title='bbox 777 5258 873 5307; x_wconf 90' lang='lat' dir='ltr'>monte</span> <span class='ocrx_word' id='word_1_777' title='bbox 915 5264 1044 5310; x_wconf 71' lang='lat' dir='ltr'>uruntur,</span> <span class='ocrx_word' id='word_1_778' title='bbox 1064 5257 1109 5311; x_wconf 88' lang='lat' dir='ltr'>Sic</span> <span class='ocrx_word' id='word_1_779' title='bbox 1125 5262 1154 5310; x_wconf 89' lang='lat' dir='ltr'>et</span> <span class='ocrx_word' id='word_1_780' title='bbox 1167 5258 1333 5328; x_wconf 82' lang='lat' dir='ltr'>angelorum</span> <span class='ocrx_word' id='word_1_781' title='bbox 1348 5263 1377 5312; x_wconf 91' lang='lat' dir='ltr'>et</span> <span class='ocrx_word' id='word_1_782' title='bbox 1400 5259 1545 5313; x_wconf 90' lang='lat' dir='ltr'>hominum</span> <span class='ocrx_word' id='word_1_783' title='bbox 1565 5259 1709 5328; x_wconf 85' lang='lat' dir='ltr'>fortitudo,</span> 
     </span>
     <span class='ocr_line' id='line_1_58' title="bbox 100 5333 1712 5418; baseline 0.011 -32"><span class='ocrx_word' id='word_1_784' title='bbox 100 5333 267 5390; x_wconf 70' lang='lat' dir='ltr'>cannabino</span> <span class='ocrx_word' id='word_1_785' title='bbox 275 5340 476 5410; x_wconf 78' lang='lat' dir='ltr'>transfigurato</span> <span class='ocrx_word' id='word_1_786' title='bbox 485 5340 874 5412; x_wconf 70' lang='lat' dir='ltr'>apparueruntetloquebau·</span> <span class='ocrx_word' id='word_1_787' title='bbox 914 5345 938 5399; x_wconf 90' lang='lat' dir='ltr'>si</span> <span class='ocrx_word' id='word_1_788' title='bbox 952 5361 1009 5399; x_wconf 92' lang='lat' dir='ltr'>non</span> <span class='ocrx_word' id='word_1_789' title='bbox 1024 5345 1155 5399; x_wconf 89' lang='lat' dir='ltr'>habuerit</span> <span class='ocrx_word' id='word_1_790' title='bbox 1166 5345 1292 5401; x_wconf 88' lang='lat' dir='ltr'>divinum</span> <span class='ocrx_word' id='word_1_791' title='bbox 1305 5347 1562 5418; x_wconf 81' lang='lat' dir='ltr'>auxilium,frogilis</span> <span class='ocrx_word' id='word_1_792' title='bbox 1581 5354 1610 5403; x_wconf 92' lang='lat' dir='ltr'>et</span> <span class='ocrx_word' id='word_1_793' title='bbox 1623 5348 1712 5404; x_wconf 90' lang='lat' dir='ltr'>imbo-</span> 
     </span>
     <span class='ocr_line' id='line_1_59' title="bbox 97 5420 1715 5508; baseline 0.009 -31"><span class='ocrx_word' id='word_1_794' title='bbox 97 5420 136 5470; x_wconf 69' lang='lat' dir='ltr'>lur</span> <span class='ocrx_word' id='word_1_795' title='bbox 145 5437 173 5478; x_wconf 81' lang='lat' dir='ltr'>ea</span> <span class='ocrx_word' id='word_1_796' title='bbox 183 5442 241 5497; x_wconf 81' lang='lat' dir='ltr'>qua</span> <span class='ocrx_word' id='word_1_797' title='bbox 255 5443 390 5499; x_wconf 77' lang='lat' dir='ltr'>passuum</span> <span class='ocrx_word' id='word_1_798' title='bbox 405 5434 467 5483; x_wconf 88' lang='lat' dir='ltr'>erat</span> <span class='ocrx_word' id='word_1_799' title='bbox 481 5428 510 5483; x_wconf 91' lang='lat' dir='ltr'>in</span> <span class='ocrx_word' id='word_1_800' title='bbox 537 5428 724 5485; x_wconf 82' lang='lat' dir='ltr'>Hierusalem.</span> <span class='ocrx_word' id='word_1_801' title='bbox 738 5430 873 5484; x_wconf 90' lang='lat' dir='ltr'>Nonnulli</span> <span class='ocrx_word' id='word_1_802' title='bbox 914 5433 986 5487; x_wconf 92' lang='lat' dir='ltr'>oillis</span> <span class='ocrx_word' id='word_1_803' title='bbox 994 5439 1045 5487; x_wconf 89' lang='lat' dir='ltr'>est.</span> <span class='ocrx_word' id='word_1_804' title='bbox 1057 5433 1140 5504; x_wconf 89' lang='lat' dir='ltr'>Lapis</span> <span class='ocrx_word' id='word_1_805' title='bbox 1151 5450 1217 5505; x_wconf 84' lang='lat' dir='ltr'>ergo</span> <span class='ocrx_word' id='word_1_806' title='bbox 1228 5443 1362 5490; x_wconf 89' lang='lat' dir='ltr'>stanneus</span> <span class='ocrx_word' id='word_1_807' title='bbox 1370 5441 1484 5490; x_wconf 88' lang='lat' dir='ltr'>vocatur</span> <span class='ocrx_word' id='word_1_808' title='bbox 1497 5436 1635 5503; x_wconf 83' lang='lat' dir='ltr'>Christus,</span> <span class='ocrx_word' id='word_1_809' title='bbox 1647 5435 1715 5508; x_wconf 87' lang='lat' dir='ltr'>quia</span> 
     </span>
    </p>
   </div>
   <div class='ocr_carea' id='block_1_7' title="bbox 99 5504 1713 5684">
    <p class='ocr_par' dir='ltr' id='par_1_7' title="bbox 99 5504 1713 5684">
     <span class='ocr_line' id='line_1_60' title="bbox 99 5504 1713 5607; baseline 0.014 -48"><span class='ocrx_word' id='word_1_810' title='bbox 99 5504 243 5572; x_wconf 85' lang='lat' dir='ltr'>dvasolivas</span> <span class='ocrx_word' id='word_1_811' title='bbox 255 5532 274 5572; x_wconf 91' lang='lat' dir='ltr'>a</span> <span class='ocrx_word' id='word_1_812' title='bbox 287 5516 431 5575; x_wconf 83' lang='lat' dir='ltr'>dextriset</span> <span class='ocrx_word' id='word_1_813' title='bbox 456 5535 474 5575; x_wconf 90' lang='lat' dir='ltr'>a</span> <span class='ocrx_word' id='word_1_814' title='bbox 496 5518 628 5590; x_wconf 86' lang='lat' dir='ltr'>sinistris,</span> <span class='ocrx_word' id='word_1_815' title='bbox 644 5518 826 5592; x_wconf 81' lang='lat' dir='ltr'>Evangelium</span> <span class='ocrx_word' id='word_1_816' title='bbox 846 5524 876 5577; x_wconf 88' lang='lat' dir='ltr'>et</span> <span class='ocrx_word' id='word_1_817' title='bbox 915 5521 991 5578; x_wconf 89' lang='lat' dir='ltr'>sicut</span> <span class='ocrx_word' id='word_1_818' title='bbox 1004 5524 1261 5607; x_wconf 80' lang='lat' dir='ltr'>stanuummetalla</span> <span class='ocrx_word' id='word_1_819' title='bbox 1272 5523 1564 5607; x_wconf 79' lang='lat' dir='ltr'>mistaetadulterata</span> <span class='ocrx_word' id='word_1_820' title='bbox 1572 5524 1713 5590; x_wconf 80' lang='lat' dir='ltr'>dissociat.</span> 
     </span>
     <span class='ocr_line' id='line_1_61' title="bbox 198 5613 1595 5684; baseline 0.023 -5"><span class='ocrx_word' id='word_1_821' title='bbox 198 5613 332 5680; x_wconf 63' lang='lat' dir='ltr'>aanor„</span> <span class='ocrx_word' id='word_1_822' title='bbox 347 5616 466 5684; x_wconf 77' lang='lat' dir='ltr'>cxvii.</span> <span class='ocrx_word' id='word_1_823' title='bbox 1574 5624 1595 5683; x_wconf 83' lang='lat'>⁸</span> 
     </span>
    </p>
   </div>
   <div class='ocr_carea' id='block_1_8' title="bbox 0 0 1933 6100">
    <p class='ocr_par' dir='ltr' id='par_1_8' title="bbox 0 0 1933 6100">
     <span class='ocr_line' id='line_1_62' title="bbox 0 0 1933 6100; baseline 0 0"><span class='ocrx_word' id='word_1_824' title='bbox 0 0 1933 6100; x_wconf 95' lang='lat' dir='ltr'> </span> 
     </span>
    </p>
   </div>
  </div>
 </body>
</html>
