3818 6104
89 257 144 315 145
556 268 763 328 ENARRATIO
783 273 821 329 IN
841 274 1020 329 MleHAEau
1040 270 1270 329 PROPHETAM.
1680 273 1733 330 tlt

88 381 229 452 spoliatus
245 386 275 438 et
288 386 391 440 nudus.
405 387 496 452 «Quia
506 388 704 459 desperataest
712 394 794 463 plaga
804 396 890 464 ejus»
901 397 1217 467 Aeniminterpretatur
1229 397 1360 450 Ramath.
1373 397 1404 451 ln
1419 396 1607 451 amaritudine
1617 396 1691 451 enim
1704 402 1732 453 et

88 468 176 522 idest
200 470 346 537 Samaria,
363 477 391 527 et
419 474 492 528 idem
521 485 666 544 peceatum
691 489 776 549 atque
795 483 891 536 eadem
935 485 1451 556 tristitiapopnluscumregeEzechia
1471 485 1642 547 morabatur,
1661 486 1732 541 Sen-

89 572 173 626 poena
188 575 247 629 qua
260 559 437 615 subverterat
453 563 618 623 Samariam,
631 567 843 638 tetigitludam,
865 577 893 624 et
934 573 1066 626 naclrerih
1081 590 1128 626 eos
1144 573 1300 627 obsidente.
1320 592 1332 624 a
1349 574 1422 637 Quia
1435 573 1579 627 descendit
1593 575 1699 627 malum
1713 590 1731 628 a

88 647 220 716 pervenit
237 664 329 719 usque
352 650 386 704 ad
403 656 512 721 portam
525 653 709 709 Hierusalem.
725 657 802 711 Sicut
816 659 890 713 eninr
933 659 1052 714 Domino
1066 663 1094 714 in
1107 667 1215 732 portam
1237 661 1401 715 Jerusalem.
1420 681 1431 712 ›
1448 663 1519 716 Nam
1539 678 1586 715 rex
1600 663 1730 732 Assyrio·

87 734 218 789 Samaria
234 736 370 792 subversa
394 744 437 793 est
457 739 492 794 ab
507 742 641 812 Assyriis,
659 745 698 797 ita
715 746 889 800 Hierusalem
931 765 1005 812 rum,
1021 755 1130 804 vastata
1145 751 1280 815 Samaria,
1311 751 1386 804 venit
1413 756 1510 804 contra
1536 749 1726 817 Hierusalem,

13 818 16 822 ’
86 822 279 879 subvertenda
293 832 365 881 esta
380 828 526 882 Chaldaeis.
544 831 608 884 Hae
618 833 711 886 omnia
724 836 839 904 mystice
849 853 890 890 re·
932 838 1043 906 quando
1054 839 1397 908 etRhapsacesmissusde
1412 839 1513 892 Lachis
1522 838 1558 892 ad
1568 839 1727 908 Ezechiam,

84 913 202 968 terenda
216 920 284 970 sunt
311 916 346 969 ad
368 916 522 984 haereticos,
540 919 640 989 quibus
666 923 789 976 minatur
813 925 887 980 Deus
931 931 961 978 ut
970 943 999 979 se
1009 927 1422 997 traderetAssyriis,insultans
1431 926 1549 982 llomino
1566 937 1594 982 et
1607 929 1701 983 dicens
1717 947 1724 982 :

86 1000 299 1058 subversionem
310 1005 419 1071 utilem,
435 1012 468 1059 ut
482 1024 545 1061 cum
560 1009 703 1064 destructa
717 1013 822 1066 fuerint
837 1031 887 1084 per
929 1014 1030 1078 Quidsi
1046 1019 1140 1085 posset
1155 1015 1274 1068 liberare
1287 1015 1421 1085 populum
1434 1032 1516 1069 suum
1531 1015 1565 1070 de
1576 1033 1662 1071 manu
1677 1019 1716 1071 Ac

82 1088 452 1163 diversaeorumdogmata,
462 1096 548 1150 etillo
560 1097 623 1166 igne
635 1116 767 1153 succensa
782 1101 816 1154 de
830 1119 884 1172 quo
926 1104 1086 1173 syriorum?

80 1178 304 1235 Dominusdicit:
314 1182 427 1252 elguem
438 1184 499 1237 veni
506 1185 618 1239 mittere
628 1187 656 1241 in
666 1192 883 1259 terr·am,»plan·
965 1212 975 1242 ι
992 1193 1141 1246 Tumultus
1156 1193 1308 1262 quadrigae,
1318 1198 1433 1263 stupore
1447 1193 1585 1248 habitanti
1593 1194 1723 1250 Lachisa

78 1273 145 1333 gent
157 1283 356 1335 erroressuos,
366 1272 508 1326 resolvant
516 1273 551 1327 de
561 1274 883 1346 pedibuscalceamenta,
926 1280 1026 1333 Laeliis
1042 1281 1138 1334 civitas
1155 1287 1197 1335 est
1209 1280 1296 1346 Judae,
1313 1298 1374 1351 quse
1390 1282 1509 1352 primaa
1523 1283 1620 1337 decem
1632 1283 1725 1338 tribu-

78 1352 190 1421 hocest,
215 1364 392 1412 mortuorum
404 1360 642 1432 operaabjiciant.
659 1365 777 1420 Maxime
788 1373 882 1423 autem
926 1367 976 1421 bus
985 1370 1093 1440 accepit
1108 1370 1192 1430 idola,
1207 1375 1235 1423 et
1261 1386 1312 1439 per
1336 1387 1397 1423 eam
1414 1371 1544 1440 pervenit
1566 1370 1725 1426 idololatria

77 1449 232 1513 propterea
246 1446 393 1515 plangunt,
410 1449 475 1518 quia
501 1466 624 1504 errorem
648 1469 728 1506 suum
746 1455 881 1512 etiamad
922 1458 1061 1527 usquead
1078 1458 1310 1511 HierusalemEt
1335 1459 1668 1526 estsensus:0Lachis,
1689 1463 1717 1515 et

73 1528 203 1584 Judaeam
215 1532 339 1599 thocest,
364 1535 400 1587 ad
416 1535 659 1608 virescatholicos)
672 1541 821 1596 uoluerunt
835 1545 879 1598 in·
921 1545 956 1597 ad
972 1552 999 1598 te
1015 1546 1156 1615 perveniet
1171 1547 1311 1616 equitatus
1328 1554 1355 1600 et
1373 1548 1512 1601 tumultus
1525 1547 1717 1618 Assyriorum,

70 1618 234 1686 traducere,
244 1622 293 1676 sed
305 1638 359 1676 nou
371 1629 533 1694 potuerunt.
542 1626 751 1682 Pervenitenim
763 1633 797 1684 ad
811 1649 876 1702 per·
920 1633 967 1702 qui
983 1640 1010 1686 te
1026 1642 1115 1688 vertet
1130 1635 1159 1688 in
1174 1642 1329 1704 stuporem.
1343 1636 1542 1705 «Principium
1556 1635 1662 1704 peccati
1674 1640 1718 1690 est

71 1714 113 1760 tas
125 1708 166 1775 (id
177 1715 232 1775 est,
256 1714 351 1781 aures)
364 1714 459 1783 populi
471 1714 530 1779 Dei.
545 1716 594 1770 sed
604 1717 744 1772 civitatem
757 1737 812 1774 non
828 1740 875 1792 po·
886 1703 908 1762 Β
918 1722 982 1774 filim
995 1722 1072 1784 Sion,
1103 1725 1179 1793 quia,
1197 1724 1358 1778 «subaudis
1381 1724 1410 1777 in
1431 1730 1468 1789 te,
1487 1744 1499 1774 a
1516 1723 1629 1777 inventa
1649 1729 1717 1778 sunt

69 1797 122 1849 tuit
133 1804 299 1868 penetrare,
316 1802 369 1855 hoc
380 1807 432 1868 est,
450 1810 574 1857 mentem
600 1805 630 1858 in
654 1807 707 1861 fide
726 1809 874 1864 solidatam
915 1811 1021 1863 scelera
1032 1812 1118 1864 lsrael
1135 1832 1145 1861 ι
1162 1818 1287 1881 otperto
1299 1813 1378 1882 quasi
1395 1829 1446 1882 per
1460 1817 1568 1882 portam
1584 1812 1714 1882 impietas

69 1899 124 1939 nou
138 1887 232 1941 valuit
245 1889 384 1959 decipere.
914 1899 1009 1952 decem
1023 1899 1146 1953 tribuum
1164 1900 1294 1969 migrarit
1307 1900 1342 1953 ad
1360 1900 1547 1954 llierusalem.

106 1975 164 2028 «ln
175 1975 250 2030 Geth
261 1977 349 2031 nolite
361 1980 545 2035 annuntiare:
560 1982 691 2053 lacrymis
701 1988 869 2057 neploretis;
951 2008 961 2037 c
977 1990 1129 2058 Propterea
1139 1988 1216 2041 dabit
1230 1989 1390 2042 emissarios
1406 2004 1491 2058 super
1518 1988 1713 2044 haereditatem

66 2062 95 2116 in
109 2063 196 2118 domo
220 2066 345 2136 pulveris
368 2068 481 2138 pulvere
495 2087 544 2124 ros
559 2074 745 2143 conspergite.
763 2095 775 2124 a
797 2077 870 2131 Geth
912 2074 985 2127 Geth
1002 2077 1121 2129 :domus
1137 2077 1275 2130 mendacii
1290 2077 1318 2129 in
1333 2077 1526 2146 deceptionem
1545 2076 1658 2146 regibus
1673 2078 1712 2132 ls-

66 2158 172 2207 unaest
182 2170 216 2207 ex
228 2155 355 2226 quinque
364 2157 523 2212 civitatibus
534 2160 757 2228 philistinorum,
768 2165 802 2217 de
813 2182 868 2235 qua
910 2163 977 2214 rael·
997 2182 1008 2212 ι
1025 2164 1088 2216 Nou
1103 2163 1193 2216 solum
1209 2163 1320 2232 (inquit)
1338 2179 1422 2232 super
1446 2163 1545 2216 Lachis
1565 2165 1714 2234 quadriga

62 2239 115 2294 fuit
125 2241 511 2303 GoliathGethaeus,Scimus
530 2254 623 2302 autem
633 2251 699 2320 quia
710 2251 867 2308 Philisthaei
909 2250 1021 2303 venient
1033 2258 1061 2304 et
1075 2252 1223 2314 tumultus,
1235 2252 1284 2304 sed
1295 2257 1323 2304 et
1332 2268 1416 2321 super
1424 2251 1506 2315 Geth,
1524 2268 1584 2321 (11¹ae
1599 2257 1710 2307 estme-

60 2329 169 2384 inimici
182 2348 298 2403 semper
311 2339 392 2388 erant
406 2334 522 2390 «ludaeis.
536 2337 608 2391 Dicit
623 2355 690 2408 ergo
705 2342 841 2412 propheta
857 2361 863 2396 :
909 2340 1026 2408 tropolis
1034 2340 1196 2393 Palaestina.
1210 2339 1377 2392 Emissarios
1397 2344 1492 2393 autem
1506 2343 1586 2393 vocat
1598 2339 1709 2395 latrun-

60 2418 157 2474 Nolite
167 2421 373 2478 annuntiarein
384 2425 458 2479 Geth
472 2426 576 2480 malum
587 2429 661 2497 quod
679 2430 866 2499 praedieoren-
908 2427 995 2488 culos,
1013 2444 1082 2497 quos
1098 2445 1146 2481 rex
1156 2428 1336 2497 Assyriorum
1358 2427 1487 2481 mittebat
1502 2428 1531 2481 in
1547 2428 1630 2494 Geth,
1646 2446 1708 2499 quae

59 2512 157 2562 turum
186 2526 223 2564 ne
251 2511 382 2566 latentur
396 2513 501 2568 inimici
532 2517 650 2569 restria
667 2518 811 2589 Lacrymis
830 2536 866 2573 ne
908 2521 970 2568 erat
984 2516 1084 2569 domus
1098 2516 1273 2581 idololatriae,
1288 2517 1411 2586 urbsque
1427 2516 1574 2578 mendacii,
1590 2533 1708 2588 quaequo

58 2597 190 2666 ploretis,
206 2598 404 2671 ›lieetpectus
419 2602 544 2657 dolorem
559 2605 671 2671 habeat,
688 2607 864 2662 dissimulate
907 2606 937 2658 in
952 2604 1145 2675 deceptionem
1160 2605 1254 2657 suerat
1268 2605 1381 2674 regibus
1395 2604 1491 2658 Israel·

60 2684 160 2739 fletum
169 2701 206 2740 ne
220 2687 365 2757 gaudeant
379 2689 485 2744 inimici
512 2692 631 2746 vestri«
656 2695 688 2747 ln
702 2695 784 2748 domo
800 2697 862 2766 pul·
942 2712 953 2743 c
972 2693 1069 2746 Adhuc
1085 2693 1224 2746 haeredem
1240 2693 1376 2746 adducam
1392 2692 1454 2756 tibi,
1471 2709 1532 2763 quae
1552 2693 1662 2747 habitas
1676 2695 1705 2748 in

58 2774 377 2848 reris,»hocest,quae
388 2780 499 2834 ruitura
515 2782 649 2848 est,etiu
664 2783 806 2859 pulverem
822 2801 864 2839 re·
906 2783 1055 2847 «heresa,
1075 2801 1085 2831 ι
1104 2782 1133 2834 id
1148 2788 1190 2834 est
1205 2782 1233 2835 in
1249 2782 1421 2836 haereditate.
1449 2781 1593 2836 Haeredem
1609 2788 1705 2836 autem

58 2861 194 2933 digenda.
207 2864 249 2919 lbi
256 2882 304 2920 ros
315 2867 429 2937 pulvere
437 2870 623 2940 conspergite,
636 2887 692 2925 non
707 2872 736 2925 in
751 2872 860 2943 plateis,
903 2875 982 2922 vocat
999 2870 1149 2923 adrentum
1165 2869 1301 2926 hostium.
1322 2869 1397 2922 llicit
1407 2885 1474 2939 ergo
1490 2870 1564 2923 Deus
1579 2885 1702 2940 perpro-

58 2966 93 3005 ne
109 2953 210 3007 hostes
220 2955 305 3008 vestri
319 2955 432 3011 videant
444 2962 472 3010 et
485 2958 624 3012 laetentur.
904 2958 1028 3028 phetam,
1042 2959 1116 3028 quod
1127 2958 1186 3029 ipse
1199 2959 1320 3012 adducat
1332 2958 1462 3029 Assyrios
1480 2958 1527 3027 qui
1538 2957 1701 3012 hereditate

95 3060 107 3091 ι
127 3042 163 3096 Et
173 3043 294 3097 transite
313 3044 391 3099 robis
405 3045 541 3101 habitatio
555 3048 681 3118 pulchra,
697 3050 815 3103 confusa
833 3016 891 3105 etC
902 3047 1065 3117 possideant
1078 3048 1162 3111 Geth,
1173 3063 1206 3100 eo
1222 3047 1295 3117 quod
1307 3047 1391 3101 luerit
1404 3047 1434 3100 in
1447 3047 1640 3117 deceptionem
1654 3062 1703 3100 res

58 3128 224 3199 ignominia.
241 3132 321 3186 »Pro
334 3134 460 3203 pulchra,
482 3136 670 3207 Septuaginta
690 3138 781 3208 ipsum
797 3156 859 3193 rer·
900 3135 982 3204 gibus
994 3135 1089 3189 lsrael.
1109 3154 1122 3187 c
1138 3136 1232 3206 Usque
1246 3136 1281 3189 ad
1297 3135 1424 3190 Odollam
1448 3135 1541 3189 reniet
1558 3134 1649 3206 gloria
1661 3135 1701 3189 ls-

59 3215 126 3271 hum
136 3218 305 3275 Hebraicum
315 3219 479 3292 posuerunt,
490 3225 682 3293 scaplu'r.Tam
698 3227 773 3279 enim
789 3228 860 3298 Syra
901 3225 968 3280 rael.
987 3245 999 3276 a
1011 3224 1110 3278 Odella
1123 3224 1298 3278 nobilissima
1325 3231 1387 3278 erat
1410 3225 1506 3277 civitas
1522 3225 1596 3278 inter
1615 3222 1699 3278 urbes

61 3322 143 3376 quam
158 3309 297 3364 Hebraica
311 3310 408 3381 lingua
423 3313 533 3383 scaphir
547 3314 665 3384 pulchra
681 3315 856 3386 dicitur‚quo
899 3312 1070 3377 ludaeorum,
1080 3314 1114 3365 ad
1127 3329 1210 3382 quam
1224 3312 1309 3366 etiam
1325 3312 1392 3366 dicit
1403 3317 1599 3382 perventuram
1612 3314 1699 3367 hosti·

63 3398 172 3453 nomine
197 3399 327 3455 Samaria
354 3408 475 3468 vocatur,
493 3403 559 3474 quia
582 3403 611 3457 in
626 3405 814 3474 pulcherrimo
829 3412 858 3460 et
897 3400 1006 3453 litatem
1020 3401 1341 3471 Assyriorquuidam
1353 3401 1462 3455 codices
1476 3400 1589 3462 habent,
1605 3422 1615 3452 c
1633 3402 1699 3458 Glo-

63 3485 199 3542 uberrimo
207 3489 267 3543 1000
279 3490 335 3543 sita
345 3496 414 3544 erat,
427 3491 609 3562 chltlll'el'gss
626 3494 660 3546 ad
676 3510 737 3546 gam
752 3514 756 3546 ;
775 3494 856 3548 OSS-
897 3488 1044 3554 rialsrael,
1062 3508 1074 3540 l)
1091 3494 1124 3542 ut
1138 3490 1174 3542 Sit
1188 3506 1287 3542 sensus
1305 3508 1310 3540 ἰ
1327 3489 1427 3541 Venltb
1442 3489 1489 3541 illa
1500 3490 1648 3559 captivitas
1660 3491 1695 3544 de

65 3576 147 3628 maria
153 3577 270 3648 pulchra
278 3584 306 3632 et
313 3578 424 3646 fertilis,
432 3579 498 3650 quia
510 3581 624 3635 confusa
642 3598 670 3635 es
689 3582 851 3652 ignominia,
896 3577 967 3629 Gelli
981 3595 1069 3648 usque
1084 3578 1289 3647 Odollam,quae
1299 3576 1433 3630 subaudis
1440 3582 1483 3630 est
1492 3577 1590 3631 civitas
1598 3578 1695 3647 gloriae

66 3662 99 3717 sic
110 3666 204 3730 hausi,
216 3667 294 3721 etsie
307 3660 393 3738 perge
405 3668 433 3722 in
447 3669 647 3740 captivitatem,
664 3676 697 3724 ut
717 3672 740 3724 si
762 3679 854 3743 potest
894 3663 991 3718 Israel.
1007 3666 1056 3719 Vel
1068 3673 1142 3720 certe
1154 3682 1203 3736 per
1216 3666 1334 3718 ironiam
1347 3665 1537 3734 accipiendum
1551 3670 1602 3727 est,
1619 3666 1694 3719 utsit

69 3751 128 3812 fieri,
152 3771 202 3808 nec
228 3755 361 3810 inimicus
388 3757 549 3829 allophylus
564 3758 676 3812 sentiat,
694 3777 707 3810 c(
728 3761 790 3813 Non
810 3768 854 3815 pst
894 3770 1003 3818 sensus,
1020 3755 1091 3808 illud
1107 3755 1212 3807 malum
1233 3754 1377 3808 deLachis
1399 3759 1427 3806 ei
1441 3753 1476 3806 de
1492 3754 1601 3808 Malesa
1615 3759 1643 3807 ei
1658 3754 1693 3808 de

69 3853 165 3908 egressa
173 3843 350 3913 quaehabitat
360 3844 389 3898 in
397 3846 499 3899 exitu„
512 3847 548 3900 Et
559 3847 603 3900 hic
616 3847 747 3900 similiter
759 3848 852 3918 ipsum
894 3843 966 3896 Geth
979 3844 1123 3914 perveniet
1135 3843 1273 3897 Odollam.
1291 3842 1342 3895 llic
1360 3842 1602 3911 distinguendum,
1612 3847 1641 3895 et
1651 3842 1693 3896 sio

70 3927 168 3984 rochum
183 3931 363 3999 Heba-aiem,
382 3934 411 3987 id
425 3941 478 3999 est,
494 3952 591 3990 senna,
608 3936 702 3990 senna
716 3938 790 3990 enim
808 3938 851 3990 in.
893 3931 997 3984 ironice
1017 3949 1117 4001 parum
1148 3947 1244 4000 pressa
1267 3947 1331 3982 voce
1352 3930 1538 3993 inferendum,
1562 3930 1692 3983 «Gloria

69 4018 222 4088 terpretatur
231 4022 332 4089 exitus,
348 4039 399 4093 per
411 4024 483 4094 quod
499 4023 636 4094 significat
661 4025 850 4095 captivitatem
892 4025 944 4084 est,
960 4041 974 4070 a
984 4020 1012 4072 id
1023 4017 1389 4088 estignominiaetdedecus
1409 4023 1453 4069 est
1465 4017 1560 4087 populi
1576 4016 1690 4071 Israeli-

69 4103 115 4171 jam
127 4108 153 4161 in
166 4125 280 4180 egressu
291 4117 320 4164 et
333 4111 363 4165 in
379 4111 484 4166 foribus
493 4128 562 4166 esse,
576 4113 756 4176 Quodautem
770 4115 847 4180 dicit,
892 4109 949 4163 tici.
959 4109 1105 4177 Haecjtlxitt
1115 4108 1249 4175 litterani,
1258 4108 1400 4160 videamus
1414 4105 1536 4160 breviter
1549 4104 1616 4175 quid
1630 4121 1689 4176 my·

72 4193 142 4249 «Non
159 4204 333 4269 (mtegram,
352 4200 601 4270 „significatquod
616 4218 671 4255 non
685 4219 736 4255 sua
750 4210 849 4274 sponte
890 4197 968 4251 sterii
978 4197 1141 4251 contineant
1157 4215 1161 4248 :
1179 4196 1252 4249 Geth
1267 4195 1470 4265 interpretatur
1495 4194 1627 4248 torcular.
1646 4194 1688 4248 si-

70 4282 101 4335 rcl
111 4285 257 4353 voluntate,
275 4288 323 4341 sed
339 4295 435 4342 coacta
451 4295 479 4343 et
491 4290 589 4343 nolens
604 4291 688 4344 ducta
703 4297 746 4344 est
756 4294 783 4344 in
800 4286 1002 4356 ca.Dgriilieat
1013 4286 1166 4348 haereticos,
1180 4285 1265 4354 quise
1276 4283 1583 4346 extollebant,dicentes
1594 4298 1624 4336 se
1639 4281 1688 4337 ha-

68 4369 393 4438 ptjajtapemfflanbtum
413 4378 513 4432 domus
523 4378 612 4431 vicina
625 4380 742 4450 accipiet
754 4397 786 4433 ex
802 4398 846 4435 vo.
888 4373 953 4428 bere
966 4375 1058 4427 vinum
1075 4372 1217 4438 Sorethid
1231 4377 1274 4425 est
1289 4371 1445 4442 spiritualis
1459 4370 1687 4424 etdivinaescien·

68 4454 107 4522 bis,
118 4478 173 4533 qua
183 4464 263 4518 stetit
274 4465 397 4519 sibimet.
412 4486 423 4516 ι
438 4466 472 4520 Et
493 4467 537 4520 hic
555 4467 646 4537 ipsum
664 4468 777 4522 verbum
792 4469 845 4522 ha·
887 4463 942 4529 tia,
958 4479 1051 4517 eume
1075 4467 1171 4515 contra
1197 4461 1292 4513 vinum
1317 4476 1415 4513 eorum
1434 4459 1533 4529 (idest
1549 4459 1685 4529 doctrina)

68 4543 131 4603 tem
143 4552 289 4608 Hebraeum
314 4554 343 4607 in
359 4555 553 4625 Septuaginta,
571 4556 597 4608 id
618 4562 661 4609 est
672 4559 747 4610 dcet.
768 4557 843 4611 Ordo
886 4558 960 4607 esset
974 4553 1008 4605 de
1023 4551 1103 4604 uinea
1116 4551 1312 4613 Sodomorum,
1343 4554 1371 4601 et
1395 4549 1429 4601 de
1443 4547 1612 4602 suburbanis
1631 4548 1685 4603 Go-

66 4646 112 4689 ca:
125 4638 224 4695 Domus
237 4643 304 4696 Azel
318 4643 435 4714 accipiet
458 4660 494 4698 ex
519 4643 595 4697 vobis
609 4644 761 4714 planetum.
778 4646 843 4699 hzel
887 4641 1016 4694 morrhae.
1032 4638 1090 4709 Ipsi
1108 4645 1174 4692 sunt
1186 4645 1215 4692 et
1227 4637 1327 4691 domus
1342 4637 1474 4707 pulveris
1492 4636 1558 4705 quia
1569 4641 1683 4690 terrena

67 4720 248 4797 iuterpretatur
259 4731 358 4798 vicina,
384 4732 442 4786 sive
464 4749 496 4786 ex
520 4733 618 4786 latere.
640 4733 760 4787 Domum
776 4751 842 4803 ergo
884 4730 1006 4800 sapiunt,
1021 4733 1049 4781 et
1062 4727 1140 4780 cibus
1160 4732 1225 4780 sunt
1238 4725 1386 4795 serpentis,
1402 4725 1430 4777 id
1445 4730 1489 4778 est
1502 4722 1616 4785 diaboli,
1636 4723 1682 4777 cui

65 4809 241 4878 baldemum
255 4819 329 4872 luda
339 4818 416 4885 dicit,
434 4836 496 4889 quae
516 4820 606 4874 vicina
621 4827 682 4874 erat
697 4822 840 4887 Samariae,
884 4819 1057 4876 dictumest,
1072 4815 1189 4869 Terram
1204 4814 1333 4868 comedes
1347 4811 1477 4866 omnibus
1497 4810 1606 4865 diebus.
1624 4811 1682 4865 Hos

65 4904 159 4972 atanasi
182 4921 214 4960 er
241 4907 340 4973 latere,
369 4924 430 4978 quae
461 4909 726 4979 planctumaecepit
745 4910 843 4963 audita
884 4906 1223 4977 hortatur-prophetans
1247 4919 1277 4956 se
1306 4903 1450 4966 extollant,
1462 4901 1511 4955 sed
1526 4904 1612 4970 agant
1625 4916 1682 4971 poe·

65 4985 123 5045 elude
136 4994 277 5063 Samariae,
293 5013 365 5067 quae,
381 4996 515 5051 subaudis
540 4997 641 5052 domus
666 4999 742 5062 hzel,
763 4998 843 5052 stetit
883 4996 1031 5049 nitentium
1057 4994 1161 5051 dicens,
1175 5010 1188 5042 a
1204 4991 1235 5044 la
1254 4991 1337 5043 domo
1353 4989 1485 5061 pulveris,
1508 4989 1680 5060 pulverevos

64 5073 158 5149 citima,
182 5082 212 5137 id
237 5090 289 5151 est,
320 5085 459 5155 captivata
476 5086 613 5152 Samaria,
636 5087 789 5157 permansit
811 5087 840 5141 in
882 5083 1030 5155 aspergite,
1051 5095 1189 5133 »necum
1219 5086 1329 5147 tempus
1346 5075 1460 5131 ultionis
1475 5077 1629 5144 advenerit,
1651 5082 1681 5131 θῑ

65 5167 201 5242 tbturegni
216 5173 270 5238 sui,
284 5179 412 5244 protecta
424 5175 508 5227 aDeo
523 5174 801 5245 propterEzcchiam.
881 5175 981 5227 domus
996 5188 1057 5242 quae
1083 5168 1157 5221 robis
1183 5167 1299 5237 pulchra
1319 5165 1464 5220 videbatur
1484 5165 1624 5231 ceciderit,
1645 5165 1680 5219 si-

92 5257 178 5321 «Quia
191 5261 337 5315 infirmata
352 5267 394 5316 est
409 5263 437 5316 in
451 5263 584 5328 honum,›
603 5264 736 5317 subaudis
744 5282 836 5330 suum,
881 5262 939 5316 mul
959 5259 1089 5332 pereatis,
1105 5263 1134 5310 et
1148 5273 1242 5309 cassus
1256 5254 1336 5310 labor
1345 5260 1437 5309 vester
1453 5255 1542 5309 risum
1562 5254 1680 5308 videnti·

67 5339 130 5411 ilat,
141 5350 416 5420 quiahumiliataest
430 5352 465 5405 ad
480 5352 635 5422 protectum
647 5369 740 5418 suum,
753 5370 840 5423 quan·
880 5350 932 5404 bus
960 5349 1090 5420 praebeat
1115 5368 1125 5397 c
1155 5347 1217 5400 Non
1244 5352 1286 5398 cst
1315 5360 1429 5414 egressa
1447 5344 1513 5414 quia
1532 5341 1679 5396 habitatin

66 5428 90 5484 do
101 5435 246 5509 Rhapsaces
261 5439 468 5509 blasphemavit
479 5442 569 5494 Deum
585 5441 732 5495 viventem.
749 5442 838 5504 «Qua
880 5440 966 5502 exitu,
980 5456 992 5488 r
1009 5437 1037 5489 id
1051 5442 1094 5489 est
1105 5434 1227 5488 Ecclesia
1241 5451 1301 5503 quae
1318 5432 1426 5492 habitat
1443 5433 1472 5485 in
1488 5431 1572 5491 exitu,
1586 5431 1615 5484 in
1630 5447 1679 5500 spe

66 5515 148 5582 lubitu
159 5529 188 5584 in
200 5529 337 5594 Remoth,
355 5528 408 5583 »id
422 5535 465 5583 est
476 5530 506 5583 in
519 5529 765 5584 amaritudinibus.
782 5531 840 5583 lloe
880 5526 1052 5598 percipiendi
1072 5523 1151 5593 regni
1175 5522 1304 5588 coelestis,
1327 5538 1383 5575 non
1405 5527 1447 5574 est
1470 5535 1583 5590 egressa
1593 5520 1679 5572 finem
