3818 6104
280 280 472 339 axroslrto
491 284 531 361 lN
551 282 628 339 EPP.
649 283 679 338 S.
699 280 869 337 ruunt·
891 282 931 338 ΙΝ
950 281 1062 339 salsa.
1082 281 1132 337 AB
1149 281 1256 340 HEBR.
1541 284 1598 346 898

111 402 200 473 pulum
228 418 321 463 suum.
338 390 391 459 boc
414 412 468 471 cst,
490 407 632 479 separabit
647 405 756 477 plebem
767 409 788 466 Λ
800 405 891 461 meliis
906 412 935 462 et
948 405 1177 462 tribulationibus
1191 412 1259 462 sunt
1268 407 1386 464 dirersis
1400 410 1505 476 alilicti,
1523 412 1598 483 quod

114 490 236 547 iecerunt
249 490 337 546 bonos
357 510 373 547 a
389 496 482 560 malis,
504 497 601 551 tideles
611 496 646 549 ab
659 494 761 550 inllde·
799 510 889 564 genus
897 494 1052 550 humanum
1060 494 1301 566 gmviussustinet
1314 496 1342 552 in
1350 505 1500 569 conspectu
1514 499 1599 570 pluri·

111 578 168 634 cisi
187 579 222 633 ad
233 580 366 651 reprobos
380 585 500 639 relatum
522 586 616 641 suerit.
632 584 761 655 judicare
801 599 910 636 rarorum
924 583 1030 655 aliquid
1046 582 1239 649 inhonestum,
1257 590 1306 639 am
1325 585 1416 641 serbis
1427 593 1478 642 aut
1492 588 1594 642 lactis:

111 668 361 740 eresccipiendum
377 673 445 737 erit;
460 675 579 745 populus
594 680 688 728 alitem
704 673 760 726 Do·
800 671 857 724 sire
870 671 955 724 ctiam
971 672 1036 741 qnia
1049 671 1148 741 positis
1162 671 1190 727 in
1213 673 1373 729 carceribus
1388 676 1598 748 compatieban-

111 752 198 809 llatur
211 771 267 808 non
289 772 340 826 per
363 760 496 827 matiam,
510 760 558 814 sed
573 776 623 831 pcr
640 758 759 814 creatio·
801 763 856 823 tur,
875 759 1033 830 rictumque
1048 776 1079 813 ac
1092 759 1289 815 vestimentum
1300 767 1520 834 proutpoterant
1534 763 1599 820 sub-

800 846 1097 902 ministrabant.Unde
1108 848 1173 902 tacti
1189 854 1375 905 eranteorum
1390 851 1598 924 sociiquoniam

111 930 215 985 tamesi
223 934 344 987 incidere
354 937 385 988 in
396 951 498 989 ritanus
507 936 556 991 Dei
572 939 697 993 situatis.
708 934 758 989 In·
799 936 955 990 mercedem
972 941 1001 991 et
1015 935 1230 992 retributionem
1245 953 1330 1009 quam
1344 939 1598 1012 praecipietprtedi·
1669 1004 1671 1009 ,

110 1032 177 1074 mus
187 1020 359 1092 bemini,qui
367 1022 505 1093 judiciuin
515 1022 637 1079 hominis
646 1029 759 1078 contro·
799 1028 877 1078 catos·
888 1023 1014 1079 veritatis
1030 1023 1189 1094 prochristi
1201 1026 1315 1081 nomine
1325 1027 1434 1098 positus
1445 1029 1476 1083 in
1485 1044 1599 1085 carcere

110 1106 229 1163 adimam
240 1108 291 1163 Dei
302 1110 759 1184 parripendit.lnciditquoquein
799 1111 918 1182 aliisque
932 1112 1082 1167 tormentis
1096 1111 1228 1180 afflictus,
1240 1114 1368 1170 eamdem
1383 1122 1600 1189 recepturusest

110 1196 195 1265 imini,
212 1198 239 1252 id
257 1203 300 1253 est
326 1198 355 1253 in
380 1206 549 1270 potestatem
574 1206 604 1256 et
620 1201 757 1272 judicium
799 1199 858 1265 ille,
873 1200 960 1271 quisi
975 1198 1132 1255 subsidium
1146 1201 1251 1272 praebet
1264 1218 1300 1256 ne
1314 1203 1426 1259 deliciet
1438 1205 1468 1260 in
1483 1206 1599 1264 tribula·

110 1284 228 1353 ntisDei,
239 1286 367 1358 quisquis
377 1293 440 1359 post
449 1294 595 1360 peccatum
604 1290 760 1345 contemnit
800 1288 933 1354 tionibus,
947 1287 1020 1343 sicut
1035 1288 1095 1359 ipsa
1115 1287 1227 1343 Veritas
1249 1291 1389 1361 premisit,
1404 1293 1499 1350 dicens
1516 1314 1523 1350 c
1545 1297 1599 1365 Oui

110 1389 155 1428 am
166 1390 260 1445 agere.
272 1375 438 1448 Quicunque
449 1395 517 1449 ergo
531 1385 662 1450 peccator
671 1385 722 1443 est,
733 1378 756 1433 si
800 1380 895 1446 recipit
902 1376 1065 1447 prophetam
1075 1379 1107 1430 in
1116 1380 1228 1430 nonnae
1236 1379 1373 1446 propbeta
1380 1384 1529 1438 mercedem
1534 1400 1598 1453 pro·

110 1461 187 1517 uerit
204 1463 239 1517 de
254 1465 375 1534 peccatis
389 1465 457 1532 suis,
471 1466 576 1521 incidet
594 1467 622 1522 in
638 1468 758 1522 horren·
797 1464 882 1532 pbeta
894 1466 1007 1533 accipiet
1032 1464 1139 1530 (liuttb.
1166 1465 1203 1534 x).
1220 1465 1438 1540 Notandnmque
1457 1470 1522 1540 quia
1540 1488 1597 1528 uon

110 1550 162 1607 dde
189 1553 380 1608 extimendum
401 1555 538 1624 judicium
558 1555 758 1626 omnipotentis
797 1551 867 1606 dixit
876 1551 1041 1622 simpliciter
1055 1550 1284 1608 tribulationibus
1298 1554 1426 1621 stilistas,
1451 1559 1598 1615 sedetiam

110 1639 193 1696 eddet
208 1641 359 1713 unicuique
369 1643 522 1697 secundum
534 1660 621 1716 opera
629 1660 695 1703 sua.
797 1647 982 1711 augmentum
1002 1640 1078 1705 lecit,
1096 1639 1192 1695 dicens
1207 1659 1214 1693 :
1230 1642 1426 1713 Spectaculum
1443 1645 1507 1702 lacti
1518 1647 1595 1703 estis.

110 1733 324 1784 amariniautem
331 1734 532 1800 pristinosdics
543 1734 682 1802 inquibus
692 1717 789 1788 illu-B
800 1729 869 1784 Cum
885 1729 959 1784 enim
989 1729 1052 1801 quis
1077 1734 1184 1784 secrete
1200 1730 1394 1802 exprobratur,
1414 1734 1598 1793 contristetur

110 1832 212 1885 upnum
235 1825 373 1874 certamen
390 1823 565 1875 sustinuistis
581 1824 753 1890 passionum.
797 1818 920 1889 quidem,
938 1818 988 1872 sed
1003 1818 1091 1872 multo
1115 1818 1238 1888 amplius
1264 1818 1289 1873 si
1315 1820 1435 1891 publice,
1449 1822 1516 1878 etin
1528 1840 1598 1879 con·

110 1904 254 1961 edicorum
268 1924 332 1961 cum
347 1908 449 1963 rulnus
456 1909 605 1975 secuerint,
617 1916 646 1964 ct
653 1926 703 1982 per
711 1912 756 1965 in·
797 1912 893 1977 spectu
909 1906 1073 1961 multorum.
1085 1906 1181 1960 Genus
1190 1906 1265 1961 caim
1276 1907 1598 1968 humanumsicutrsldo

110 2000 291 2065 augmentum
314 1995 419 2050 doloris
439 1996 565 2059 fecerint,
581 1998 712 2054 solatium
728 2005 758 2054 et
796 1993 1172 2065 delectaturlaudepublica,
1183 1995 1596 2072 iacilecaptiraturopprobriis

110 2082 386 2151 subterscribimus,
405 2084 637 2157 ubidolorinest,
649 2093 754 2159 etper·
797 2091 894 2156 aperto
908 2083 961 2138 sibi
976 2082 1072 2138 illatis.
1101 2082 1181 2147 Quod
1210 2083 1252 2139 illi
1276 2101 1310 2140 ca
1332 2086 1521 2145 extabuerunt
1534 2104 1597 2162 que

109 2170 233 2226 merent
241 2172 532 2246 animam.Postquam
543 2181 639 2230 sutem
650 2192 756 2231 recrea·
797 2172 1023 2227 enumeravimus
1034 2171 1225 2242 apertiusjam
1235 2174 1369 2242 ostendit,
1379 2175 1446 2230 dum
1456 2177 1595 2249 sequitur.

109 2274 154 2327 rm,
169 2260 287 2315 alterans
296 2262 355 2331 jam
366 2279 421 2317 non
436 2263 575 2334 adjiciunt
591 2264 753 2329 sectionem,
832 2261 904 2316 il‘am
914 2266 938 2314 et
950 2263 1190 2328 rinctiscompassi
1198 2265 1270 2323 estis,
1286 2267 1311 2315 et
1321 2267 1453 2332 rapinum
1461 2266 1597 2321 bonorum

109 2348 176 2403 tilla
185 2366 247 2420 quae
255 2356 331 2404 secta
341 2356 416 2416 sunt,
427 2352 756 2407 medicaminibusmitio·
796 2355 949 2404 castrorum
964 2366 1027 2403 carn
1041 2352 1144 2417 patritio
1153 2353 1316 2419 suscqastts.
1325 2350 1599 2410 blimbiliterlaudat

109 2436 250 2493 alentibus
265 2438 395 2509 mitigare
410 2442 535 2506 student,
550 2441 590 2496 sic
602 2444 758 2513 etllposto·
798 2454 845 2492 cos
857 2437 886 2492 in
898 2437 962 2499 ilde.
978 2438 1111 2510 quoniam
1124 2439 1147 2494 si
1162 2440 1245 2494 tidem
1261 2455 1318 2494 non
1328 2440 1465 2496 haberent
1479 2443 1596 2500 meliora

123 2524 184 2579 loco
198 2543 276 2580 more
286 2527 397 2583 illorum
422 2528 489 2600 egit.
514 2530 665 2602 Postquam
680 2530 757 2585 enim
798 2543 827 2580 se
840 2533 1001 2598 recepturos
1016 2544 1066 2598 pro
1079 2528 1132 2582 hac
1149 2528 1597 2595 substantiasubtracta,noncnm

109 2612 217 2668 animos
245 2631 352 2681 comta,
373 2622 402 2670 et
425 2617 588 2689 compunxit
613 2619 756 2673 mentione
796 2615 1244 2688 gaudiosuscepissentrapinem
1270 2618 1342 2688 ejus.
1368 2618 1499 2682 Quandiu
1520 2621 1595 2678 enim

114 2700 260 2758 affirmans
275 2704 389 2758 omnino
402 2706 587 2777 disperituros
598 2707 645 2778 qai
657 2707 755 2778 gratiae
798 2704 967 2776 pmmissum
980 2709 1024 2759 est
1037 2704 1089 2764 eis,
1104 2705 1245 2776 compassi
1254 2711 1321 2760 sunt
1338 2705 1401 2761 aliis
1423 2709 1596 2780 exspoliatis,

109 2795 143 2846 nt
161 2790 293 2862 injuriam
316 2793 506 2864 aliquomodo,
526 2800 553 2849 ot
572 2794 625 2850 hoc
643 2813 675 2849 cx
694 2795 755 2868 lege
797 2792 1237 2865 atquealiisincarcerepositis
1254 2795 1423 2866 :exspoliati
1450 2813 1515 2853 rero
1529 2814 1594 2855 cum

108 2882 197 2955 iisque
209 2883 380 2937 testimoniis
399 2883 530 2944 edocens.
551 2890 579 2938 et
591 2884 686 2940 dicens
700 2901 757 2941 me·
796 2881 1592 2953 gaudiosusceperuntrapinametdamnumsibiillatum,

109 2986 169 3026 esse
184 2971 306 3026 incidere
321 2970 350 3025 in
372 2987 473 3025 manus
488 2971 538 3026 Dei
554 2973 681 3038 rircntis,
692 2991 755 3046 pro·
797 2970 944 3024 credentes
954 2986 985 3024 se
1000 2968 1117 3024 meliora
1131 2976 1306 3042 recepturos.
1323 2971 1403 3027 Unde
1422 2971 1532 3029 subdit:
1549 2974 1596 3029 Ga·

109 3060 196 3115 multo
219 3060 322 3114 timore
346 3059 373 3114 in
389 3060 613 3131 desperationem
630 3068 754 3131 ruerent,
796 3064 951 3126 onoscenres
966 3074 1011 3113 oos
1035 3058 1132 3112 babere
1156 3061 1297 3114 meliorem
1320 3066 1345 3114 et
1358 3066 1515 3117 innuentem
1534 3064 1597 3118 sub·

109 3164 121 3203 r
133 3164 181 3202 eos
196 3165 246 3219 per
256 3149 371 3202 laudum
385 3148 577 3203 blandimenta
589 3156 618 3204 et
629 3151 757 3207 exhorta-
796 3149 929 3200 sterilium
940 3165 948 3209 ,·
962 3145 1168 3219 quasidiceret:
1182 3146 1316 3202 b'identes
1328 3147 1439 3204 divitias
1450 3150 1594 3221 spiritales

109 3236 204 3291 lucens
218 3236 259 3291 eis
269 3236 303 3290 ad
315 3237 479 3291 mumadam
491 3239 633 3308 praeterita
643 3238 756 3295 illorum
797 3233 875 3289 vobis
889 3252 939 3306 pro
952 3234 996 3291 bis
1008 3234 1210 3305 temporalibus
1231 3235 1404 3307 profuturas,
1421 3238 1595 3295 sustinuistis

109 3341 136 3380 a.
148 3325 397 3388 Rememoramini,
413 3326 515 3396 inquit,
535 3326 669 3397 pristinos
697 3329 757 3384 dice
798 3339 861 3378 cum
868 3324 1107 3394 gaudiompinam
1119 3322 1256 3378 bonorum
1268 3326 1596 3397 temporaliumllocau·

115 3412 264 3468 illuminati
286 3430 337 3484 per
357 3414 451 3479 ildcm,
477 3420 506 3469 et
528 3416 687 3471 confirmati
708 3434 757 3489 per
796 3417 854 3466 tem
868 3411 1333 3483 tutumiactumluitapostolicum
1347 3421 1463 3484 opus,et
1477 3416 1595 3487 dignum

109 3500 370 3571 ,irinammagnum
380 3508 522 3558 certamen
533 3504 756 3571 sustinuistis,ac
797 3500 1596 3572 fortibusanimabus,utilagcllisgauderentsicutindc-

109 3590 243 3655 :Quaado
261 3590 412 3644 introducti
422 3592 489 3645 estis
499 3592 527 3646 in
538 3592 633 3658 tidem,
643 3594 755 3664 quando
796 3589 873 3644 tibus
882 3588 1072 3660 apostolorum
1087 3589 1205 3644 dicitur:
1216 3590 1318 3644 lirantes
1329 3596 1594 3660 crrtcrnoroaspectu

109 3677 249 3740 leieratis,
260 3678 756 3737 tantamtortitudinemdemonstra·
796 3680 907 3732 corssilii
918 3678 1164 3745 ibantqamlrnlcs,
1181 3680 1313 3745 quoniam
1332 3680 1412 3745 dipni
1423 3680 1512 3734 lrabib'
1529 3687 1595 3735 sunt

111 3782 216 3839 agnum
231 3772 374 3821 certamen
389 3768 553 3838 passionum
577 3769 756 3827 sustineretis
796 3768 993 3821 arritumrliam
1002 3768 1065 3834 poti
1076 3781 1127 3834 pro
1154 3768 1267 3819 nonime
1293 3767 1356 3820 issa
1367 3768 1437 3834 (Act.
1453 3769 1489 3839 r).
1512 3769 1547 3824 Et
1564 3775 1598 3825 ut

108 3854 128 3911 ti
142 3856 256 3911 nomine
271 3872 286 3909 a
302 3855 506 3912 contribulibus
528 3857 644 3925 restris3
665 3860 755 3915 Judoei
796 3854 1004 3908 demonstraret
1025 3851 1107 3907 istam
1127 3854 1311 3924 temporalem
1333 3854 1520 3911 substantiam
1538 3872 1596 3912 non

109 3949 188 4001 entes
203 3944 315 4015 quidam
331 3944 477 4016 exspoliati
492 3945 606 4000 suntab
622 3947 685 4003 aliis
698 3964 754 4004 noo
797 3959 858 3998 esse
872 3957 986 4013 semper
998 3956 1171 4008 mansuram,
1187 3941 1250 3997 ideo
1275 3942 1345 3998 dixit
1364 3944 1428 4000 illos
1449 3945 1595 4000 meliorem

108 4050 147 4105 ss,
161 4033 276 4105 quidam
303 4050 369 4089 roro
392 4050 471 4089 non:
492 4034 533 4089 illi
548 4050 613 4089 vero
631 4036 680 4107 qui
698 4053 756 4093 non
796 4029 1092 4086 baberesubstaatianr
1104 4035 1403 4103 etmanentem,preut
1421 4032 1596 4089 discretion-

108 4120 602 4194 spoliatisubmintstmbantaliisae
615 4122 756 4180 tscultati·
797 4135 871 4174 mam
880 4117 1095 4173 substantialem
1103 4123 1358 4190 atqueperpetuam
1373 4120 1595 4193 quoperirenon

108 4209 352 4282 Quaproptercum
367 4211 420 4265 hoc
428 4211 609 4281 agnovissent
618 4211 755 4281 infideles,
797 4206 895 4280 possit,
911 4207 985 4262 sicut
997 4205 1052 4260 ista
1065 4211 1179 4261 terrena
1194 4206 1277 4279 perit.

108 4299 133 4355 la
150 4299 307 4354 intulerunt
316 4297 535 4371 utrisqueUnde
545 4315 601 4355 non
611 4297 789 4374 dixicnpo-l)
832 4298 923 4352 Nolite
936 4299 1028 4365 itaque
1055 4297 1182 4350 arrrittcre
1195 4297 1390 4364 confimationi
1406 4304 1524 4354 antrum
1538 4317 1599 4370 qua

108 4386 236 4461 upliciter
263 4393 406 4443 certamen
435 4387 602 4443 sustinuisse
629 4405 687 4454 eos,
706 4390 756 4446 sed
796 4385 1287 4454 mopnombobstremanerutionem,
1300 4385 1597 4446 idestnolitedebcere

108 4491 227 4549 sgnum,
241 4491 293 4530 noo
305 4475 376 4531 dixit
390 4476 570 4543 tentationes,
585 4479 635 4533 sed
647 4478 756 4550 posmo-
796 4475 826 4530 in
838 4473 1076 4537 tribulationibus,
1088 4473 1156 4545 quis
1164 4480 1318 4545 magnaest
1327 4478 1527 4534 remuneratio.
1538 4480 1598 4552 dp·

796 4568 877 4635 paret
886 4568 982 4618 autem
991 4563 1059 4635 quia
1066 4578 1198 4634 magnam
1209 4564 1408 4620 confidentiam
1415 4565 1597 4622 habebantad

108 4656 165 4708 tero
174 4654 296 4722 quidem,
307 4654 381 4708 tacto
391 4654 434 4709 rel
455 4670 550 4725 opere,
561 4656 713 4726 opprobriis
731 4662 756 4713 et
797 4651 898 4718 Deum,
907 4667 992 4723 quara
1003 4668 1038 4706 ue
1046 4651 1210 4707 amitterent
1221 4651 1426 4707 instantissime
1435 4668 1483 4708 eos
1499 4653 1596 4709 borta-

108 4742 197 4806 nibus,
208 4745 392 4810 smctomlmn
401 4744 470 4810 sacti
476 4743 556 4798 estis:
570 4747 602 4799 in
610 4747 699 4800 altero
708 4763 759 4801 au·
798 4747 856 4797 tur.
867 4740 989 4796 Facilius
998 4739 1072 4796 enirn
1080 4740 1386 4811 integraconservatur.
1399 4755 1483 4811 quam
1492 4741 1597 4797 amissa

115 4832 211 4885 taliter
226 4833 448 4885 corcrarsuntium
462 4834 555 4898 effecti.
569 4832 608 4887 Ex
617 4840 707 4904 parte,
718 4833 760 4891 in·
800 4835 993 4903 recuperatur.
1009 4829 1188 4902 Quapropter
1201 4828 1275 4899 quod
1297 4833 1410 4882 tenetur
1423 4832 1451 4883 et
1467 4828 1597 4884 tormidi-

108 4916 215 4983 robriis,
231 4919 318 4974 idest
341 4919 519 4975 contumeliis
540 4926 569 4975 et
581 4920 760 4980 irrisionibus
800 4936 866 4976 nem
877 4919 1093 4983 habet,necesse
1102 4923 1182 4973 estut
1188 4915 1382 4971 fortitudinem
1393 4915 1596 4985 habeatNibil,

108 5007 252 5063 ationibus
264 5008 455 5080 spectaculum
470 5008 536 5063 iacti
555 5010 633 5076 estis,
643 5010 696 5066 hoc
705 5018 757 5080 cst,
800 5008 901 5079 inquit,
916 5005 1189 5062 vobisncccssarium
1200 5009 1253 5071 est,
1269 5004 1322 5060 nisi
1337 5009 1369 5059 ut
1383 5004 1464 5061 stetis
1478 5006 1599 5065 tirmiter

107 5103 276 5169 roonspectu
289 5097 443 5151 multorum
468 5096 559 5165 irrisi;
580 5103 609 5154 ct
627 5115 659 5155 ex
679 5106 758 5173 parte
799 5096 896 5153 intlde
911 5100 1013 5159 restra,
1031 5100 1060 5149 et
1075 5093 1262 5166 permaneatis
1276 5093 1306 5153 ln
1321 5093 1487 5153 tortitudine
1504 5104 1599 5155 restra

107 5184 156 5240 acti
171 5183 239 5240 estis
253 5185 321 5240 socii
336 5184 364 5239 in
379 5186 572 5255 compassione
586 5188 682 5244 taliter
691 5207 759 5246 con·
799 5204 861 5261 quas
875 5200 1007 5256 magnam
1020 5180 1105 5237 babet
1122 5183 1379 5238 remunerationem
1399 5186 1474 5257 apud
1489 5186 1593 5247 Deum.

107 5288 141 5339 m,
153 5273 345 5345 apostolorum
357 5272 487 5328 videlicet
496 5279 628 5330 eteorum
638 5278 760 5348 quisunt
834 5272 1300 5331 Patientioenimcobisneccssaria
1315 5278 1363 5341 cst,
1384 5278 1596 5331 utooluntotem

116 5361 237 5434 propriis
251 5360 430 5416 facultatibus
442 5367 470 5416 et
481 5361 641 5418 verberibus
649 5364 756 5430 atllicti,
798 5359 1487 5434 beisocientcsreportetispromissionemoquam
1493 5380 1597 5435 magna

107 5450 371 5525 sameremretrusi.
391 5450 502 5506 Duobus
524 5451 615 5507 modis
635 5453 760 5508 ostendit
799 5447 1035 5507 remunerationis
1043 5449 1279 5505 etconsolationis
1290 5450 1401 5516 ilducia,
1411 5451 1496 5508 veluti
1504 5451 1595 5523 siquis

108 5536 265 5606 laborasse,
279 5537 388 5594 scilicet
401 5539 445 5595 vel
459 5538 649 5613 quiapublire
662 5546 759 5598 contu-
799 5547 828 5599 et
836 5539 972 5596 athletam
982 5544 1190 5596 coronatorem
1209 5540 1263 5595 boc
1285 5539 1400 5604 «liceret,
1412 5539 1460 5613 qui
1480 5544 1595 5596 cunctos
