3818 6104
135 265 185 323 181
605 264 814 320 mannitio
835 263 873 319 lN
894 266 1063 322 HABACUO
1083 260 1311 323 Pnoenn‘tau.
1726 266 1777 329 ιῦι

172 409 185 443 ι
201 389 327 462 Aspicite
340 387 519 460 ingentibus,
541 393 570 442 et
584 387 684 453 videte,
700 393 728 442 et
743 389 932 453 admiramini,
944 390 1048 449 Atabit
1058 408 1189 461 aggerem
1201 408 1233 444 ex
1246 388 1386 460 lapidibus
1395 391 1421 442 et
1433 392 1519 453 terra,
1531 390 1623 461 mplet
1632 400 1704 454 aaut,
1716 391 1780 447 sub·

135 486 163 536 et
177 477 378 550 obstupescite.
392 478 459 548 quia
475 494 545 547 opus
564 477 668 531 facturn
686 483 727 531 est
741 477 768 530 in
780 478 877 531 diebus
891 495 937 531 vc·
979 477 1262 532 audismunitionem.
1278 498 1289 527 ιι
1304 479 1382 531 Τιιιιι
1393 477 1548 532 mutabitur
1562 478 1704 548 spiritus»
1715 479 1779 534 sub·
1811 519 1813 523 -

133 569 209 635 stris,
227 568 302 639 quod
316 584 399 622 nerno
412 566 507 620 credet
520 583 583 620 cum
599 566 805 620 enarrabitur.»
817 567 874 619 Vox
885 567 937 620 Do·
978 567 1058 620 aurlrs
1072 569 1140 636 ejus.
1160 569 1212 623 hoc
1227 568 1312 621 estin
1328 565 1490 636 superbiam
1510 568 1644 636 erigetur,
1662 569 1779 624 credens

132 659 204 712 mirrl
219 656 417 727 respondentis
436 660 534 709 contra
550 656 612 720 hoc,
630 655 704 725 quod
718 656 855 726 propheta
870 673 937 709 cau-
978 671 1008 708 se
1020 673 1081 709 esse
1097 655 1199 710 Deum.
1218 656 1296 711 Unde
1311 663 1339 709 et
1349 661 1472 709 statuam
1484 670 1597 709 auream
1609 656 1699 711 erexit
1713 657 1778 723 sibi,

131 753 213 801 satus
225 747 320 800 fuerat
335 745 513 799 innocentem
534 744 667 815 populum
689 742 724 798 sb
743 743 838 814 impiis
852 761 932 814 supe·
978 760 1097 815 eamque
1109 761 1206 799 omnes
1215 752 1314 815 gentes
1325 746 1443 798 adorare
1453 744 1592 815 praecepit.
1602 746 1709 801 Etcum
1726 747 1779 802 hoc

131 843 238 891 ratum.
257 834 337 888 llanc
348 832 463 904 (inquit)
479 832 667 903 iniquitatem,
676 849 760 905 quam
773 826 936 904 vos'putatis
977 832 1086 895 fecerit,
1101 833 1292 904 pertransibit.
1304 833 1334 887 id
1348 840 1389 887 est
1402 849 1515 887 sensum
1529 835 1684 890 humanum
1697 835 1779 891 amit·

132 924 162 979 in
175 924 237 978 solo
250 922 336 978 lsrael
351 924 463 987 tactam,
477 921 583 975 cernite
598 921 627 975 in
647 921 709 974 aliis
722 921 934 991 derigentibus.
977 926 1028 986 tet,
1041 928 1069 975 et
1084 922 1213 992 ejicietur
1225 921 1259 975 ab
1275 921 1444 986 hominibus,
1461 927 1562 992 etpost
1581 923 1640 979 haec
1654 930 1776 989 corruet,

131 1015 197 1069 Non
212 1011 392 1066 enimJudas
413 1017 524 1065 tantum
554 1016 582 1064 et
605 1010 781 1064 Hierusalem
798 1010 935 1064 Chalrlaeis
977 1009 1064 1064 idest
1087 1028 1147 1064 esse
1166 1011 1285 1065 desinet.
1309 1030 1320 1062 ι
1344 1011 1409 1066 llaec
1432 1016 1475 1064 est
1497 1011 1632 1067 fortitudo
1652 1014 1714 1082 ejus
1732 1013 1778 1068 dai

133 1102 233 1158 traditi
247 1107 323 1165 sunt,
339 1100 390 1153 sed
404 1116 502 1154 omnes
513 1117 564 1171 per·
577 1099 724 1151 eir-ruitura
742 1099 878 1153 nationes.
886 1099 935 1153 Di·
978 1098 1031 1153 sui.
1052 1120 1061 1147 ι
1076 1100 1135 1153 lloc
1146 1098 1324 1169 perimniam
1340 1099 1489 1168 legendum
1506 1107 1560 1167 est,
1572 1106 1604 1154 ut
1618 1100 1655 1156 sit
1666 1113 1775 1158 sensu.

134 1191 173 1245 cit
197 1191 285 1244 etiam
310 1188 569 1242 Nabuchodonosor
592 1193 699 1240 tanaim
726 1192 893 1256 potestatem
909 1193 938 1242 et
978 1187 1099 1242 Haecest
1114 1187 1777 1257 fortitudoquamdediteiBeldeutsuuarTatis

134 1281 268 1334 virtutem
283 1278 455 1343 habitururn,
469 1285 502 1330 ut
515 1277 539 1329 si
554 1276 615 1347 quis
628 1276 737 1339 dixerit,
756 1293 812 1346 praa
827 1277 867 1329 rei
876 1294 936 1331 ma·
978 1275 1052 1327 enim
1065 1275 1118 1328 fuit
1128 1276 1189 1343 ejus
1200 1274 1344 1337 fortitudo,
1360 1275 1451 1345 qualis
1465 1285 1494 1329 et
1504 1277 1626 1332 Belisdei
1638 1277 1691 1333 sut
1706 1279 1777 1334 Τιο-

132 1369 284 1439 gnitudine
297 1365 604 1422 videaturincredibile.
617 1365 697 1429 Quod
709 1381 773 1418 vero
787 1364 854 1418 illud
867 1382 936 1437 opus
978 1365 1113 1434 pologice,
1125 1365 1247 1420 Chaldaei
1260 1365 1462 1436 (quitationes
1476 1366 1709 1436 interpretantur)
1718 1384 1778 1423 ma·

133 1458 179 1523 sit,
197 1456 322 1511 ostendit
332 1472 399 1508 cum
413 1455 502 1509 dicit:
977 1453 1019 1506 los
1030 1453 1177 1523 designant
1193 1454 1272 1518 alios,
1296 1471 1346 1525 per
1357 1470 1427 1524 quos
1442 1454 1593 1510 vindictam
1604 1456 1679 1510 Deus
1695 1460 1776 1511 atet·

170 1564 184 1597 ι
201 1545 275 1609 Quia
292 1559 354 1597 ecce
366 1561 417 1613 ego
427 1541 568 1596 suscitabo
578 1540 935 1611 Chaldaeosgentemama-
976 1547 1029 1595 cet.
1048 1541 1180 1596 Immittit
1195 1543 1270 1599 euim
1287 1543 1362 1601 Deus
1376 1541 1601 1612 indignationem
1616 1550 1644 1599 et
1658 1545 1729 1600 iram
1749 1549 1778 1600 et

132 1650 196 1688 ram
224 1640 255 1687 et
279 1633 412 1695 velocem,
434 1630 627 1684 ambulantem
651 1645 736 1699 super
757 1629 935 1684 latitudinem
977 1630 1186 1684 tribulationem
1207 1647 1257 1702 por
1277 1632 1393 1702 angelos
1415 1633 1513 1687 malos.
1539 1633 1595 1704 Ipsi
1619 1638 1686 1689 sunt
1705 1639 1775 1704 goul

132 1731 226 1786 terne,
242 1728 275 1776 ut
290 1721 434 1792 possideat
447 1719 628 1774 tabernacula
643 1735 697 1772 non
712 1735 773 1772 sua.
941 1732 1084 1798 Banrara,
1101 1719 1167 1790 quia
1177 1720 1247 1775 nulli
1264 1726 1390 1789 parcant
1404 1721 1489 1775 Velox
1498 1721 1654 1791 spiritualis
1667 1727 1777 1778 matre

171 1809 347 1864 «Horribilis
363 1815 391 1862 et
400 1807 534 1862 terribilis
553 1813 613 1860 est:
629 1828 640 1858 r>
654 1807 849 1861 Chaldaeorum
864 1824 933 1876 gen·
975 1805 1140 1873 subtilitate,
1155 1802 1303 1862 ambulans
1321 1824 1407 1878 super
1420 1808 1597 1864 latitudinem
1613 1811 1777 1874 terrathoe

88 1914 92 1918 ·
132 1905 191 1953 tem
210 1896 548 1967 tuissepugnaeissimam
565 1902 593 1948 et
608 1895 832 1949 robustissrmam
848 1901 934 1950 testes
975 1901 1018 1948 est
1028 1911 1078 1964 per
1090 1896 1227 1966 spatiosas
1236 1896 1329 1951 saeculi
1344 1897 1411 1950 vias.
1426 1897 1625 1967 llxsemetipsd
1633 1898 1772 1967 judicium

131 1993 201 2042 sunt
214 1988 324 2056 Trogus
338 1992 367 2039 et
387 1985 569 2055 Pompeium,
585 1991 614 2038 et
628 1984 720 2038 crateri
736 1984 783 2054 qui
800 1983 934 2038 barbaras
976 1985 1035 2053 ejus
1050 1984 1219 2054 egredietur,
1234 1984 1300 2056 quia
1310 1984 1344 2039 ad
1360 2002 1470 2055 poenam
1480 1987 1777 2045 secundumsuafaottt

133 2077 267 2130 historias
277 2076 516 2145 conscripserunt.
536 2075 594 2127 Noc
607 2079 738 2127 contenta
750 2074 809 2126 suis
821 2074 932 2138 sraibus,
975 2073 1114 2140 tradetur,
1131 2079 1159 2127 et
1172 2074 1248 2128 illius
1260 2075 1391 2143 potestati
1403 2074 1777 2147 per·mittuutttritnpii,sicut
1876 2144 1878 2148 y

129 2166 186 2220 huc
200 2165 323 2235 illucque
338 2163 507 2228 diaconumt,
528 2161 683 2232 vagabatur
705 2178 789 2232 super
804 2162 934 2231 altitudi·
976 2161 1103 2217 Philetus
1124 2168 1153 2215 et
1178 2163 1378 2232 llermogeneS,
1395 2176 1465 2232 quas
1488 2164 1640 2235 Apostolus
1659 2166 1777 2237 tradidit

131 2271 198 2308 nem
212 2261 304 2318 terrae,
323 2259 402 2322 rapto
419 2253 510 2305 vivens
525 2251 665 2320 etgladio,
682 2257 711 2304 et
726 2251 871 2320 possidens
887 2267 935 2305 ur·
978 2251 1097 2316 Satanae,
1115 2257 1146 2305 ut
1160 2251 1300 2304 discerent
1314 2267 1371 2306 non
1384 2251 1589 2322 blasphemare.
1600 2275 1619 2306 ,ι
1640 2255 1776 2326 Nttnqnid

131 2343 183 2397 bes
199 2359 255 2397 non
269 2359 345 2395 suas.
362 2360 376 2392 ι
393 2341 432 2394 Ex
446 2340 598 2410 semetipsa
606 2339 743 2410 judicium
758 2349 865 2393 etonus
875 2341 936 2409 ejus
977 2355 1032 2393 non
1048 2346 1079 2393 tu
1093 2356 1110 2392 a
1125 2339 1272 2410 principio,
1282 2339 1773 2410 DomineDeusmeustsanctemant,

132 2432 304 2503 egredietur.
322 2430 454 2484 Leviores
469 2429 563 2499 pardis
575 2429 640 2499 equi
656 2430 726 2498 eiua,
743 2436 770 2482 et
788 2429 935 2483 velociores
977 2432 1006 2480 et
1019 2444 1076 2481 non
1091 2427 1291 2484 moriemurlrr
1308 2429 1626 2501 lntclligeosprophdta
1637 2448 1670 2487 ox
1684 2433 1775 2491 verbis

132 2521 208 2592 lupis
223 2518 398 2590 vespertinis,
411 2523 439 2570 et
448 2516 641 2570 diffundentur
651 2517 760 2586 equites
770 2517 839 2585 eins.
850 2516 935 2587 Equi·
976 2517 1406 2586 respondentisDonrini,idoirco
1413 2519 1775 2576 Nabuchodonosoreontra

130 2616 175 2665 tes
190 2625 314 2678 namque
326 2609 388 2677 ejus
404 2607 439 2660 de
454 2607 538 2675 longe
563 2605 686 2672 venient,
703 2605 836 2658 volabunt
855 2605 934 2675 quasi
975 2605 1774 2680 lunarat-erdatorumcontrar'ustosaccepissepotesta

127 2699 227 2770 aquila
237 2697 374 2751 testinans
385 2694 419 2748 ad
431 2693 753 2748 comedendumOrrrnes
764 2693 797 2746 ad
811 2695 934 2763 praedam
975 2701 1031 2748 tem
1041 2695 1118 2763 justo
1125 2695 1247 2764 judicio:
1261 2696 1336 2765 quod
1345 2712 1410 2750 vero
1421 2695 1541 2752 vivimus
1551 2704 1580 2751 et
1590 2696 1625 2751 ab
1638 2714 1672 2752 so
1682 2699 1774 2754 interr·

128 2788 273 2842 venient.»
289 2786 347 2840 Hoc
355 2790 408 2840 est.
423 2800 456 2837 ex
468 2799 519 2837 sua
533 2789 618 2853 genta
635 2782 774 2853 principes
788 2789 815 2835 et
823 2782 933 2852 judices
974 2782 1037 2836 fecti
1052 2800 1107 2837 non
1122 2801 1230 2847 sumus,
1247 2790 1302 2837 tua
1318 2784 1473 2838 clementiae
1493 2792 1545 2838 esta
1564 2804 1576 2834 ι
1593 2786 1722 2851 Domlne,
1742 2787 1773 2842 in

127 2876 293 2940 constituet,
311 2890 363 2927 nec
375 2871 490 2927 habebit
504 2871 640 2925 satellites
654 2871 775 2924 aliarum
789 2871 928 2941 gentium.
971 2872 1108 2942 judicium
1124 2871 1240 2943 posuisti
1256 2889 1319 2927 eum
1332 2891 1345 2924 rt
1359 2872 1386 2927 id
1399 2879 1443 2927 est
1454 2872 1721 2940 Nabuchodonosorr
1743 2880 1772 2930 et

125 2964 181 3020 Vel
196 2970 273 3018 certe
287 2980 318 3016 ex
333 2963 395 3033 ipsa
405 2961 544 3032 judicium
556 2962 617 3032 ejus
630 2960 799 3031 egredietur,
810 2961 932 3025 ut,sicut
973 2977 1024 3031 per
1038 2960 1098 3031 ejus
1115 2960 1267 3032 potentiam
1290 2961 1365 3030 iuste
1377 2961 1497 3031 judices,
1525 2967 1554 3017 et
1572 2964 1696 3034 corrigas
1710 2967 1773 3036 pa‘tt·

126 3054 206 3121 fecit,
223 3054 263 3107 sic
277 3052 404 3122 recipiat,
428 3057 458 3104 et
478 3050 550 3104 sicut
574 3049 693 3128 vastavit
717 3048 796 3113 alios,
811 3050 852 3103 sic
871 3050 932 3120 ipsa
973 3056 1076 3103 cantes.
1096 3050 1154 3103 lloc
1166 3060 1209 3103 est
1218 3050 1291 3102 enim
1308 3050 1381 3120 quod
1398 3051 1560 3121 sequitant
1575 3057 1603 3106 et
1616 3053 1771 3121 fortemqvlt
1841 3043 1849 3058 ’

128 3150 265 3197 vastetur.
291 3141 430 3206 Leviores,
455 3139 483 3192 id
511 3145 554 3192 est
580 3139 730 3192 velociores
752 3138 847 3209 pardis
867 3139 932 3210 equi
973 3140 1138 3210 corriperes,
1154 3138 1377 3195 landastieumr
1398 3140 1426 3193 id
1441 3146 1484 3193 est
1499 3139 1534 3193 ad
1549 3141 1601 3193 hoc
1615 3146 1724 3196 tantam
1743 3149 1772 3198 et

128 3232 202 3303 eine,
220 3230 294 3302 quod
310 3235 353 3284 est
368 3229 472 3283 animal
484 3227 700 3292 velocissimum,
714 3232 742 3280 et
756 3228 873 3297 pulchra
888 3244 932 3281 va·
972 3233 1030 3281 tam
1046 3229 1165 3281 solidam
1178 3228 1203 3282 ei
1213 3228 1314 3282 dedisti
1327 3229 1697 3300 tortitudinem,stperean
1707 3248 1772 3286 cor·
1833 3279 1838 3287 .

128 3322 232 3377 melate
247 3316 519 3387 distinctumLupis
535 3333 646 3386 quoque
661 3315 929 3387 vespertiniscorum
971 3317 1079 3388 riperes
1093 3318 1299 3389 delinquentes.
1316 3319 1379 3372 llaec
1395 3323 1500 3382 autern,
1514 3329 1576 3388 quat
1591 3320 1626 3374 ad
1645 3320 1770 3376 litterata

133 3425 218 3480 equos
231 3414 385 3480 comparat,
403 3406 469 3478 quia
483 3404 756 3458 saeviores'dicuntur
770 3410 851 3457 nocte
871 3422 931 3460 esse
972 3405 1006 3460 de
1020 3406 1156 3460 Chaldaeis
1172 3414 1200 3460 et
1210 3423 1276 3477 rege
1291 3424 1387 3461 eorum
1400 3407 1543 3474 dicuutur,
1553 3414 1671 3477 potsunt
1682 3410 1768 3465 eliath

136 3499 232 3562 vicina,
248 3497 351 3552 diurna
361 3497 435 3549 tame
450 3495 479 3548 in
494 3493 599 3547 rabiem
616 3492 931 3562 concitati.Comparan-
971 3495 1006 3547 ad
1020 3495 1163 3550 diabolum
1178 3495 1286 3563 reterri,
1299 3513 1382 3566 quern
1392 3496 1466 3550 Deus
1476 3497 1619 3565 injudicio
1627 3499 1730 3567 posuit,
1741 3503 1771 3553 at

108 3618 112 3623 -
138 3591 300 3656 torqueque
313 3585 424 3655 aquilae,
441 3599 501 3653 quae
515 3581 689 3635 velocissime
704 3580 817 3634 testinat
830 3581 865 3634 ad
880 3581 929 3635 de·
970 3584 1051 3653 quasi
1079 3584 1236 3637 carnificem
1259 3584 1454 3650 fortissimum,
1476 3589 1660 3654 utpereum
1677 3587 1768 3642 malet

140 3674 295 3729 vorandum.
308 3673 462 3744 Sequitur:
479 3670 599 3724 ‘Facies
614 3687 710 3724 eorum
723 3678 822 3724 ventus
834 3687 926 3738 urens,
969 3672 1113 3745 suppliciis
1128 3673 1242 3736 afliciat,
1256 3672 1344 3725 bonos
1360 3678 1454 3727 autern
1469 3672 1714 3743 stilistasprobetr

146 3768 169 3817 tt
179 3762 355 3835 congregabit
374 3761 455 3832 quasi
478 3775 592 3813 arenam
609 3758 807 3829 captivitatem,
826 3765 854 3812 et
868 3759 929 3829 ipse
1007 3780 1018 3809 ι
1037 3760 1135 3814 Mundi
1151 3768 1218 3814 sunt
1231 3760 1304 3814 oculi
1317 3759 1369 3824 tui,
1387 3778 1422 3816 ne
1434 3761 1527 3816 videas
1541 3763 1656 3828 malum,
1674 3768 1705 3818 et
1722 3779 1765 3819 rs·

148 3850 174 3905 de
198 3851 306 3922 regibus
328 3847 523 3920 triumphabit,
549 3854 577 3900 et
598 3847 711 3918 tyranni
732 3847 843 3902 ridiculi
867 3849 928 3918 ejus
969 3849 1077 3921 spicere
1092 3850 1127 3903 ad
1142 3849 1317 3922 iniquitatem
1329 3865 1385 3903 non
1402 3850 1515 3919 poteris.
1538 3852 1766 3923 aSoidtinquit),

151 3947 225 3996 erunt
249 3941 310 4012 lpse
335 3955 420 4010 super
439 3954 551 3992 omnem
569 3934 752 3991 munitionem
769 3936 879 4002 ridebit,
900 3942 929 3990 et
969 3937 1175 4008 Domine,quod
1187 3938 1293 3991 malurn
1303 3944 1332 3990 et
1342 3938 1550 4006 injustumnon
1558 3938 1680 3995 libenter
1690 3940 1766 4010 aspl-

152 4028 317 4099 comportabit
335 4043 478 4098 aggerem,
500 4033 528 4079 et
542 4025 634 4096 capiet
648 4041 723 4082 eam.
743 4025 820 4079 Tunc
833 4029 927 4079 muta·
969 4025 1036 4088 cias,
1050 4042 1100 4078 nec
1111 4032 1203 4096 potest
1216 4025 1364 4095 quisquam
1380 4024 1512 4079 dubitare
1525 4025 1561 4081 de
1571 4027 1685 4095 justitia
1705 4032 1765 4085 tuat

154 4112 211 4170 bitur
228 4118 355 4189 spiritus,
379 4122 407 4170 et
427 4114 619 4186 pertransibit.
636 4120 664 4167 et
682 4122 802 4167 corruet.
820 4132 833 4166 ι
851 4114 926 4177 Quo·
968 4114 1226 4180 Verumtamoncur
1232 4113 1371 4185 permittis
1382 4112 1766 4186 Babyloniestautaagere,at

156 4204 217 4260 nodo
228 4207 261 4261 ad
275 4207 374 4262 ilatum
384 4205 490 4261 urentis
505 4204 579 4257 venti
589 4211 690 4258 cuncta
697 4210 873 4257 marcescunt
886 4203 927 4256 vi·
968 4204 1004 4257 ab
1018 4203 1105 4273 impio
1126 4202 1384 4257 Nabuchodonosor
1401 4203 1508 4271 justum
1529 4203 1649 4273 opprimi
1664 4203 1765 4279 israeli

156 4294 234 4362 tentia,
243 4297 283 4349 ita
297 4295 333 4349 ad
348 4300 491 4365 aspectum
504 4293 616 4345 illorum
628 4291 722 4344 omnia
730 4291 924 4358 vastabuntur,
1005 4311 1017 4343 ι
1035 4291 1127 4355 Quare
1135 4307 1189 4345 non
1201 4289 1315 4361 respicis
1323 4308 1409 4361 super
1417 4291 1514 4361 inique
1525 4299 1766 4361 agentemotttrbes

157 4379 281 4455 artusque
296 4380 350 4437 erit
373 4398 507 4436 numerus
531 4380 629 4450 praedae
649 4386 678 4433 et
691 4379 875 4450 captivorum,
896 4373 957 4434 urb
967 4380 1118 4434 devorante
1133 4381 1219 4450 impio
1228 4378 1376 4450 justiorem
1392 4396 1422 4440 se
1432 4379 1467 4432 t»
1482 4381 1596 4438 tusum
1610 4390 1707 4440 autetu
1721 4384 1766 4439 die

158 4480 224 4527 trena
238 4473 322 4526 maris
336 4470 549 4542 possitaequari,
566 4470 639 4538 quod
655 4474 749 4521 tamen
764 4484 813 4538 per
827 4469 927 4539 hyper·
968 4469 1057 4523 cimus
1067 4470 1164 4533 lsrael,
1179 4484 1233 4523 uon
1249 4469 1322 4539 quod
1334 4469 1456 4538 perfecte
1464 4471 1559 4539 justas
1569 4470 1618 4534 stt,
1628 4471 1763 4542 sedqnad

158 4551 217 4614 bolen
225 4560 417 4633 accipiendum
429 4556 547 4629 est.lpse
563 4558 714 4628 quoque,id
728 4565 770 4611 est
780 4553 925 4612 Nabucho·
967 4546 997 4612 in
1008 4558 1217 4630 comparatione
1230 4557 1415 4629 opprimentis
1428 4557 1508 4628 impii
1518 4560 1612 4627 justus
1626 4560 1764 4619 amaturi

158 4641 297 4715 donosor‚de
306 4647 421 4718 regibus
431 4647 688 4701 subaudisaliarum
696 4647 928 4716 gentiumtriunr·
1006 4647 1065 4699 ιΕι
1080 4647 1165 4699 facies
1183 4645 1306 4700 bortrinis
1317 4645 1396 4717 quasi
1411 4646 1502 4717 pisces
1522 4647 1618 4711 maris,
1640 4652 1669 4708 et
1686 4646 1767 4717 qnasi

158 4731 237 4800 phatir.
263 4760 275 4790 ι
300 4734 335 4791 Et
358 4736 472 4808 tyranni
496 4735 606 4789 ridiculi
622 4738 682 4806 eius
706 4742 799 4800 erunt,
821 4754 834 4788 ι
856 4753 926 4807 quos
967 4736 1067 4807 reptile
1081 4752 1136 4789 non
1154 4735 1766 4809 habeasprincipem.»Sicut.tiuquitlpisces

158 4821 306 4898 hiunrmans
330 4832 397 4880 ante
417 4841 499 4879 suum
523 4841 636 4878 currum
660 4824 816 4895 praecedere
831 4825 924 4895 saciet,
968 4825 1054 4878 maris
1070 4832 1099 4878 et
1113 4823 1316 4883 irrationabilia
1324 4825 1455 4892 jumenta
1466 4823 1682 4893 streptiliasine
1693 4823 1768 4895 pria·

157 4913 269 4988 tltttaque
283 4915 337 4971 erit
352 4913 499 4986 superbia,
516 4920 548 4966 ut
563 4918 693 4966 naturum
709 4929 843 4983 superare
857 4930 924 4968 con·
967 4913 1028 4984 cipe
1043 4919 1119 4978 sunt,
1135 4918 1163 4966 et
1178 4912 1334 4980 inlustriora
1348 4912 1519 4975 devorantur
1532 4928 1550 4965 a
1561 4900 1767 4979 tortioribus,et

157 5001 241 5064 tendat,
268 5004 393 5075 Denique
418 5001 685 5065 Nabuchodonosor,
710 5002 803 5056 volens
826 5019 925 5074 capere
967 5003 1014 5073 qui
1028 5003 1075 5072 jus
1092 5000 1177 5055 babet
1191 5001 1303 5064 virium,
1320 5001 1484 5055 dominatur
1496 5001 1768 5068 inultorumpioiffi

156 5083 235 5156 Tyrum
249 5093 390 5147 civitatem
412 5090 442 5143 in
466 5090 552 5142 maris
577 5089 668 5143 medio
691 5089 783 5154 sitam,
795 5091 878 5161 jactis
896 5092 927 5146 in
968 5099 1012 5146 ter
1026 5091 1152 5145 homines
1164 5090 1235 5143 nihil
1249 5090 1322 5143 valet
1334 5089 1414 5154 ratio,
1424 5090 1473 5145 sed
1483 5091 1656 5156 tortitudine,
1666 5092 1768 5149 eunom

155 5189 213 5232 nare
225 5180 366 5235 immensis
381 5179 511 5244 molibuS,
524 5184 632 5231 tantum
647 5186 830 5251 comportant
844 5196 928 5249 agge·
969 5183 1041 5234 srunt
1067 5179 1104 5234 Et
1119 5195 1181 5233 oum
1198 5185 1247 5232 tua
1260 5179 1434 5249 providentia
1448 5187 1584 5249 regantur
1594 5180 1700 5244 omniu,
1710 5195 1768 5237 noa

154 5267 749 5340 ren,utpeneipsurrrmareinsularnlaceret,
762 5269 830 5321 utin
846 5269 927 5338 aquis
968 5286 1082 5341 possum
1104 5268 1176 5322 scire
1198 5284 1248 5321 cur
1270 5267 1374 5339 impius
1400 5269 1617 5338 vinceajustus,
1629 5269 1768 5327 vineatam

151 5355 258 5425 pedestre
273 5359 328 5411 iter
340 5356 480 5410 statuerit.
500 5355 615 5410 Ridebit
637 5356 702 5425 (ait)
715 5373 800 5426 super
813 5375 928 5412 omnem
968 5357 1029 5412 Hoc
1043 5367 1136 5411 autern
1150 5355 1228 5419 dicit,
1245 5373 1301 5411 non
1316 5358 1392 5428 quod
1406 5358 1446 5423 sio¹
1467 5358 1583 5424 sentiat,
1601 5357 1651 5412 sod
1664 5358 1769 5415 huma-

150 5447 325 5513 nunitionem,
340 5444 559 5517 quasisacillime
572 5445 634 5515 capi
648 5445 745 5515 possit,
760 5457 789 5498 et
802 5463 927 5519 compor—
968 5461 1011 5501 nae
1025 5444 1209 5519 impatientiae
1221 5445 1337 5517 suscipit
1351 5445 1483 5501 formam.

178 5534 231 5602 ras
243 5551 300 5602 uno
312 5541 341 5590 et
354 5534 454 5591 eodem
467 5534 539 5589 duos
549 5532 658 5588 inducit
671 5533 831 5605 scriptores.
