3818 6104
132 279 184 336 923
342 280 533 338 muttonis
552 282 798 343 HALBERSTAT.
819 285 934 342 EPlSC·
955 284 1034 340 OPP.
1055 285 1149 340 PARS
1167 283 1190 338 1.
1212 312 1245 326 ·-
1265 282 1454 342 COMMENT.
1474 283 1571 342 Blssh.
1722 286 1763 344 tis

132 408 176 460 tas
187 425 193 460 :
205 409 299 460 Pacem
312 407 439 475 relinquo
448 408 521 460 robis
530 408 618 462 *icon
627 425 685 463 xrs.
696 408 751 476 etr:
764 411 901 465 etiterum
915 411 1017 469 :Anus
1032 413 1126 461 autern
1147 409 1259 478 proprie
1275 408 1380 462 elicitur
1390 408 1667 478 ir·religiosus,quasi
1680 425 1762 479 porro,

133 496 166 550 ln
180 496 228 548 troc
242 501 399 563 coqrsoscent
417 512 509 549 ornnes
525 500 591 564 quia
606 501 661 551 nrei
672 503 736 552 cstis
751 502 892 568 discipuli,
908 503 933 554 si
973 498 1000 550 id
1016 505 1058 550 est
1073 498 1154 566 longe
1169 513 1185 549 a
1200 498 1264 550 tono
1281 504 1308 549 et
1321 497 1428 566 templo
1439 496 1501 554 Dei,
1516 496 1561 550 bic
1571 503 1668 550 autem
1680 514 1724 568 pro
1732 515 1766 552 ca·

133 582 306 638 dilectionum
317 585 471 637 habueritis
486 586 651 639 adinvicem
669 589 719 653 (til.
732 588 849 653 xrrs,35=;
867 605 933 658 pro·
974 586 1133 656 strimargo,
1145 586 1202 639 sive
1218 600 1268 656 pro
1282 585 1330 638 illo
1347 585 1395 655 qui
1408 585 1482 639 utile
1496 601 1550 655 pro
1566 585 1663 639 inutili
1677 587 1765 652 rendit,

135 675 233 741 pterea
244 672 394 742 Apostolus
410 671 477 726 dicit
494 689 500 725 ε
518 674 613 726 Pacem
627 679 779 743 sequimini
792 694 853 729 euni
873 693 929 730 om·
975 675 1099 745 ponitur.
1120 675 1198 737 Quod
1211 673 1283 727 bene
1298 674 1430 743 congruit
1440 674 1527 733 Esau,
1544 674 1595 744 qui
1615 673 1670 727 tuit
1683 676 1765 729 mari·

134 761 217 814 nibus
241 757 331 814 bonis.
355 760 434 815 Pacis
449 769 544 815 autern
565 763 677 817 nornine
693 764 872 835 intelligenda
892 769 935 818 est
975 779 1089 832 margus
1100 771 1185 833 atque
1194 762 1320 832 gulosus,
1328 762 1451 816 vendens
1462 761 1659 833 primogenita
1671 779 1764 833 suepm

134 845 247 901 dilectio
271 855 300 903 et
327 850 485 904 eoncordia·
503 850 693 905 Sanctinsonia
717 861 811 907 autem
831 854 934 908 dicitur
975 852 1020 905 rili
1036 851 1106 906 cibo.
1120 867 1171 922 pro
1187 851 1319 904 lenticula
1330 850 1437 904 seilicet
1445 852 1520 904 ruta.
1531 851 1765 921 Primogenitaau·

134 935 251 991 castitas
265 937 368 991 mentis
382 945 409 991 et
421 939 545 1008 corporis
560 939 630 992 acsi
645 939 750 994 diceret
760 942 813 999 :lta
825 941 932 1010 diligite
975 945 1030 993 torn
1047 941 1101 994 isto
1122 941 1150 994 in
1173 940 1233 993 loeo
1250 940 1429 1010 appellentur
1444 939 1539 993 honor
1558 945 1589 992 et
1604 939 1723 1009 dignitas
1733 956 1765 994 sa

134 1038 230 1079 omnes
240 1025 325 1081 bonos
335 1032 365 1080 ut
376 1027 568 1098 vosmetipsos,
580 1036 608 1081 et
619 1029 657 1081 sic
674 1029 701 1083 in
716 1029 791 1083 robis
805 1031 930 1096 castitas,
972 1029 1100 1084 cerdatii.
1118 1031 1190 1083 Ante
1205 1029 1392 1082 sacerdotium
1402 1029 1480 1082 enim
1496 1032 1608 1095 Aaron,
1624 1044 1679 1099 qno
1692 1043 1707 1081 a
1720 1028 1764 1083 lieo

133 1113 191 1167 sive
204 1114 344 1169 munditia
355 1115 457 1169 urentis
475 1117 645 1186 etcorporis.
655 1118 786 1188 quoniam
798 1119 857 1172 sine
865 1134 932 1189 pace
973 1119 1155 1172 constitutum
1165 1123 1208 1170 est
1223 1118 1251 1171 in
1263 1119 1334 1188 lege,
1344 1133 1442 1170 omnes
1451 1117 1643 1187 primogeniti
1655 1118 1764 1171 sacerdo-

134 1202 358 1257 etsanetimonia
369 1220 451 1258 nerim
467 1204 577 1263 ridebis
588 1207 685 1261 ileum.
704 1209 779 1261 Bruti
792 1211 866 1260 euim
879 1223 932 1275 pc·
973 1213 1016 1262 tes
1030 1214 1109 1260 erant
1123 1207 1196 1261 sieut
1210 1206 1263 1260 tuit
1283 1205 1347 1260 Sem
1370 1207 1417 1276 qui
1439 1211 1467 1260 et
1494 1206 1702 1260 Melchisedech
1722 1207 1765 1277 pri·

134 1293 351 1359 cr'fici,qnonioni
367 1297 421 1361 ipsi
430 1295 485 1360 filii
497 1295 730 1349 beiroeubmrtue.
742 1297 932 1350 beatimundo
974 1296 1134 1366 mogenitus
1153 1295 1226 1349 tilius
1250 1296 1309 1348 Noe
1324 1294 1386 1348 tuit.
1403 1295 1509 1364 Magna
1531 1295 1641 1348 etenim
1660 1294 1765 1364 dignitas

135 1379 358 1447 eor·de,quoniom
375 1382 429 1448 ipsi
443 1383 529 1435 berem
544 1383 674 1435 rietebunt
689 1384 796 1447 (blattis.
812 1386 848 1452 r).
865 1386 932 1438 Con-
974 1394 1034 1438 erat
1050 1385 1153 1438 trabere
1168 1383 1366 1454 primogenita,
1382 1383 1518 1452 quoniam
1531 1383 1611 1436 etde
1626 1382 1766 1437 substantia

137 1468 296 1533 terrrptcntes
324 1472 419 1536 nequis
446 1471 514 1523 desit
547 1475 644 1537 pratia
677 1474 733 1525 bei
763 1472 834 1536 Quid
865 1473 933 1527 elicit
975 1473 1372 1542 ntaiselnereditatepaterna
1396 1471 1538 1540 majorem
1561 1471 1765 1541 portionemsu·

136 1554 367 1625 contemplantes,
382 1557 408 1610 id
424 1564 466 1611 est
484 1557 633 1628 diligenter
654 1561 831 1615 attendentes
847 1567 932 1632 atque
975 1560 1499 1629 mebant,vestimentorrnuqueornatu
1514 1560 1765 1631 locupletiorsplen

136 1641 354 1707 considerantes.
370 1651 402 1699 ut
414 1646 476 1715 quis
492 1653 613 1700 restrum
630 1648 696 1702 dicit
710 1650 803 1718 gratia
821 1650 880 1715 Dei,
893 1651 933 1704 sic
975 1649 1068 1702 debat.
1085 1649 1165 1703 Unde
1181 1650 1285 1719 legitur
1300 1649 1328 1702 in
1344 1646 1458 1713 Genesi,
1476 1648 1554 1718 quod
1571 1648 1695 1702 Rebecca
1705 1649 1765 1701 soci·

135 1730 261 1802 loquitur
274 1747 336 1787 cum
353 1733 393 1787 eis
408 1740 613 1806 tanquamcum
629 1738 791 1798 viatoribus,
809 1740 930 1810 quicum
943 1719 1054 1808 Bpiens
1069 1738 1234 1791 vestimenta
1246 1737 1320 1791 Esau
1331 1737 1411 1790 valde
1424 1735 1512 1798 bona,
1529 1753 1595 1808 quae
1605 1737 1679 1807 apud
1693 1736 1766 1790 sedo

135 1834 253 1874 numero
276 1827 304 1875 et
316 1823 451 1877 comitatu
478 1823 506 1878 in
531 1826 614 1894 longa
630 1826 731 1880 itinera
748 1834 933 1896 permaneant
974 1827 1011 1879 mi
1028 1826 1161 1892 habebat,
1172 1826 1266 1879 induit
1277 1841 1309 1879 ea
1324 1824 1417 1887 Jacob,
1428 1826 1526 1896 sicque
1536 1825 1658 1880 adduxit
1668 1825 1765 1880 eumad

135 1908 237 1979 quibus
247 1910 318 1964 solet
330 1908 423 1966 dicere
438 1913 461 1966 is
476 1912 523 1983 qui
538 1914 578 1967 eis
592 1919 707 1984 praeest:
723 1916 820 1969 Videte
830 1933 864 1970 ne
879 1916 931 1970 ali·
974 1913 1765 1985 patremtdensxvn).Quiutsonsitodorem,xesti1ncu·

136 1997 199 2066 quis
214 2005 359 2054 remaneat
373 2002 420 2071 qui
436 2018 492 2055 non
508 2011 607 2073 pergat
628 2003 790 2064 nobiseum;
810 2004 893 2058 veluti
908 2006 931 2058 si
973 2008 1121 2073 terensque
1132 2002 1393 2073 ejustragrarrtiam,
1403 2002 1489 2055 dixit:
1511 2004 1713 2069 Ecceodorttlii
1721 2007 1764 2056 mei

135 2083 240 2139 diceret
256 2106 261 2139 :
278 2087 340 2141 Non
356 2088 406 2142 hoc
422 2093 530 2142 binium
547 2091 669 2161 requiro,
687 2097 718 2145 ut
733 2108 779 2146 ros
800 2093 850 2147 soli
865 2109 932 2164 gra·
973 2096 1054 2162 qnasi
1063 2094 1201 2159 odoruqri
1213 2094 1312 2157 tibist„
1324 2091 1395 2155 Quia
1407 2107 1475 2161 ergo
1489 2092 1684 2146 interludaeos
1697 2098 1763 2146 eraut

134 2173 204 2227 tiam
219 2177 438 2246 consequamini.
457 2177 633 2249 patriamque
653 2182 793 2235 colestem
810 2182 929 2248 intretis,
973 2181 1086 2251 quidam
1097 2185 1250 2233 sectatores
1262 2180 1334 2233 Esau
1346 2179 1374 2232 in
1390 2178 1674 2250 fornicationemque
1682 2180 1762 2234 custri-

136 2262 184 2315 sod
200 2263 284 2316 etiarn
297 2263 450 2334 inspiciatis
460 2270 489 2318 et
500 2271 623 2320 ceteros·
636 2269 862 2324 Gratiamautom
880 2270 932 2327 liei
974 2270 1094 2339 margia,
1104 2269 1213 2322 reducit
1226 2268 1266 2322 eis
1281 2268 1431 2338 Apostolus
1440 2267 1476 2320 ad
1488 2268 1659 2321 memoriam
1673 2269 1760 2322 iactum

136 2349 212 2415 dicit,
225 2351 318 2410 tidem,
328 2367 416 2422 spem,
433 2358 461 2407 et
471 2353 646 2421 charitatem,
659 2373 709 2427 per
724 2374 793 2428 quas
809 2366 933 2414 meretur
976 2357 1059 2416 esau.
1076 2359 1193 2411 hortans
1206 2357 1360 2410 cavendum
1375 2355 1410 2409 ab
1424 2355 1558 2410 omnibus
1583 2355 1650 2415 illis.
1665 2371 1698 2410 ue
1711 2360 1760 2427 qus

138 2438 223 2492 homo
235 2439 356 2509 gratiam
371 2440 421 2495 Dei
438 2441 713 2515 invenirequiacum
726 2445 787 2500 istis
797 2446 889 2512 habet,
905 2456 934 2503 et
974 2448 1014 2500 illi
1028 2446 1127 2500 similis
1147 2447 1227 2500 tieret
1247 2447 1295 2517 qui
1310 2462 1360 2516 pro
1375 2445 1564 2499 delectatione
1579 2446 1758 2516 temporalium

136 2527 270 2598 reliquas·
282 2531 343 2584 Sive
357 2531 478 2600 gratiam
489 2530 537 2586 [lei
552 2533 619 2588 dicit
631 2535 823 2590 remissionem
839 2554 933 2607 pecca·
975 2553 1080 2593 rerum,
1097 2535 1230 2605 usquead
1247 2535 1392 2588 vendenda
1406 2549 1458 2586 sua
1473 2534 1666 2605 primogenita
1679 2548 1757 2606 perre-

55 2606 61 2616 ’
137 2620 241 2684 torum,
256 2635 317 2688 quac
333 2619 413 2673 nobis
431 2621 520 2689 gratis
533 2621 617 2676 datur
637 2638 653 2677 a
668 2626 725 2678 lieo
738 2625 765 2678 in
784 2624 930 2697 baptismo.
975 2626 1026 2679 nit.
1039 2625 1155 2694 Propria
1165 2623 1304 2694 siquidem
1315 2623 1488 2693 negligentia
1501 2627 1531 2676 et
1543 2624 1697 2694 cupiditate
1710 2639 1756 2676 seu

135 2705 243 2771 Videte,
259 2707 359 2779 inquit,
375 2725 410 2762 ue
426 2709 486 2780 quis
501 2717 625 2765 restrum
641 2713 748 2767 alienus
764 2715 801 2767 sit
816 2715 933 2785 agretia
974 2714 1287 2782 diditlronoremquem
1300 2713 1382 2765 alteo
1398 2717 1575 2782 perceperat,
1585 2719 1614 2766 et
1627 2729 1676 2783 pro
1689 2727 1754 2782 parra

133 2794 195 2875 liei,
208 2813 268 2867 quae
282 2797 366 2852 datur
381 2799 409 2852 in
432 2796 610 2869 baptismate,
627 2803 669 2856 rel
691 2820 708 2856 a
729 2803 783 2856 side
799 2805 931 2875 perfecta,
974 2819 1004 2856 re
1020 2818 1150 2872 magnam
1165 2801 1283 2871 gloriam
1298 2800 1427 2870 perdidit.
1441 2800 1609 2855 Postremus
1619 2802 1704 2855 tactus
1714 2804 1751 2863 est,

135 2885 299 2956 ceterisque
326 2885 483 2952 virtutibus,
502 2904 534 2942 nc
558 2906 612 2957 qua
627 2893 711 2945 raetia
729 2895 932 2947 amaritudinis
974 2893 1021 2962 qui
1037 2899 1098 2945 erat
1110 2892 1217 2962 primus
1235 2890 1339 2960 :etqui
1356 2895 1418 2943 erat
1430 2889 1585 2953 secundus,
1601 2891 1700 2944 mansit
1710 2888 1752 2960 pri·

135 2986 245 3027 surssnn
253 2979 415 3042 pereminens
424 2978 592 3043 capedinem
600 2995 649 3047 per
658 2983 736 3034 iilum
747 2984 932 3050 inquinentur
975 2997 1046 3035 nius.
1057 2981 1156 3037 Scitote
1162 2983 1238 3034 enim
1248 2983 1380 3047 quoniam
1391 2985 1482 3047 postca
1491 2980 1747 3048 cupienrlsaereditcrs

135 3065 229 3115 martti.
246 3063 376 3118 Radieem
392 3064 588 3121 amaritudinis
600 3072 677 3122 rorat
692 3070 861 3124 voluntatem
874 3087 931 3126 ma·
975 3072 1196 3135 benedictionem,
1214 3069 1374 3137 reprobatus
1388 3072 1436 3129 cst,
1446 3067 1611 3122 subaudies
1626 3068 1748 3122 Desilu-

134 3145 930 3228 lampravamqueintentionemmndeproreditpeccatum
973 3165 1017 3211 rat
1042 3157 1161 3211 historia
1185 3156 1302 3209 Genesis
1315 3155 1420 3226 (lbra),
1436 3155 1512 3225 quod
1534 3156 1609 3209 Εευιι
1631 3159 1747 3209 resedens

134 3237 339 3292 amaritudinis.
351 3240 421 3292 Nam
433 3239 504 3293 sicut
516 3243 593 3297 radix
604 3261 700 3298 amara
718 3247 931 3319 nemusculum
972 3247 1006 3299 de
1021 3262 1098 3315 agro,
1115 3253 1146 3299 ut
1155 3244 1291 3314 comperit
1305 3261 1334 3297 se
1346 3249 1519 3313 praesentum
1536 3260 1553 3296 a
1569 3244 1655 3298 fratrs
1671 3244 1702 3296 ad
1712 3240 1744 3294 be·

134 3335 190 3376 non
206 3332 297 3394 potest
309 3331 443 3399 prolerre.
470 3334 517 3386 sed
534 3333 576 3386 sui
590 3333 706 3394 slmiles,
729 3333 781 3386 lroc
794 3339 836 3387 est
851 3351 930 3389 ama·
972 3335 1158 3388 nedietionem
1176 3333 1274 3404 patris,
1288 3332 1359 3385 dixit
1371 3347 1434 3385 cum
1454 3332 1593 3403 lucrymis
1612 3341 1641 3386 et
1653 3332 1747 3386 clamore

133 3414 366 3484 ros,sulplsureus
380 3435 491 3494 quoque
506 3423 568 3476 fons
583 3436 670 3492 aquas
683 3437 737 3475 non
760 3422 863 3476 emittit
879 3423 930 3478 lm-
971 3440 1073 3493 magno
1084 3443 1089 3475 :
1099 3425 1269 3478 it'urrinnom
1281 3421 1494 3474 benedictionem
1505 3422 1597 3486 trabes,
1605 3420 1746 3490 poteritis

133 3498 203 3556 biles
221 3503 256 3558 ud
282 3504 442 3577 bibendum,
458 3511 499 3565 ita
527 3510 598 3565 insila
618 3511 745 3564 voluntas
768 3516 795 3564 et
810 3511 928 3567 intentio
970 3509 1326 3567 nedicatiarnetmihi.cui
1338 3508 1592 3563 isaac:l)ominum
1605 3509 1744 3564 tuumilluu

131 3594 519 3667 pravamalamoperationem
527 3604 701 3669 etpeccatum
712 3600 931 3656 amarituelinisa
973 3600 1149 3664 constitui,et
1157 3598 1284 3666 ultra‚tili
1296 3594 1396 3658 nisibi
1404 3596 1470 3667 quid
1478 3597 1689 3664 iaciam?(lbid.t
1698 3597 1747 3650 Tau·

132 3694 163 3733 se
173 3682 306 3738 emittunt
317 3687 417 3756 quibus
430 3689 582 3761 impeditur
594 3689 648 3742 iter
658 3687 691 3742 ad
704 3689 823 3760 patriam
834 3707 930 3744 ascen·
972 3683 1746 3747 demrictuslsnncelamoribusillius,dediteibenedictio

132 3767 216 3823 dandi
230 3771 472 3848 coelestemmtque
487 3795 536 3848 per
550 3777 626 3830 illam
639 3777 742 3831 malam
756 3777 927 3832 voluntatem
971 3795 1034 3832 nesn
1046 3773 1395 3845 dedititiislmjusseeculi:
1406 3774 1746 3846 etutinhisquseterrspro

133 3856 167 3911 de
197 3874 252 3930 qua
274 3865 428 3932 procedunt
454 3867 561 3920 semina
587 3865 730 3937 nequitie,
746 3866 930 3936 inquinantur
970 3865 1298 3922 ies-tabundaretdioens
1313 3864 1745 3930 :inpinpueetincterraettnmu

134 3946 929 4020 rustiti,quiamollicumsermentumtotaminassameor-
970 3960 1029 4010 cuti
1052 3959 1174 4024 deseepcr,
1205 3957 1258 4007 erit
1280 3953 1427 4005 benedictio
1454 3957 1504 4004 tuo
1533 3954 1637 4018 timet).
1651 3952 1744 4024 Apparet

133 4039 249 4107 rumpit,
277 4046 305 4093 et
331 4057 387 4096 uno
403 4051 515 4114 peceato
530 4044 717 4111 infidelitatis,
735 4044 829 4097 omnia
845 4060 929 4114 opera
971 4062 1037 4116 ergo
1051 4045 1116 4116 quia
1136 4059 1199 4097 cum
1218 4042 1352 4095 voluisset
1363 4039 1532 4094 hereditare
1550 4040 1742 4096 benedictionem

134 4141 195 4195 quaa
209 4134 338 4196 poterant
353 4130 425 4185 bona
435 4149 496 4186 esse
509 4134 707 4203 slepmvantur,
720 4140 748 4185 ct
760 4149 816 4186 uno
832 4149 930 4204 pecca·
970 4142 1128 4205 paternam.
1142 4132 1308 4202 dignitatem
1323 4129 1449 4183 videlicet
1467 4130 1620 4186 sacerdotii
1636 4132 1740 4201 recipere.

132 4215 194 4265 tore
209 4215 289 4268 multi
300 4217 525 4287 coinquinantur.
542 4220 629 4273 Radix
644 4221 718 4273 enirn
734 4220 930 4274 amaritudinis
972 4239 1033 4294 quse
1045 4226 1104 4292 jam
1116 4222 1249 4275 amiserat
1257 4233 1366 4273 necnon
1377 4223 1405 4271 et
1415 4219 1599 4273 sanctitatem
1611 4220 1692 4291 patris
1699 4228 1740 4270 cub

134 4300 293 4369 specialiter
302 4312 445 4374 peccatum
462 4308 635 4362 intldelitatis
649 4313 740 4380 potest
752 4308 880 4378 intelligi,
895 4309 929 4362 li·
939 4348 962 4406 D
972 4311 1072 4381 spiritu
1083 4309 1369 4381 proplietiucpeccatis
1379 4306 1600 4378 impedientibus
1609 4309 1643 4362 ad
1655 4309 1741 4376 sape·

134 4391 180 4441 cet
193 4390 227 4442 ad
242 4392 345 4445 malam
358 4394 539 4461 voluntatem,
560 4404 645 4467 atque
669 4397 853 4451 intentionem
879 4413 928 4450 ne·
970 4401 1071 4453 ductus
1085 4405 1137 4466 est,
1154 4404 1185 4452 ut
1198 4396 1396 4469 reprobaretur
1409 4411 1426 4449 a
1440 4395 1507 4462 Deo,
1520 4404 1551 4451 et
1564 4397 1740 4452 fraudaretutt

136 4493 230 4547 quam,
245 4486 276 4534 ut
290 4480 423 4554 diximus,
437 4484 585 4538 reseratur.
601 4487 634 4539 Et
644 4502 767 4553 congrue
783 4494 928 4557 peccatum
971 4489 1058 4542 fratre
1073 4486 1264 4541 benedictione
1279 4491 1406 4556 paterna.
1419 4484 1499 4538 Unde
1509 4491 1539 4538 et
1552 4489 1687 4558 sequitur:
1698 4482 1738 4536 itit

135 4582 261 4624 amarum
277 4569 347 4625 dixit
360 4589 429 4639 esse,
447 4573 578 4644 quoniam
594 4574 663 4629 nihil
683 4576 807 4629 asnarius
826 4583 868 4629 est
882 4576 930 4630 illo
971 4581 1045 4630 enim
1061 4579 1165 4630 inuenit
1176 4578 1344 4644 punitentia
1359 4576 1458 4631 tectim,
1473 4589 1636 4642 quanquam
1650 4587 1702 4627 cun
1712 4569 1738 4620 lt·

135 4665 283 4730 postquam
303 4661 388 4716 inerit
412 4668 613 4734 perpetratum.
636 4664 714 4727 Quod
740 4667 930 4734 experimento
972 4669 1076 4735 erpnn's
1088 4668 1246 4734 inquisisset
1262 4679 1333 4717 eoru.
1346 4663 1440 4725 Quare
1450 4677 1506 4715 non
1521 4662 1627 4716 invenit
1637 4660 1738 4734 peniter-

135 4755 300 4815 agnoscunt,
317 4749 364 4821 qui
377 4757 439 4822 post
453 4751 606 4804 admissum
629 4749 773 4814 delictum,
787 4753 931 4807 conscien-
972 4754 1017 4808 tiae
1044 4755 1145 4817 locum,
1159 4754 1186 4806 id
1210 4758 1252 4806 est
1274 4751 1382 4805 reniam
1399 4751 1736 4821 perpendendumque

135 4834 181 4888 tias
192 4852 309 4892 nsoerore
324 4847 511 4904 macerantur,
528 4839 645 4912 direque
659 4841 727 4895 satis
742 4841 931 4896 ansaritudine
972 4859 1035 4896 curu
1046 4842 1179 4913 lacrymis
1190 4839 1336 4911 quaesivit?
1344 4838 1415 4902 Quia
1426 4837 1465 4890 ita
1478 4854 1536 4891 non
1548 4831 1737 4910 quaeritate

136 4936 338 4982 consumuntur
362 4930 390 4983 in
409 4936 518 4983 tanturn
543 4936 573 4983 ut
587 4930 745 4984 amaritudo
762 4930 849 5001 ipsius
865 4931 931 4984 deli·
972 4926 1550 5001 buit.Laerynneenimilleeindignationis
1561 4923 1736 4997 lueruntpotius

137 5010 183 5074 ⁰¹5,
198 5012 287 5082 ipsum
301 5016 484 5080 intellectum,
502 5018 648 5090 ipsamque
664 5019 801 5073 rationem
826 5020 931 5090 aliquo·
972 5019 1066 5074 amissi
1076 5020 1188 5072 honoris
1201 5025 1229 5072 et
1243 5016 1366 5071 rancoris
1381 5023 1477 5069 eontra
1489 5016 1605 5071 fratrem
1621 5032 1693 5088 quau
1705 5010 1736 5063 ht·

133 5097 186 5151 ties
196 5101 349 5169 subvertat,
370 5107 486 5161 sicutde
502 5108 570 5163 Cain
587 5106 707 5180 legimus
723 5108 811 5179 quiin
830 5108 930 5180 despe-
970 5109 1098 5163 militatis
1110 5124 1235 5178 serasque
1246 5104 1507 5177 poenitentiae,unde
1522 5113 1552 5160 et
1562 5107 1644 5162 dixit:
1661 5100 1736 5158 i'entert

133 5187 270 5241 rationem
282 5192 346 5245 ruit.
970 5199 1122 5251 diesiuctus
1129 5198 1220 5264 pratris
1231 5199 1284 5249 mei
1293 5200 1321 5247 ut
1329 5195 1449 5247 occidam
1458 5194 1543 5247 iacob
1551 5197 1735 5261 secernendo

164 5277 204 5329 ll'c
218 5281 279 5346 quis
291 5279 446 5345 sornieotm·
457 5290 507 5336 aret
520 5287 656 5353 profonas
669 5293 701 5339 ut
717 5287 853 5354 esusque
865 5302 928 5355 peo-
968 5287 1074 5355 (lbieli,
1087 5291 1258 5355 quapropter
1269 5296 1428 5354 quanquam
1444 5296 1508 5334 cum
1522 5281 1655 5356 lacrymis
1673 5273 1736 5346 inqt't·

126 5368 283 5434 ptereenunr
296 5383 381 5421 escam
398 5373 712 5443 ueridietitprimogenita
726 5375 923 5428 snuFmrriea-
968 5374 1050 5428 sisset
1068 5389 1139 5438 earn,
1159 5375 1217 5443 jam
1234 5373 1267 5426 ad
1286 5372 1364 5425 illurn
1381 5371 1471 5423 locum
1497 5364 1691 5427 benedictionis
1702 5376 1737 5418 not

127 5456 173 5508 tor
185 5454 342 5526 appellatur
358 5456 490 5528 Esnuqui
506 5468 602 5513 contra
619 5463 789 5517 voluntatem
804 5463 925 5534 patriset
966 5464 1058 5534 potuit
1073 5463 1217 5534 pervenire.
1231 5469 1263 5515 nt
1277 5462 1365 5514 irater
1379 5478 1446 5514 suus
1490 5460 1533 5513 lta
1548 5462 1624 5516 enim
1638 5442 1740 5515 deinoi

126 5544 225 5600 matris
242 5560 342 5600 uxores
356 5546 530 5618 alienigenas
545 5548 925 5625 duxitttien.xxxv1t.Proia·
971 5553 1116 5624 poenitere,
1135 5552 1207 5607 sicut
1219 5552 1254 5606 de
1273 5553 1357 5606 Petro
1379 5551 1512 5621 legimus,
1529 5552 1579 5624 qui
1601 5568 1663 5608 cum
1674 5542 1741 5605 boot·
