3818 6104
173 288 228 347 879
403 288 593 342 llhl'leNlS
611 287 853 343 lintuntlsrn'r.
870 287 982 343 El‘lSC.
998 285 1077 341 Oi'l‘.
1096 287 1188 342 PARS
1204 288 1225 341 l.
1243 318 1273 328 -
1289 288 1477 348 COMMENT.
1493 290 1588 347 ulus.
1756 294 1806 352 880

174 419 279 474 Dividit
292 419 367 473 suita
382 416 451 472 illud
467 415 602 486 templum
620 414 776 469 Salomonis
787 413 887 467 beatus
898 415 970 483 Apo·
978 414 1003 473 Α
1012 417 1186 477 sanctorum,
1197 417 1329 467 araturus
1344 429 1395 483 pro
1403 414 1555 484 populo,et
1569 415 1708 470 Dominus
1717 422 1806 472 noster

174 509 263 563 stolus
274 508 302 561 in
320 507 375 561 duo
391 503 588 559 tabernacula:
606 506 634 556 et
661 502 782 572 primum
799 502 911 571 quidem
927 508 970 555 ta·
1012 500 1208 568 pontiliacum
1223 501 1360 572 sanguine
1381 502 1520 572 passionis
1548 519 1617 566 sure,
1634 504 1733 558 eadem
1747 521 1804 576 prs·

174 596 357 651 bernaculum
370 594 492 664 appellat
506 593 581 645 illam
598 596 705 660 partem
720 590 818 660 templi
829 589 876 643 ubi
890 594 972 643 errent
1011 589 1088 643 sione
1098 595 1355 660 peracta,reserato
1371 591 1451 657 cralo,
1463 591 1568 646 Sancta
1589 597 1752 646 sanctorum
1765 610 1805 666 pe·

173 681 339 739 candelabra
354 686 382 734 et
398 695 505 741 ureasa,
519 693 697 748 superquam
713 677 888 747 ponebantur
898 676 969 731 duo·
1011 678 1196 740 netravit,ubi
1204 677 1314 733 assidue
1322 679 1411 741 Deum
1421 686 1530 750 patrem
1541 686 1644 735 exorat
1657 698 1708 753 pro
1715 681 1800 744 nobis.

173 773 261 827 decim
269 786 355 842 panes
366 768 458 828 calidi,
471 784 517 820 sex
528 767 603 824 hinc,
626 773 655 820 et
681 782 728 819 sex
745 765 818 829 inde,
834 771 863 818 et
884 781 970 835 super
1011 767 1391 821 lnSanctasanctorumerat
1404 767 1669 841 thuribulum,quia
1685 771 1803 829 Christis

172 876 259 933 panes
269 858 331 912 dure
343 856 443 928 patinae
454 871 555 916 aureae,
568 855 657 926 plenae
667 855 767 907 thure:
786 869 840 907 una
855 853 929 920 hinc,
941 859 970 907 rt
1010 854 1038 908 in
1053 855 1168 908 secretis
1181 856 1279 925 patriar
1295 857 1416 910 coelestis
1430 857 1560 912 consistit
1579 875 1633 929 per
1650 875 1736 931 quern
1748 876 1801 916 ors·

172 941 967 1013 altareinde,eratquesibiasubbatousqueadsabbatum,
1009 943 1101 997 tiones
1114 949 1225 997 nostras
1235 943 1269 996 ad
1285 943 1373 997 Deum
1385 944 1499 998 Patrem
1511 944 1674 1016 dirigimus.
1691 948 1801 1004 treats

172 1043 201 1090 et
215 1039 276 1089 erat
286 1032 324 1087 ibi
339 1032 428 1087 altare
438 1048 566 1097 aureum,
578 1030 625 1085 ubi
639 1030 808 1085 oflerebatur
822 1030 967 1084 incensum
1009 1030 1142 1085 atamenti
1158 1032 1340 1086 circumtecta
1350 1049 1384 1085 ex
1397 1033 1475 1087 omni
1487 1039 1568 1104 parte
1587 1050 1671 1101 auro,
1687 1051 1752 1090 caro
1765 1040 1800 1093 ast

172 1121 365 1195 thymiamatis
379 1136 461 1174 mane
472 1126 501 1174 et
516 1135 640 1190 vespere,
652 1136 714 1173 rum
731 1134 784 1188 quir
804 1125 884 1190 parte
898 1124 968 1173 tem·
1009 1118 1120 1173 Domini
1134 1119 1222 1173 nostri
1235 1119 1397 1183 salvatoris,
1411 1121 1460 1192 qui
1474 1127 1574 1176 auctor
1600 1128 1644 1178 est
1663 1123 1798 1197 utriusqus

170 1210 209 1283 pli
219 1209 431 1283 comprehendit
452 1208 543 1262 altare
565 1206 801 1267 holocaustorum,
817 1206 891 1277 quod
907 1211 969 1261 erat
1008 1208 1180 1274 testamenti,
1195 1213 1224 1262 et
1240 1208 1287 1279 qui
1302 1208 1420 1263 interius
1435 1210 1534 1280 plenus
1556 1215 1621 1265 crat
1645 1210 1795 1281 Divinitste,

170 1299 299 1355 subdivo
314 1298 466 1353 anteferes
490 1295 627 1366 templum
645 1295 766 1363 Domini,
781 1295 809 1348 in
833 1294 907 1365 quod
923 1300 966 1348 ta·
1008 1301 1035 1349 et
1045 1296 1167 1351 exterius
1180 1296 1338 1367 refulgebat
1365 1296 1468 1352 virtute
1492 1298 1698 1355 miraculorum
1711 1300 1796 1358 rerba-

170 1382 966 1455 bernaculumliciteingrediebanturquotidiesacerdotes
1007 1400 1125 1455 rumque
1139 1386 1303 1439 coelestium.
1321 1386 1354 1440 In
1366 1401 1436 1440 auro
1451 1386 1525 1441 enim
1537 1388 1612 1442 solet
1624 1388 1740 1444 claritas
1750 1406 1796 1446 seo

169 1474 306 1546 etreliqui
327 1474 459 1533 ministri,¹
469 1473 622 1526 secundum
642 1480 736 1525 autem
751 1471 963 1526 tabernaculum
1007 1472 1098 1526 monis
1112 1472 1266 1544 designari,
1281 1473 1355 1528 sicut
1368 1474 1515 1546 Sapientia
1528 1476 1616 1531 dicit:
1635 1478 1794 1552 Concupisrc

168 1563 356 1634 vultintelligi
366 1563 467 1617 Sancta
478 1567 648 1622 sanctorum,
667 1560 743 1614 illam
757 1560 885 1614 videlicet
899 1576 964 1630 par·
1005 1561 1174 1631 sapientiam
1190 1561 1264 1616 sicut
1288 1579 1399 1617 aurum.
1414 1563 1491 1618 Urna
1502 1581 1591 1619 aurea
1605 1565 1714 1621 habens
1727 1586 1792 1626 man·

168 1659 224 1707 tem
240 1652 409 1724 templique
424 1649 601 1704 dividebatur
616 1649 722 1719 pariete
739 1648 837 1718 viginti
852 1647 963 1705 cubito·
1005 1665 1050 1714 na,
1067 1648 1196 1703 Christus
1208 1654 1260 1715 est,
1277 1649 1305 1702 in
1322 1665 1377 1721 quo
1389 1665 1491 1703 marma
1504 1650 1670 1707 Divinitatis
1684 1659 1735 1722 est,
1751 1655 1791 1727 qui

165 1757 229 1795 rum
244 1746 273 1794 et
285 1740 355 1803 relo,
368 1739 442 1809 quod
455 1737 596 1810 pendebat
609 1743 675 1790 ante
696 1739 832 1807 parietum
855 1736 902 1791 ubi
917 1737 961 1791 in·
972 1718 1094 1791 Bdinit:
1112 1739 1166 1805 Epo
1178 1755 1241 1791 sum
1262 1741 1344 1805 partis
1365 1741 1442 1792 uirus
1467 1743 1517 1808 qui
1539 1742 1573 1794 de
1601 1746 1667 1797 carlo
1683 1744 1792 1801 desum·

164 1829 302 1884 trinsecus
315 1834 452 1882 eratarca
467 1826 565 1896 illoysi,
583 1826 729 1880 continens
751 1826 779 1879 in
805 1842 835 1879 se
851 1824 962 1880 tabulas
1004 1828 1093 1891 (loru.
1108 1840 1146 1893 vr,
1162 1825 1217 1895 tl).
1239 1826 1327 1897 Virga
1340 1827 1433 1881 Aaron
1448 1845 1510 1898 quae
1524 1829 1703 1896 fronduerat,
1713 1848 1790 1888 sacer·

164 1916 235 1988 legis
250 1923 278 1972 et
292 1932 393 1971 urnam
418 1913 960 1984 auream,inquaeratrrianna,ri1·ga
1002 1913 1071 1968 dotii
1082 1914 1208 1984 dignitas
1221 1919 1272 1981 est,
1290 1931 1351 1984 quae
1375 1931 1487 1987 semper
1512 1917 1597 1971 tloret
1625 1918 1656 1973 in
1684 1920 1788 1989 Christo,

163 2022 275 2077 qnoque
289 2008 382 2060 Aaron
410 2021 471 2075 quar
494 2003 668 2057 fronduerat.
684 2003 749 2072 Ipsa
776 2008 870 2056 autem
895 2019 961 2057 arca
1001 2003 1058 2057 sire
1068 2005 1195 2074 potentia
1211 2004 1373 2075 imperialis.
1391 2004 1458 2058 Duae
1473 2005 1578 2062 tabulae
1597 2009 1788 2066 testamentiir

162 2093 247 2165 plano
262 2092 403 2147 schemate
426 2096 487 2145 erat
509 2090 592 2152 tacta,
622 2089 740 2160 irleoque
766 2106 852 2160 super
869 2091 959 2160 ipsam
1001 2108 1066 2145 arca
1078 2093 1134 2146 duo
1147 2100 1214 2148 sunt
1227 2099 1397 2148 testamenta
1425 2094 1611 2151 consistentia
1636 2096 1785 2153 inchristh

160 2189 222 2236 erat
235 2181 332 2235 tabula
346 2196 432 2234 aurea
445 2196 505 2249 quse
519 2178 958 2249 appellabaturpropitiatorium,
1001 2179 1143 2251 Sequitur,
1158 2197 1240 2250 super
1254 2197 1313 2250 qua
1325 2186 1415 2246 orarit,
1432 2181 1458 2235 id
1475 2188 1617 2255 estsuper
1631 2201 1732 2253 arcam,
1741 2186 1785 2242 duo

160 2287 194 2324 co
209 2268 283 2340 quod
294 2268 359 2323 inde
372 2269 534 2338 loqueretur
549 2267 685 2320 Dominus
701 2267 789 2337 Moysi
812 2273 840 2320 et
864 2284 958 2322 sacer·
1000 2270 1133 2323 rlurubiu
1157 2271 1253 2337 pluria
1267 2271 1463 2325 oburadrauliu
1478 2275 1719 2341 propitiatorium.
1733 2272 1783 2330 Dua

164 2358 288 2422 dotibus,
304 2362 333 2412 ct
346 2373 432 2426 super
448 2355 536 2426 ipsam
550 2371 643 2407 arcam
658 2359 740 2408 errent
753 2355 808 2408 dua
822 2355 957 2409 cherubin
997 2357 1131 2411 cherubin
1161 2357 1285 2429 tegentia
1298 2374 1403 2423 arcam,
1420 2375 1481 2429 quae
1502 2359 1725 2432 interpretantur
1735 2364 1782 2436 plc-

159 2460 222 2519 quae
234 2446 297 2501 aliis
312 2445 369 2500 suis
384 2443 591 2499 obumbrabant
604 2442 727 2497 tabulam
757 2443 954 2514 propitiatorii,
998 2446 1316 2506 nitudoseientiae,duo
1347 2455 1414 2502 sunt
1438 2453 1622 2516 testamenta,
1639 2450 1667 2506 in
1698 2451 1781 2523 quibas

158 2536 301 2607 versisque
313 2533 437 2589 uultibus
451 2532 636 2605 respiciebant
665 2533 692 2587 in
716 2532 953 2604 propitiatorium.
998 2534 1142 2606 plenitudo
1157 2540 1200 2589 est
1213 2535 1335 2590 scientiae
1347 2553 1408 2606 quae
1417 2542 1518 2607 tegunt
1526 2539 1683 2605 Christum,
1698 2541 1779 2612 quirst

160 2624 192 2679 ln
207 2624 285 2679 istud
300 2623 452 2678 secundum
480 2621 705 2685 tabemneulum,
721 2622 773 2675 hoc
796 2628 838 2675 est
854 2622 957 2677 Sancta
998 2622 1159 2694 propitiatio
1174 2640 1224 2694 pro
1240 2624 1488 2695 peccatisnostris,
1505 2626 1573 2697 qnia
1587 2627 1617 2682 in
1628 2627 1778 2684 dirinaScri

157 2718 329 2776 sanctorum,
340 2727 424 2765 nemo
434 2710 543 2780 ingredi
554 2709 685 2770 audebat,
704 2709 757 2763 nisi
772 2709 849 2763 solus
862 2709 954 2779 ponti·
998 2716 1080 2784 ptura
1094 2712 1180 2766 latet:
1197 2713 1486 2782 ruquibrrr,omuibus
1498 2714 1635 2771 subaudis
1645 2718 1708 2788 quid
1720 2734 1777 2788 mys·

157 2800 201 2856 fex
216 2801 303 2856 seuiel
314 2801 341 2854 in
364 2816 448 2864 anno,
462 2798 509 2869 qui
525 2803 637 2869 accepto
652 2798 789 2869 sanguine
804 2797 832 2851 in
844 2799 956 2854 vasculo
998 2799 1077 2853 sterii
1090 2799 1117 2853 in
1132 2816 1162 2854 se
1175 2800 1289 2866 habeat,
1301 2817 1357 2854 nou
1371 2807 1408 2854 cst
1424 2803 1502 2856 ruodo
1518 2804 1669 2858 dicandum
1678 2821 1722 2874 per
1732 2807 1775 2858 siu·

157 2888 371 2961 ingrediebatur
383 2889 460 2943 intus
475 2892 606 2941 oraturus
631 2904 680 2958 pro
703 2886 816 2959 populo,
837 2888 956 2958 septima
996 2891 1073 2955 piria.
1090 2887 1230 2943 Fortassis
1243 2888 1305 2943 ideo
1320 2889 1443 2956 reticuit,
1467 2889 1533 2960 quia
1547 2892 1647 2947 multis
1659 2891 1771 2948 sermoni·

157 2971 267 3032 decima
281 2977 411 3031 videlicet
425 2975 470 3029 die
483 2975 596 3046 septimi
610 2976 713 3029 mensis
726 2992 743 3029 a
754 2975 903 3030 testivitate
911 2993 957 3047 pa·
997 2974 1048 3029 bus
1059 2992 1129 3046 opus
1140 2975 1270 3043 habebat,
1286 2976 1343 3031 sire
1358 2978 1423 3048 quia
1438 2977 1558 3033 necdum
1585 2985 1669 3035 erant
1678 2996 1770 3054 captes

155 3066 252 3131 schali,
270 3082 331 3135 quaa
346 3064 406 3119 dies
421 3063 617 3134 appellabatur
641 3063 753 3133 quidem
779 3065 955 3136 propitiatio·
996 3063 1090 3117 omnia
1105 3081 1213 3135 cupere.

155 3154 208 3211 nis.
225 3153 416 3207 incrastinum
429 3157 523 3205 autem
539 3151 955 3221 sequebatursestivitastaber·
1031 3153 1079 3207 llis
1090 3169 1151 3206 rcro
1167 3157 1207 3206 ita
1218 3156 1373 3222 reeuperatis
1396 3159 1426 3208 et
1439 3154 1586 3222 ordinatis,
1599 3172 1661 3228 qna
1673 3155 1767 3211 diximus

154 3239 629 3310 naculorum‚spiritualiterautem
646 3240 713 3293 illud
725 3241 847 3310 primum
862 3242 953 3297 taber·
994 3248 1123 3295 essetam
1140 3242 1168 3295 ia
1185 3241 1471 3313 primotabernaculo
1495 3261 1581 3315 quarn
1610 3245 1640 3300 in
1659 3244 1765 3307 mmndo,

154 3330 285 3384 naculum
301 3327 349 3381 ubi
365 3328 524 3380 sacerdotes
539 3325 613 3380 licite
638 3327 877 3397 ingrediebantur,
894 3336 952 3385 sta·
993 3329 1045 3383 hoc
1059 3335 1101 3383 est
1125 3330 1154 3384 iu
1183 3331 1293 3385 Sanctis
1315 3337 1487 3398 sanctorum,
1512 3335 1544 3386 in
1567 3337 1664 3402 priori
1679 3335 1764 3404 quiden

152 3423 213 3472 tum
224 3415 370 3488 praesentis
394 3414 521 3469 Ecclesia
549 3415 760 3485 significatum
790 3418 952 3488 suntplura
993 3420 1179 3480 tabernaculo,
1197 3419 1249 3473 hoc
1263 3425 1306 3474 est
1322 3420 1350 3473 in
1361 3419 1408 3473 illa
1427 3425 1509 3491 parte
1523 3421 1622 3493 templi
1635 3421 1663 3476 in
1676 3419 1763 3493 qussi·

151 3504 429 3570 candelabra,sancti
455 3503 582 3557 videlicet
611 3504 816 3574 praedicatores
833 3506 883 3576 qui
899 3506 952 3561 sibi
993 3511 1053 3560 tare
1063 3506 1168 3561 incensi
1197 3512 1311 3571 erat,et
1336 3513 1402 3562 ante
1427 3509 1507 3578 cujus
1535 3509 1620 3563 etiarn
1644 3509 1765 3564 loreseral

151 3601 181 3650 ot
198 3595 261 3650 aliis
273 3595 367 3648 lucent
381 3593 464 3646 rerba
479 3592 660 3662 etaremplis,
680 3592 719 3644 rel
735 3592 951 3649 etiarnubisunt
990 3595 1079 3647 altaro
1090 3594 1328 3656 holocaustorum,
1345 3612 1450 3664 srrrrprr
1464 3599 1623 3652 introibunt
1642 3599 1763 3653 sacerdota

152 3685 225 3740 dona
241 3684 364 3754 Spiritus
379 3681 478 3746 sancti,
494 3681 596 3752 quibus
611 3681 827 3735 Ddeliurucorda
844 3682 949 3736 illumi·
990 3685 1191 3748 sacrificiorum
1201 3684 1291 3750 officia
1304 3691 1536 3738 consummantes.
1553 3685 1619 3740 Non
1636 3690 1678 3741 est
1689 3686 1724 3740 ita
1734 3685 1763 3739 ir·

151 3781 265 3836 uantur,
284 3772 332 3842 qui
346 3787 396 3842 per
410 3769 492 3824 iidem
505 3770 533 3823 in
553 3769 675 3823 Ecclesia
689 3770 856 3824 cerasistunt.
870 3771 904 3825 Et
915 3772 950 3825 de
991 3770 1262 3840 telligendumquod
1292 3770 1320 3824 ia
1345 3771 1450 3842 templo
1471 3787 1557 3843 super
1575 3770 1765 3830 altarcinocud

153 3879 260 3921 mensa,
276 3860 370 3915 divina
385 3859 512 3913 videlieet
529 3858 682 3929 Scriptura,
697 3859 731 3911 de
751 3875 807 3929 qua
835 3860 950 3914 Psalmi·
993 3857 1097 3912 hostias
1108 3858 1243 3912 ollerrent
1255 3862 1304 3913 aut
1319 3858 1367 3913 ubi
1381 3860 1550 3931 perlicerent
1561 3862 1696 3918 sacrificia
1707 3859 1764 3915 virli·

150 3959 195 4005 sta
210 3950 278 4005 dicit
292 3967 298 4001 ε
316 3951 427 4004 Parasll
442 3952 473 4001 iu
486 3952 696 4016 conspecturum
713 3964 846 4001 aeteruum.
865 3951 947 4014 (Psul.
991 3963 1111 4012 marum,
1127 3947 1175 4001 sed
1187 3946 1280 4018 potins
1306 3947 1509 4002 sacrificiorum
1534 3949 1629 4005 ottlcia
1640 3963 1764 4023 possuntt

149 4053 217 4104 xru,
236 4038 274 4104 5).
290 4038 339 4092 Est
353 4042 382 4091 et
396 4037 549 4107 propositio
566 4053 668 4107 panum
684 4035 711 4089 in
725 4037 948 4097 inensaintelle-
988 4033 1114 4102 arripere
1126 4033 1283 4099 incensum,
1295 4033 1329 4087 ad
1345 4034 1419 4105 quod
1434 4035 1611 4091 offerendum
1622 4036 1763 4110 semperir·

148 4134 210 4181 ctus
228 4126 356 4180 videlieet
368 4141 453 4178 sacrm
479 4124 641 4194 Scripturas,
659 4140 714 4194 quo
738 4126 863 4195 quotidie
877 4127 947 4180 rell·
989 4120 1191 4190 grudiebantur
1204 4120 1363 4176 sacerdotes
1371 4137 1453 4177 mune
1465 4127 1494 4177 ct
1505 4140 1632 4196 vespere,
1647 4125 1702 4181 sire
1713 4140 1762 4180 oon·

148 4215 263 4267 ciuntur
273 4211 373 4264 animae
384 4211 519 4264 fidelium.
535 4212 688 4264 Possumus
698 4217 726 4264 ot
737 4229 896 4283 perpunem
907 4213 949 4267 in·
987 4216 1128 4264 summula
1154 4215 1182 4263 et
1207 4209 1329 4281 perfecto
1353 4210 1490 4267 Βθθΐὶῆθὶθ
1505 4217 1572 4268 anie
1591 4210 1763 4287 temptauit

148 4301 276 4371 tolligere
286 4315 387 4368 corpus
402 4304 429 4352 et
439 4297 604 4367 sauguinem
622 4298 742 4364 Domini,
755 4301 828 4370 quad
854 4302 884 4355 in
898 4302 947 4357 Ec·
956 4298 1069 4395 „ulturi
1095 4299 1332 4364 holocaustorum,
1364 4315 1476 4370 semper
1502 4301 1761 4372 ingwdiebfluluril

146 4388 232 4445 clesia
247 4390 436 4442 consecratur.
986 4387 1121 4456 templum
1138 4403 1201 4441 cum
1225 4386 1348 4443 incenso.
1365 4388 1463 4444 Potest
1475 4395 1502 4445 et
1530 4393 1618 4448 tertio
1640 4393 1717 4448 modo
1730 4391 1760 4445 in·

182 4480 243 4532 l'osl
252 4479 437 4532 relaturutum
449 4478 541 4529 auteur
553 4477 703 4528 recaredum
723 4478 942 4544 trabernaculum,
985 4474 1132 4546 lolligini
1160 4475 1244 4541 (sicut
1270 4477 1400 4548 superius
1427 4477 1561 4549 diximus)
1595 4497 1659 4536 cnm
1676 4480 1759 4551 templo

143 4565 278 4623 subaudis
288 4565 417 4634 estquod
426 4565 532 4617 elicitur
540 4563 642 4618 Sourta
652 4571 942 4628 suurlorum,em·cum
984 4563 1072 4618 altare
1083 4564 1166 4617 etiam
1180 4564 1407 4620 lioloennstornm
1420 4567 1674 4639 comprehenderit,
1686 4580 1759 4641 acpu

144 4660 246 4713 hebrus
257 4655 434 4710 tluur'duluur
449 4658 474 4706 et
496 4668 593 4706 mcum
620 4656 775 4722 tertuluuuti
795 4657 942 4707 cucurum-
983 4652 1035 4705 hoc
1049 4660 1155 4723 aprartc
1171 4659 1260 4707 totum
1275 4654 1398 4709 voluerit
1410 4656 1757 4727 comprehenderalltruu·

141 4748 512 4814 rtanrcroauu'parteurire,
525 4740 619 4812 inqua
641 4756 713 4795 urna
731 4756 819 4795 aurea
835 4740 941 4798 babens
984 4756 1037 4812 que
1053 4746 1148 4794 tamen
1162 4758 1212 4812 pro
1225 4757 1289 4795 rero
1303 4741 1391 4814 accipi
1410 4748 1515 4814 potest.
1532 4743 1567 4800 ln
1595 4747 1706 4802 serundo
1717 4759 1755 4799 rr·

140 4851 253 4900 ruanna,
270 4837 385 4901 rtrirpu
401 4833 495 4887 Aaron
514 4847 574 4898 pira
596 4831 772 4898 frorrdrrrrol,
791 4835 815 4881 et
842 4831 941 4886 tabula
983 4816 1034 4883 leur
1045 4831 1126 4883 nurci
1137 4833 1168 4883 in
1182 4846 1257 4883 arruo
1268 4833 1342 4884 solus
1351 4831 1478 4899 pontisea
1492 4848 1550 4889 uon
1571 4837 1632 4890 rins
1644 4834 1754 4902 maculae

139 4924 303 4975 tertanuuu'.
318 4923 358 4975 De
370 4920 414 4975 his
426 4919 545 4990 singulis
556 4918 697 4990 quomodo
713 4923 741 4972 et
762 4918 882 4988 qualiter
895 4935 940 4973 es·
982 4933 1065 4988 quem
1078 4919 1160 4971 otlert
1173 4934 1223 4989 pro
1236 4934 1288 4973 sua
1302 4925 1331 4973 et
1357 4919 1452 4991 populi
1473 4919 1648 4991 morantia.
1669 4921 1753 4976 Setun·

138 5009 351 5072 sentordinata‚
382 5008 535 5063 secundum
560 5008 682 5062 litteram
713 5007 939 5078 paulosuperius
980 5005 1046 5059 dum
1062 5014 1157 5060 autem
1173 5006 1386 5062 tabemaculum
1406 5007 1437 5063 in
1459 5009 1536 5080 quod
1561 5009 1638 5065 solus
1655 5004 1753 5082 pontilu

137 5094 308 5149 elucidatum
324 5100 376 5156 est,
389 5102 560 5167 quapropter
572 5096 730 5168 spiritualia
752 5095 886 5166 mysteria
901 5096 938 5151 ri·
978 5110 1040 5148 cum
1055 5095 1192 5165 sanguine
1203 5094 1422 5166 ingrediebatur,
1433 5095 1752 5167 significatinten‘orspt·

135 5183 264 5239 dearnus.
278 5183 378 5236 Veium
390 5189 454 5253 post
463 5185 536 5254 quud
546 5191 607 5239 erat
622 5185 844 5249 tabernaculum,
860 5185 935 5254 quod
977 5183 1037 5238 tria
1049 5183 1183 5250 coelcstis3
1204 5183 1324 5239 illevero
1335 5184 1610 5256 pontitexsigniticat
1622 5185 1749 5245 curium

133 5271 330 5346 appellabatur
340 5271 442 5324 Sancta
455 5278 627 5336 sanctorum,
642 5290 725 5328 causa
737 5290 794 5328 sure
810 5273 933 5342 dignita·
975 5273 1023 5343 qui
1036 5272 1123 5326 semel
1134 5272 1277 5343 ingressus
1286 5278 1329 5327 est
1346 5272 1450 5328 Sancta
1462 5280 1626 5330 sanctornm
1641 5275 1751 5330 intrau-

129 5365 175 5425 tis,
193 5362 265 5416 sicut
277 5367 306 5415 et
320 5358 435 5413 Cantica
451 5358 633 5425 canticorum,
653 5362 792 5431 significat
817 5363 927 5425 eoelum,
975 5362 1191 5432 lunr,completa
1199 5361 1329 5433 passione
1341 5378 1402 5428 sua,
1415 5367 1448 5417 ut
1457 5362 1594 5420 assistant
1602 5354 1751 5420 nunemtri

128 5458 191 5526 post
203 5448 278 5523 quod
292 5453 359 5503 sunt
375 5446 508 5500 interiora
536 5446 633 5516 patriae
660 5450 790 5504 celestis.
814 5450 928 5505 Elevato
969 5449 1020 5504 Dei
1036 5466 1086 5520 pra
1101 5449 1181 5504 nobis
1194 5465 1286 5516 orans,
1299 5465 1355 5505 non
1375 5466 1427 5522 pro
1446 5451 1515 5516 suis,
1531 5453 1582 5508 scd
1599 5469 1650 5526 pro
1659 5446 1752 5508 nostrit

127 5544 197 5610 reio,
207 5535 418 5614 ingrediebatur
425 5535 549 5606 pontifex
559 5551 622 5590 cum
636 5537 773 5607 sanguina
784 5539 814 5594 in
823 5539 926 5594 Sancta
966 5538 1086 5601 delictis,
1111 5538 1165 5593 nisi
1188 5537 1261 5595 torte
1272 5538 1383 5596 dicatur
1396 5554 1478 5597 orare
1492 5556 1544 5614 pro
1558 5541 1629 5613 suis,
1651 5544 1748 5616 proptu
