3840 6098
140 276 196 335 893
449 277 701 337 exsomnem
720 278 797 338 EPP.
819 280 848 335 S.
873 282 996 340 PAULl.
1016 315 1051 327 -
1071 285 1108 341 IN
1129 282 1240 341 aelst.
1261 283 1309 338 ab
1328 278 1436 338 llEBR.
1729 277 1782 337 894

138 402 227 471 tifice,
243 402 351 459 dicens:
364 403 516 475 Propterea
526 400 637 474 (inquit)
647 404 710 474 plus
719 403 855 459 habemus
869 407 938 460 fidu·
948 406 1068 466 Acorda
1082 407 1244 475 habentesa
1257 406 1378 479 peccatis
1392 411 1420 460 et
1431 405 1576 459 voluntate
1591 404 1675 472 mala,
1686 404 1784 459 simul-

139 490 212 546 ciam
228 509 278 570 per
291 492 455 564 sanguinem
467 491 569 548 Christi
582 492 720 558 mundari,
736 509 820 563 quam
835 494 875 547 illi
891 497 938 566 qui
981 513 1035 566 que
1049 495 1170 550 ostendit
1186 496 1251 568 quia
1263 512 1320 549 nou
1332 495 1388 548 lide
1402 494 1471 555 sola,
1486 493 1534 547 sed
1549 494 1634 547 ctiam
1646 494 1702 547 vita
1714 500 1778 547 cum

139 580 291 635 carnaliter
318 580 424 635 hostias
453 580 616 642 offerebant,
642 580 707 652 quia
732 582 824 635 hostia
843 591 939 638 nostra
981 585 1130 639 virtutibus
1141 586 1284 656 quaeritur,
1293 581 1781 651 quoniamfidessineoperibusmor-

138 688 206 726 vera
221 677 250 726 et
267 670 442 731 rationabilis
459 678 510 727 est.
532 672 565 726 ln
587 676 699 724 tantum
714 671 788 725 enim
803 673 939 742 majorem
982 677 1158 740 tuoesttlee.
1173 668 1637 739 ul.ludaicorporamundabant,
1650 685 1700 741 nos
1714 684 1782 724 con·

139 760 272 815 liduciam
282 759 419 815 habemus
437 759 466 813 in
483 760 612 830 ingressu
622 759 757 813 caelorum
769 777 819 831 per
828 763 939 832 sangui·
981 762 1138 816 scientiam.
1156 762 1193 816 Et
1208 761 1305 826 abluti,
1319 760 1419 830 inquit,
1434 774 1545 829 corpus
1557 758 1587 812 id
1602 762 1645 812 est
1654 757 1782 813 ablutum

139 864 206 905 nem
217 848 329 913 Christi,
340 849 514 920 inquantum
529 847 619 918 inagis
628 848 786 902 cohaeredes
796 850 884 904 ellecti
897 868 941 905 su·
982 854 1083 922 corpus
1095 850 1230 905 babentes
1244 864 1318 921 aqua
1331 848 1448 917 munda,
1463 848 1516 901 hoc
1532 854 1576 900 est
1589 862 1662 917 aqua
1676 847 1782 918 baptis-

138 952 214 991 mus.
225 936 326 991 Nullus
336 942 431 994 autem
442 936 477 990 ad
488 936 560 990 dona
568 935 689 1006 Spiritus
697 936 786 990 saneti
795 939 939 1008 pervenire
982 939 1075 993 matis.
1093 939 1198 1005 Idcirco
1213 943 1307 992 autem
1321 935 1388 991 dicit
1402 952 1503 1006 corpus
1516 951 1590 1006 aqua
1603 932 1782 1006 baptismatis

138 1025 244 1100 valebit
256 1025 309 1081 nisi
323 1043 375 1097 per
388 1024 505 1085 lidem'
483 1042 540 1080 sive
551 1024 692 1087 fiduciam
704 1025 733 1079 id
748 1032 792 1080 est
805 1027 938 1098 perviam
980 1026 1151 1083 abluendum
1155 1028 1239 1101 ,quia
1252 1027 1319 1081 dum
1333 1042 1434 1096 corpus
1444 1024 1570 1079 abluitur
1573 1036 1664 1095 ,aqua
1674 1022 1781 1129 Spiritu

139 1110 242 1169 bovam
262 1118 290 1168 et
304 1113 440 1168 viventem
456 1129 541 1185 quam
563 1112 685 1167 initiavit
707 1113 787 1168 nobis
800 1114 937 1178 Christus,
981 1123 1078 1171 saneto
1093 1117 1285 1170 sanctificatur
1299 1116 1402 1168 anima.

138 1184 194 1259 boc
203 1201 366 1261 estinitiutn
376 1201 473 1257 utendi
483 1200 578 1256 dedit:
597 1201 670 1255 viam
681 1218 744 1255 vero
757 1218 856 1256 novam
872 1204 940 1258 dicit
1019 1207 1051 1258 T<
1054 1220 1229 1273 ncomusspet
1227 1201 1778 1270 nostraconfessionemindeclinabilem.

139 1290 225 1348 fldem
237 1306 347 1357 novam,
362 1308 424 1362 quae
434 1290 632 1363 perChristum
643 1290 770 1354 dataest,
784 1292 941 1346 siveexem-
981 1295 1080 1347 Fidelis
1099 1295 1173 1347 enim
1190 1294 1293 1359 estqui
1307 1294 1475 1360 repromisit.
1494 1290 1702 1344 contessionem
1720 1290 1780 1361 spei

138 1373 219 1461 plum
235 1378 411 1441 humilitatis,
422 1397 472 1451 per
486 1379 560 1450 quod
577 1378 636 1451 ipse
648 1380 778 1449 perrexit,
788 1380 939 1435 humilians
982 1381 1218 1446 indeclinabiliter
1233 1386 1372 1445 tenemus,
1386 1380 1409 1433 si
1425 1396 1481 1433 non
1496 1379 1677 1449 desperamus
1688 1379 1723 1432 de
1736 1395 1784 1449 pa-

138 1468 322 1541 semetipsum
334 1484 422 1541 usque
438 1468 472 1523 ad
483 1473 613 1521 mortem.
624 1468 786 1534 Possumus,
799 1474 827 1523 et
840 1486 938 1523 novam
980 1470 1035 1524 tria
1046 1469 1197 1535 coelesti,et
1206 1469 1240 1523 de
1251 1468 1380 1523 omnibus
1390 1485 1451 1539 quae
1461 1467 1539 1522 nobis
1549 1466 1679 1537 promisit
1688 1466 1782 1520 Domi·

138 1555 213 1611 riam
237 1556 363 1629 accipere
382 1556 490 1611 aditum
514 1556 610 1654 patria
634 1557 754 1611 celestis
785 1557 864 1612 nobis
891 1576 941 1630 per
980 1572 1044 1626 nus,
1056 1559 1098 1612 rel
1114 1558 1137 1612 si
1153 1559 1273 1612 firmiter
1287 1574 1321 1612 ea
1334 1557 1515 1611 observamus
1530 1571 1592 1627 quae
1605 1554 1722 1626 professi
1737 1552 1783 1608 sd·

137 1644 285 1701 Christum
300 1651 466 1711 reseratum,
481 1644 531 1714 qui
545 1645 649 1698 idcirco
665 1662 736 1699 nova
755 1647 799 1700 via
813 1647 940 1718 appella·
981 1663 1044 1701 mus
1055 1648 1084 1701 in
1094 1646 1272 1719 baptismate.
1284 1645 1364 1700 Sicut
1372 1660 1446 1699 emm
1456 1644 1546 1698 tidelis
1558 1647 1587 1698 et
1596 1659 1679 1697 verus
1689 1656 1783 1697 remu-

137 1736 196 1800 tur,
212 1733 344 1804 quoniam
368 1733 439 1788 nulli
462 1739 546 1787 antea
566 1732 723 1803 gressibilis
737 1735 799 1789 tuit
817 1735 940 1793 Dicendo
949 1741 1097 1819 Bnerator
1107 1741 1150 1789 est
1162 1734 1256 1790 Christ
1244 1738 1291 1788 tus
1303 1734 1330 1787 in
1342 1730 1575 1804 promissionibus
1585 1730 1653 1793 suis
1665 1729 1705 1801 ita
1716 1728 1783 1784 tide-

137 1827 235 1879 autem
254 1838 367 1887 novam,
395 1828 515 1875 conatur
540 1821 689 1876 ostendere
708 1827 810 1877 cuncta
831 1825 939 1894 majora
980 1824 1022 1878 les
1038 1841 1088 1878 nos
1104 1841 1165 1879 esse
1179 1823 1260 1877 vult
1253 1839 1282 1876 ιιι
1301 1838 1445 1893 promissis
1457 1819 1561 1873 nostris
1576 1835 1637 1891 quaa
1658 1818 1782 1889 vovimus

135 1913 276 1966 novenos
295 1909 407 1964 habere.
429 1910 573 1981 Siquidem
601 1925 676 1964 nunc
690 1917 788 1981 aperta
802 1912 939 1968 estnobis
980 1918 1108 1997 tempore
1123 1911 1309 1983 baptismatis,
1322 1909 1432 1965 diabolo
1446 1908 1576 1963 videlicet
1589 1906 1782 1962 contradicere

137 1998 184 2052 via
197 1998 273 2064 fidei,
284 2015 428 2072 perquam
442 1998 632 2070 plenissimam
646 1998 877 2068 justificationem
892 2016 939 2054 ae·
980 2000 1149 2070 Christoque
1164 2001 1277 2054 servire.

139 2086 272 2188 cipimus
290 2092 319 2141 ct
332 2093 436 2159 apertae
449 2093 515 2141 sunt
524 2087 604 2140 nobis
617 2092 705 2157 portae
721 2087 783 2141 eoeli
787 2088 877 2159 ,quod
891 2107 942 2144 ne·
1020 2090 1247 2143 Consideremus
1235 2105 1283 2141 ini
1286 2092 1352 2141 icem
1362 2091 1393 2141 in
1402 2090 1622 2156 praeceptionem
1635 2086 1782 2139 eharitatis

139 2174 212 2229 mini
229 2180 314 2229 antea
328 2174 541 2239 concedebatur.
553 2175 700 2229 viventem
720 2193 830 2248 quoque
845 2179 942 2251 appel·
983 2178 1153 2231 ettenorum
1167 2191 1290 2244 opernm,
1303 2175 1356 2229 boc
1366 2179 1409 2228 est
1417 2173 1625 2243 consideremus
1633 2172 1783 2242 diligenter

138 2260 210 2316 lavit
231 2275 304 2328 eam.
329 2263 381 2316 hoe
397 2267 440 2317 est
463 2278 573 2333 semper
590 2267 750 2317 manentem
766 2281 815 2318 seu
832 2281 943 2338 semper
984 2265 1059 2318 inter
1067 2279 1128 2325 nos,
1140 2269 1169 2318 et
1179 2278 1376 2334 quemcunque
1387 2261 1539 2315 viderimus
1548 2260 1685 2330 majorem
1695 2257 1784 2312 charl-

140 2354 299 2423 patentem,
311 2351 442 2421 quoniam
455 2356 483 2404 et
497 2350 567 2404 tides
578 2355 654 2404 recta
664 2351 835 2406 aeternaliter
845 2368 943 2407 mane·
983 2361 1070 2411 tatem
1080 2354 1192 2417 habere,
1205 2360 1234 2409 et
1244 2353 1375 2425 operibus
1385 2350 1548 2407 melioribus
1557 2350 1709 2418 intentum,
1720 2363 1784 2420 pro-

139 2432 185 2500 bit
210 2444 239 2492 et
259 2442 340 2510 porta
362 2439 423 2493 coeli
443 2455 554 2510 semper
571 2439 685 2510 patebit.
697 2440 830 2495 -lnitiavit
847 2447 942 2497 autem
984 2459 1113 2498 vocemur
1127 2442 1202 2497 illius
1217 2442 1352 2513 exemplo,
1368 2445 1507 2512 quatenus
1525 2454 1590 2493 eum
1605 2451 1783 2510 summopere

140 2524 217 2582 bane
229 2527 303 2581 ιιιιιιι
324 2526 405 2583 nobis
420 2529 558 2594 Christus,
575 2528 602 2581 id
626 2533 669 2582 est
682 2528 819 2583 dedicavit
834 2536 863 2584 et
876 2546 943 2584 con·
983 2532 1136 2595 imitemur,
1153 2538 1182 2586 et
1194 2532 1223 2585 in
1236 2547 1300 2585 eum
1314 2530 1504 2589 intendemus,
1522 2533 1550 2582 et
1564 2527 1734 2596 diligamus:
1750 2541 1783 2579 ex

141 2617 328 2673 firmavitseu
343 2616 454 2671 initium
476 2617 572 2671 utendi
593 2618 678 2680 dedit,
697 2634 747 2688 per
761 2619 897 2685 velamen
915 2619 943 2672 id
984 2621 1133 2674 dilectione
1143 2620 1246 2690 quippe
1258 2618 1329 2673 bona
1339 2634 1424 2689 opera
1435 2615 1784 2688 procedunt.Quapropter

141 2709 186 2760 est
201 2721 252 2777 per
266 2720 378 2758 carnem
394 2722 473 2758 suam
489 2706 619 2777 idemque
636 2706 728 2776 primo
743 2708 846 2762 secavit
866 2708 942 2762 illam
985 2725 1117 2779 magnum
1141 2709 1245 2762 bonum
1270 2712 1313 2761 cst
1337 2705 1458 2769 dilectio,
1476 2704 1642 2779 nullumque
1664 2698 1781 2765 bonum,

140 2793 216 2847 viam
227 2793 403 2847 ascendendo
411 2793 446 2846 ad
456 2795 575 2863 patriam
584 2794 735 2858 celestem
744 2797 843 2868 etipsa
853 2797 944 2868 prima
985 2797 1058 2866 quod
1074 2812 1129 2850 non
1144 2813 1194 2867 per
1207 2795 1373 2849 charitatem
1389 2795 1456 2847 nat:
1472 2793 1538 2881 quia
1552 2790 1696 2863 plenitudo
1712 2788 1783 2860 legis

142 2880 255 2937 initium
272 2881 352 2935 nobis
366 2880 443 2935 dedit
461 2882 566 2935 utendi.
585 2883 657 2936 Caro
676 2891 770 2938 autern
793 2884 943 2940 Dominica
985 2884 1171 2950 estebaritas.

140 2976 200 3031 ιιοιι
222 2969 376 3040 incongrue
390 2969 536 3024 velaminis
555 2973 669 3027 nomine
687 2973 860 3044 designatur,
878 2975 944 3045 quia
1021 2974 1082 3027 Νοιι
1101 2977 1248 3027 deserentes
1262 2975 1446 3028 collectionem
1460 2975 1596 3033 nostram,
1611 2967 1696 3022 idest
1714 2982 1782 3022 con-

140 3051 216 3115 sicut
230 3059 322 3113 velum
346 3058 456 3112 celabat
473 3075 567 3114 arcam
591 3065 620 3115 et
639 3077 671 3115 en
694 3078 756 3133 quae
776 3063 850 3118 intre
871 3063 971 3125 illudC
981 3061 1175 3133 gregationem
1186 3060 1319 3126 fidelium,
1331 3059 1661 3114 sicetesteonsaetndinis
1672 3057 1785 3127 quibas·

140 3152 233 3213 erant,
249 3146 289 3200 ιιι
303 3147 379 3201 ιιιιιι
392 3147 470 3201 illam
492 3148 645 3203 divinitatis
659 3149 744 3205 Verbi
759 3152 810 3205 Dei
823 3151 939 3217 latebat,
984 3152 1059 3217 dom,
1080 3150 1126 3202 scd
1140 3151 1318 3215 consolanter,
1334 3146 1467 3202 subaudis
1482 3163 1529 3201 vos
1542 3149 1670 3200 invicem.
1684 3146 1716 3199 ln
1730 3142 1783 3199 hoc

141 3239 171 3290 et
183 3234 258 3290 sicut
271 3250 323 3306 per
338 3235 464 3289 velamen
479 3236 694 3306 perveniebatur
707 3238 741 3292 ad
752 3239 887 3302 interiora
902 3240 942 3294 ita
984 3238 1043 3291 loeo
1056 3252 1111 3291 non
1127 3237 1217 3291 solum
1225 3236 1380 3300 admonuit,
1393 3235 1442 3290 sed
1455 3234 1539 3289 etiam
1551 3232 1673 3304 culpavit
1687 3237 1715 3303 et
1728 3236 1784 3286 ter·

139 3338 193 3397 per
202 3322 408 3377 humanitatem
423 3324 585 3395 pervenitur
597 3325 632 3377 ad
645 3325 798 3379 divinitatis
808 3326 942 3396 cognitio-
984 3327 1042 3381 ruit
1060 3326 1198 3380 unitatem
1226 3325 1372 3379 charitatis
1403 3324 1572 3378 scindentes.
1599 3323 1686 3377 Erant
1707 3321 1783 3376 euim

139 3410 942 3483 nem.SacerdosautemmagnussuperdomumDel‚Chri·
983 3415 1065 3469 multi
1083 3416 1130 3489 qui
1147 3412 1353 3468 conturbabant
1376 3412 1620 3484 congregationem
1645 3410 1780 3478 bdelium,

139 3498 942 3574 stusintelligitur,quiestaDeoPatreconstitutussuper
984 3502 1063 3574 quasi
1073 3519 1128 3557 non
1137 3508 1252 3574 possent
1263 3501 1338 3555 inter
1348 3499 1544 3554 illoshabitare
1554 3514 1646 3554 causae
1655 3512 1782 3553 suaesan·

139 3588 537 3659 Ecclesiam,juxtaquodipse
547 3589 615 3642 dicit
626 3607 631 3639 :
644 3592 697 3657 Epo
706 3596 942 3646 ouleinconstitn-
983 3593 1098 3657 etitatis,
1109 3597 1137 3646 et
1151 3590 1318 3646 deserebant
1328 3590 1519 3643 collectionem
1532 3589 1644 3641 illorum
1654 3585 1783 3640 habitati-

139 3680 184 3732 tas
197 3694 262 3732 sum
276 3694 327 3731 rea
340 3678 374 3730 ab
388 3694 417 3731 eo
431 3692 513 3745 super
526 3677 593 3733 Sion
608 3683 727 3732 ιιιοιιιιιιι
741 3686 868 3733 sonetum
883 3685 908 3749 ej
912 3698 942 3735 ns
981 3684 1026 3734 tes
1037 3680 1100 3744 soli,
1115 3686 1147 3734 ut
1162 3680 1218 3734 Deo
1230 3679 1345 3732 liberius
1359 3677 1521 3730 viderentur
1531 3673 1698 3729 vacarelsti
1710 3675 1781 3727 tales

139 3766 228 3851 (Psoi.
242 3772 284 3836 ιι).
302 3765 435 3835 Sequitur
451 3781 456 3817 :
475 3767 640 3819 decedentes
659 3782 722 3820 cnm
743 3784 804 3821 coro
817 3771 895 3822 corde
910 3773 941 3823 in
983 3774 1050 3839 typo
1065 3767 1201 3839 superbiae
1216 3766 1331 3820 distenti
1345 3764 1535 3835 despiciebant
1549 3763 1672 3832 reliquos
1686 3767 1715 3815 et
1727 3760 1784 3815 dis-

135 3856 315 3925 ptenitadine
327 3856 400 3921 fidei,
416 3858 520 3923 aspersi
535 3856 617 3908 cardo
634 3871 651 3908 o
668 3859 834 3910 conscientie
853 3861 939 3924 rivolo,
984 3855 1152 3928 rumpebant
1166 3856 1342 3909 charitatem.
1368 3852 1447 3918 Quod
1463 3852 1614 3922 Apostolus
1630 3856 1781 3921 utrumque

138 3949 165 3998 at
177 3944 273 3997 obtati
285 3958 382 4016 corpus
400 3956 475 4012 oque
490 3946 606 3998 meando.
624 3944 663 3998 Ex
678 3945 869 4016 superioribus
887 3947 942 4000 ista
983 3950 1011 3999 ct
1024 3944 1156 3999 admonet
1171 3951 1199 3999 et
1213 3948 1311 4012 terret,
1321 3944 1439 3997 hortans
1451 3956 1508 3995 ιιοιι
1522 3940 1652 3994 deserere
1663 3939 1782 3993 societa-

136 4031 273 4102 peudent‚
302 4030 350 4085 ubi
380 4030 450 4085 dixit
477 4031 653 4102 Apostolus:
676 4033 809 4087 Habentes
838 4037 939 4103 itaque,
982 4038 1040 4088 tem
1055 4034 1190 4095 tidelium,
1207 4033 1255 4087 sed
1278 4031 1369 4104 potius
1389 4029 1529 4085 consolari
1543 4027 1736 4103 simpliciores,
1753 4033 1782 4082 et

137 4120 253 4188 fratres,
267 4121 399 4186 fiduciam
416 4123 446 4174 ιιι
458 4119 586 4190 ingressu
599 4127 759 4175 sanctornm
768 4136 818 4190 per
829 4127 943 4191 sanqui-
983 4139 1033 4177 suo
1044 4124 1170 4196 exemplo
1181 4121 1349 4178 confortare.
1363 4120 1392 4174 Si
1402 4118 1477 4174 enim
1492 4121 1602 4173 tantum
1613 4116 1687 4170 valet
1696 4116 1782 4170 socie·

137 4222 203 4261 ιιιιιι
215 4206 329 4274 Christi,
341 4209 499 4261 montaneas
510 4207 617 4262 adeum
627 4225 690 4261 ιιιιιι
699 4213 761 4263 vero
772 4212 859 4264 corde.
868 4212 941 4275 Quid
982 4217 1025 4266 tas
1038 4211 1173 4273 fidelium,
1185 4216 1216 4267 ut
1231 4211 1279 4266 ubi
1291 4211 1347 4263 duo
1361 4209 1403 4262 vel
1418 4214 1476 4263 tres
1490 4206 1655 4278 congregati
1669 4210 1736 4260 sunt
1750 4205 1781 4260 in

137 4302 215 4351 esset
240 4296 269 4351 in
290 4312 356 4351 vero
380 4297 462 4351 corde
481 4298 613 4351 accedere
638 4299 673 4351 ad
697 4298 840 4353 Christum
855 4317 941 4372 expo·
982 4300 1095 4354 nomine
1111 4300 1272 4362 Salvatoris‚
1287 4300 1345 4370 ipse
1360 4298 1397 4351 sit
1410 4297 1439 4350 in
1454 4296 1546 4351 medio
1562 4310 1658 4350 comm
1671 4312 1677 4350 ι
1691 4294 1781 4349 multo

136 4385 206 4451 suit,
222 4384 406 4456 subjungens,
423 4389 455 4438 ιἰι
463 4387 638 4454 plenitudine
657 4390 729 4454 fidei,
748 4392 780 4442 ut
794 4373 973 4444 credamusD
983 4389 1073 4459 magis
1088 4388 1135 4442 ubi
1148 4389 1241 4459 plures
1255 4392 1321 4441 sunt
1331 4386 1455 4440 fidelium
1473 4384 1601 4441 Christus
1616 4384 1656 4440 eis
1670 4396 1781 4456 semper

135 4473 372 4528 resurrectionem
385 4475 546 4544 generalem
561 4475 685 4529 suturam
699 4495 705 4542 ;
723 4477 801 4548 quasi
815 4477 937 4532 diceret:
982 4475 1486 4547 praesensaderit.chuitu1·:litlanto
1495 4477 1593 4542 mopis,
1603 4472 1782 4547 sempersub-

136 4561 200 4617 Jam
212 4560 279 4632 quia
288 4562 418 4616 fiduciam
429 4561 564 4617 habemus
580 4564 690 4634 ingredi
705 4565 734 4618 in
750 4566 870 4637 patriam
888 4583 941 4621 ιιι-
981 4565 1062 4619 audis
1076 4564 1221 4618 sectamini
1236 4564 1413 4631 charitatem,
1428 4576 1533 4634 vosque
1547 4564 1666 4617 invicem
1680 4579 1780 4617 conso·

135 4650 249 4716 lastem,
261 4667 318 4705 non
331 4650 465 4705 debemus
475 4651 604 4706 haesitare
614 4652 688 4723 quod
705 4655 891 4724 quorumdam
904 4656 942 4710 sit
981 4652 1092 4723 lamini,
1100 4660 1204 4721 querito
1212 4654 1338 4706 sideritis
1354 4654 1578 4720 appropinquare
1588 4651 1660 4703 etiem
1669 4648 1778 4719 judicil,

135 4739 318 4805 resurrectio,
329 4740 516 4811 quorumdam
531 4757 597 4793 vero
613 4757 677 4804 non,
687 4742 736 4795 sed
747 4758 811 4796 vera
824 4744 940 4799 bdeide-
981 4741 1009 4797 in
1018 4758 1073 4814 quo
1084 4741 1258 4813 singulorum
1268 4740 1369 4795 merita
1379 4739 1624 4803 examinabuntur,
1640 4736 1778 4791 vei'etlam

134 4822 237 4885 Ῑιειιιιιε
252 4829 366 4883 eredere
381 4845 477 4882 omnes
494 4829 622 4884 homines
637 4837 844 4887 resurrecturos
857 4850 938 4905 quos·
980 4836 1136 4886 extremum
1161 4829 1236 4884 diem
1262 4829 1323 4883 vitae
1344 4833 1458 4882 nostrae.
1484 4826 1558 4881 Dicit
1579 4827 1653 4890 enim
1676 4826 1731 4880 alio
1750 4825 1779 4880 in

135 4916 202 4973 ιιιιιι
218 4916 254 4971 ιιι
269 4917 398 4987 gloriam,
416 4917 551 4987 quosdam
567 4924 661 4972 autem
676 4919 711 4973 ad
726 4937 848 4991 poenam.
864 4923 935 4977 Nam
978 4920 1053 4974 loco:
1067 4921 1146 4975 Νιιιιι
1156 4919 1270 4972 solliciti
1285 4920 1355 4982 sitis,
1368 4918 1502 4971 ltorntnns
1515 4931 1599 4984 propa
1612 4921 1650 4969 est
1659 4915 1775 4987 (Philip.

134 5003 239 5076 siquis
258 5002 293 5058 de
315 5002 503 5066 hochaesitat,
525 5020 580 5058 non
601 5005 793 5060 habetreram
809 5008 937 5079 plenam·
977 5016 1023 5072 Ivi.
1751 4997 1753 5001 ¹

135 5108 193 5165 que
206 5090 302 5146 tidem.
313 5092 411 5146 Potest
420 5098 449 5146 et
463 5092 545 5146 aliter
558 5092 693 5164 intelligi:
710 5096 797 5149 Plena
812 5096 881 5151 tides
895 5102 938 5151 est
1015 5100 1254 5153 Voluntarieenim
1261 5096 1434 5167 peccantibus
1442 5095 1581 5164 nebispost
1588 5081 1724 5163 acceptam
1732 5111 1779 5150 no-

134 5196 201 5253 quae
211 5178 370 5257 concipitur
383 5181 475 5246 eorde,
487 5182 638 5236 confitetur
649 5199 696 5236 ore
708 5187 736 5236 et
747 5184 876 5256 operibus
886 5184 936 5238 bo·
981 5190 1073 5241 titiam
1085 5189 1220 5250 inritatis,
1234 5184 1259 5239 id
1276 5191 1319 5240 est
1331 5189 1396 5255 post
1405 5183 1534 5238 notitiam
1543 5199 1617 5237 verae
1631 5183 1706 5241 tideit
1715 5198 1779 5253 gra·

133 5268 181 5327 nis
197 5273 359 5329 exornatur.
375 5270 434 5326 Hac
448 5271 503 5325 lide
526 5271 714 5326 accedendum
731 5280 774 5327 est
787 5273 821 5326 ad
837 5274 936 5337 Deum,
980 5275 1277 5347 tiaequebaptismatis‚
1286 5278 1410 5339 ,ἕαιιιιιοιι
1421 5272 1654 5343 relinquiturpro
1662 5272 1778 5342 pcccatis

133 5357 299 5431 quicunque
307 5359 367 5413 vult
377 5358 628 5433 introitumpatriae
639 5360 759 5414 eoelestis
768 5360 820 5415 sibi
833 5378 937 5417 resera·
979 5366 1076 5419 hostio.
1089 5366 1193 5435 Sp'onte
1204 5362 1381 5435 peccantibus
1395 5363 1474 5418 nobis
1489 5367 1517 5419 et
1531 5362 1684 5419 deliberate
1699 5366 1778 5433 post·

133 5446 170 5502 ιι.
188 5446 310 5502 Necesse
326 5454 369 5502 est
389 5449 475 5503 etiam
490 5455 522 5504 ut
547 5448 604 5504 sint
618 5449 723 5521 aspersi
739 5450 824 5505 corda
838 5467 855 5503 ι
869 5468 936 5505 con·
978 5471 1061 5527 quam
1074 5453 1232 5525 accepimus
1242 5453 1577 5523 agnitionemvetaelvdci,
1589 5458 1619 5506 et
1629 5457 1776 5523 postquam

133 5536 347 5605 scientiamala,
358 5538 386 5594 id
394 5544 437 5593 est
446 5538 575 5595 mundati
583 5539 724 5613 percorda
734 5539 792 5594 sive
801 5541 937 5597 mundata
979 5540 1107 5597 mundati
1117 5544 1215 5597 sumus
1229 5541 1259 5596 in
1268 5538 1447 5612 baptismate,
1458 5557 1515 5596 non
1526 5543 1686 5595 reservatur
1695 5535 1776 5592 nobis
