3818 6104
317 268 510 327 EXPOSITIO
524 267 565 323 IN
579 268 656 323 EPP.
673 270 702 325 S.
719 269 838 324 PAULI.
854 299 886 310 ·-
901 270 942 325 IN
956 269 1067 326 EPIST.
1083 271 1095 325 l
1115 268 1162 324 AD
1177 267 1259 324 COR.
1554 262 1606 322 570

109 394 167 451 leat
180 395 210 448 in
224 411 265 461 re,
282 394 476 463 contemplans
496 392 586 446 Deum
611 393 695 448 sicuti
714 400 766 448 est.
776 393 893 454 Aannis
908 392 1007 463 quinta
1020 393 1089 447 seria
1104 398 1169 446 ante
1183 392 1258 445 diem
1272 390 1393 455 Paschae,
1405 388 1606 445 conveniebant

109 499 182 539 erem
198 498 346 553 possumus
360 482 520 551 intelligere
536 481 672 535 animam.
689 482 768 550 cujus
810 498 907 535 omnes
921 481 956 534 ad
973 481 1132 545 Ecclesiam,
1149 498 1181 534 ac
1195 480 1302 534 nobiles
1318 481 1423 550 quique
1438 486 1467 533 et
1480 481 1607 549 potentes

121 571 251 637 intentio,
269 587 325 641 qua
340 571 506 641 plerumque
517 570 639 623 intendit
648 571 768 624 terrenis
810 569 965 640 divitesque
979 569 1137 636 veniebant,
1154 576 1183 624 et
1199 569 1364 625 deserebant
1383 567 1487 638 singuli
1506 580 1608 637 panem

109 677 142 715 ra
156 659 282 714 modum.
300 659 379 724 Quod
399 665 493 729 caput,
519 659 548 711 id
563 662 607 712 est
619 675 704 728 quam
723 659 768 713 in·
810 662 839 712 et
853 658 958 724 vinum,
982 662 1009 712 et
1032 658 1137 713 dabant
1162 658 1309 724 sacerdoti,
1333 658 1407 712 unde
1432 656 1609 710 consecraret

109 747 382 812 adebemusvelare,
400 747 467 818 quia
480 747 616 801 debemus
628 747 706 801 illam
725 764 768 801 re·
810 762 911 817 corpus
937 751 965 801 et
987 748 1152 816 sanguinem
1177 747 1298 802 Domini.
1317 744 1494 802 Consecratis
1512 747 1608 797 autem

109 836 228 890 neultra
241 837 355 890 modum
370 834 400 889 in
414 835 536 889 terrenis
545 834 630 889 rebus
644 852 674 890 se
688 851 767 889 occu·
810 834 952 905 mysteriis
977 852 995 889 a
1017 836 1161 890 sacerdote
1179 836 1301 902 Domini,
1317 833 1512 905 unusquisque
1532 831 1608 902 quod

109 940 140 979 va
152 925 226 978 enim
246 940 308 994 qua
328 923 450 978 vivificat
471 938 582 994 corpus,
603 923 768 993 plerumque
811 923 952 977 detulerat
972 924 1127 994 accipiebat
1143 925 1264 995 desuper
1287 924 1371 978 altari
1392 940 1398 976 :
1422 920 1606 990 sumebatque

109 1018 155 1068 rat
169 1014 244 1067 ultra
262 1029 348 1083 quam
361 1028 476 1066 necesse
491 1011 537 1075 sit,
555 1011 699 1082 inquibus
718 1011 767 1065 de·
810 1011 895 1064 tacite
909 1028 974 1066 cum
989 1012 1057 1077 suis,
1079 1018 1111 1066 ut
1132 1014 1359 1084 supervenientes
1378 1028 1434 1066 non
1450 1009 1609 1064 invenirent

109 1117 202 1173 :orpus
218 1102 292 1172 quod
307 1106 421 1154 terrena
435 1100 548 1171 quaerit.
811 1099 884 1169 quod
904 1101 1028 1165 ederent,
1043 1106 1072 1155 et
1086 1101 1160 1155 unde
1178 1102 1438 1167 communicarent3
1454 1104 1504 1153 aut
1521 1097 1608 1151 etiam

109 1196 196 1246 umen
205 1188 767 1259 nequecircinomulierasubaudiscrea·
808 1189 952 1242 deferebat
961 1204 1044 1243 ornne
1058 1191 1131 1261 quod
1146 1192 1280 1244 attulerat
1292 1191 1328 1244 ad
1341 1191 1456 1243 domum
1472 1203 1562 1251 suam,
1575 1188 1608 1239 ut

122 1280 272 1350 prasentia
287 1280 347 1344 Dei,
360 1295 446 1346 aeque
459 1281 563 1331 nrtvlr'er
572 1282 633 1331 siue
642 1281 711 1336 ciro.
722 1295 767 1332 su·
808 1293 872 1331 cum
887 1277 945 1331 suis
960 1278 1029 1332 illud
1040 1284 1171 1333 sumeret.
1182 1278 1224 1333 Ob
1234 1281 1315 1349 cujus
1322 1279 1363 1332 rei
1374 1293 1487 1331 causam
1499 1290 1607 1344 magnae

109 1373 175 1423 eeu
189 1374 240 1432 est,
257 1371 288 1421 in
303 1369 429 1431 nornine,
443 1366 472 1420 id
484 1372 527 1420 cst
539 1383 590 1437 per
603 1367 765 1420 Dominum.
808 1365 998 1420 dissensiones
1018 1366 1093 1420 inter
1116 1368 1178 1421 illos
1201 1374 1291 1426 erant,
1310 1383 1380 1437 quas
1401 1365 1608 1419 seminaveruut

108 1456 163 1511 icut
177 1456 288 1521 mulier,
313 1456 380 1523 Eva,
399 1457 430 1508 de
450 1457 520 1519 viro,
537 1455 565 1508 id
578 1461 622 1508 est
634 1456 669 1509 de
690 1461 768 1510 costa
808 1453 1087 1524 pseudoapostoli,ila
1095 1462 1127 1509 ut
1136 1471 1200 1509 curn
1212 1471 1268 1509 una
1281 1451 1472 1508 benedictione
1481 1450 1608 1504 omnium

112 1551 139 1599 ot
152 1548 206 1609 cir,
218 1545 297 1609 Cain,
307 1560 359 1611 per
372 1547 521 1597 mulierem
537 1543 653 1598 exstitit.
666 1546 767 1599 diarria
809 1541 963 1596 oblationes
974 1548 1144 1598 consecratae
1158 1549 1259 1607 essent,
1277 1542 1380 1613 singuli
1392 1557 1459 1596 suas
1469 1539 1609 1610 accipien-

109 1631 222 1688 abaudis
244 1648 350 1702 genera
373 1631 532 1700 hominurn,
556 1648 589 1684 ec
602 1633 655 1685 Dee
672 1640 768 1689 creata
807 1631 1347 1699 tec,quaecommunesdebuerantesse,
1361 1629 1512 1683 maximam
1527 1643 1609 1681 vere·

109 1720 186 1776 elicet
200 1721 300 1781 Adam,
319 1721 375 1774 Eva
389 1726 417 1774 et
433 1720 521 1784 Cain3
549 1721 591 1773 rel
610 1722 715 1787 omnia,
738 1704 798 1776 idB
809 1718 940 1772 cundiam
958 1718 1095 1773 inferrent
1115 1720 1160 1773 his
1181 1720 1239 1790 qui,
1255 1726 1288 1773 ut
1305 1719 1419 1783 assolet,
1435 1734 1491 1772 non
1506 1717 1609 1771 attule-

109 1824 148 1864 vra
167 1810 292 1863 virorum
312 1814 340 1862 et
355 1824 473 1879 corpora
487 1809 650 1874 mulierum,
666 1812 768 1867 animae
809 1810 884 1873 rant,
898 1806 963 1861 licet
977 1807 1133 1862 haberent:
1151 1814 1201 1862 aut
1221 1808 1264 1862 his
1279 1808 1364 1861 etiam
1378 1806 1427 1877 qui
1442 1822 1498 1859 non
1519 1803 1606 1858 habe·

109 1898 230 1953 virorum
246 1915 279 1952 ac
293 1897 454 1952 mulierum.
499 1956 502 1960 Δ
810 1892 879 1948 bant
898 1894 974 1965 quod
995 1897 1137 1951 afferrent.
1159 1897 1218 1951 Hoc
1237 1902 1332 1951 autem
1359 1894 1499 1949 iaciebant
1513 1893 1605 1958 multi,

109 1989 123 2041 i
130 1989 269 2056 judicate,
283 1987 312 2040 id
327 1992 379 2051 est,
394 1985 546 2040 discernite
565 2004 627 2058 quae
641 1987 768 2042 dicturus
810 1988 960 2054 postquam
968 1983 1072 2039 abaliis
1080 1983 1150 2039 cibis
1156 1985 1294 2056 crapulati
1305 1990 1396 2041 erant.
1408 1985 1552 2053 istamque
1563 1998 1607 2035 ac·

809 2072 966 2142 ceptionem
990 2073 1181 2138 Eucharistiae,
1204 2073 1379 2128 Dominieam
1399 2088 1507 2126 coenam
1527 2086 1608 2125 roca·

109 2164 117 2216 i
126 2165 336 2232 praestantiae,
353 2163 381 2217 id
396 2168 440 2218 est
454 2180 504 2233 pro
519 2170 696 2232 ornamento,
708 2167 768 2218 dati
809 2160 850 2214 vit
863 2160 1014 2231 Apostolus
1027 2162 1185 2217 unomodo.
1195 2162 1299 2216 Aliter:
1313 2162 1393 2216 Soliti
1406 2166 1608 2232 quoqueerant

109 2252 154 2305 lli.
809 2249 958 2304 convenire
973 2251 1071 2304 eodem
1091 2250 1136 2304 die
1160 2251 1196 2304 ad
1218 2250 1370 2305 Ecclesiam
1385 2266 1482 2304 omnes
1496 2249 1606 2315 divites,

120 2345 215 2393 autem
236 2341 345 2393 videtur
357 2343 541 2394 contentiosus
555 2358 618 2406 esse,
634 2349 667 2396 ut
681 2341 765 2408 dicat,
809 2343 938 2410 potentes
952 2344 981 2394 et
994 2340 1111 2404 nobiles,
1119 2346 1148 2395 et
1161 2356 1321 2411 praeparare
1334 2339 1387 2394 sibi
1401 2339 1431 2392 in
1446 2338 1571 2393 Ecclesia
1579 2342 1609 2392 et

109 2426 201 2492 Pauli,
219 2444 271 2497 ego
285 2429 395 2498 Apollo,
412 2445 463 2483 nee
476 2429 535 2482 vult
550 2430 652 2483 nostris
667 2431 766 2484 admo-
808 2428 838 2481 in
853 2427 960 2482 foribus
972 2429 1100 2483 Ecclesia
1114 2434 1199 2500 atque
1215 2429 1294 2483 atriis
1307 2428 1384 2483 illius
1394 2427 1491 2499 epulas
1502 2432 1530 2482 et
1544 2443 1608 2481 con-

109 2532 241 2586 sparere,
259 2532 317 2579 nos,
333 2517 423 2571 Judaei
437 2517 583 2571 credentes
596 2524 624 2571 et
633 2520 763 2589 apostoli,
808 2516 889 2575 vivia.
906 2522 935 2570 et
946 2518 1085 2588 crapulari
1099 2525 1128 2571 et
1142 2516 1277 2571 inebriari
1295 2534 1384 2588 usque
1407 2517 1440 2570 ad
1461 2531 1607 2586 vesperam

109 2606 301 2658 cruciculr'uem
326 2621 382 2658 raon
407 2608 549 2674 trabernas,
568 2612 600 2661 ut
613 2608 766 2661 contenda·
809 2605 1010 2659 manducantes
1025 2612 1053 2660 et
1068 2605 1193 2660 bibentes
1206 2606 1235 2659 in
1249 2609 1398 2675 conspectu
1415 2619 1569 2674 pauperum
1579 2608 1608 2655 et

109 2708 124 2747 a
137 2692 180 2746 lex
190 2693 261 2746 iram
273 2700 302 2746 et
312 2694 520 2748 contentionem
532 2695 671 2765 prohibet,
681 2713 766 2765 neque
808 2709 973 2762 egenorum,
987 2693 1035 2764 qui
1050 2709 1106 2747 non
1119 2693 1261 2747 habebant
1269 2693 1344 2747 unde
1354 2692 1407 2747 sibi
1417 2695 1608 2762 praepararent

109 2782 153 2845 lei,
169 2797 232 2851 qum
248 2782 431 2850 Evangeliurn
447 2782 542 2837 habet.
808 2780 919 2845 similia,
938 2781 1007 2834 nihil
1021 2782 1195 2853 accipiebant
1205 2782 1239 2836 ab
1253 2782 1309 2835 illis
1322 2780 1454 2835 divitibus
1469 2785 1497 2835 et
1508 2785 1606 2851 poten-

109 2875 158 2923 bm
170 2872 300 2938 praccipio
316 2886 371 2924 reon
392 2872 521 2933 laudans,
536 2870 671 2926 subaudis
691 2873 767 2943 quod
807 2867 893 2933 tibus,
909 2869 959 2922 sed
973 2870 1206 2941 prestolabantur
1216 2871 1308 2941 jejuni
1322 2875 1435 2941 tempus
1448 2885 1512 2924 cum
1531 2884 1607 2922 vere-

109 2957 145 3012 is.
809 2957 920 3017 cundia,
947 2974 1002 3028 quo
1020 2960 1143 3029 placeret
1164 2960 1221 3014 illis
1246 2959 1379 3014 divitibus
1401 2964 1430 3012 et
1444 2957 1605 3030 potentibus

109 3048 252 3115 mquidem
264 3049 603 3102 conreaientibmcobisin
615 3051 764 3115 ecclesium,
776 3013 799 3073 G
809 3044 936 3099 benedici
957 3063 1058 3118 corpus
1077 3048 1180 3103 Christi
1195 3065 1213 3103 a
1226 3048 1418 3103 sacerdotibus
1436 3047 1511 3102 unde
1529 3063 1606 3101 com·

109 3140 175 3191 vtum
192 3135 318 3189 fidelium
331 3136 361 3189 in
380 3136 533 3190 Dominicis
544 3136 653 3202 diebus,
669 3139 764 3202 audio,
808 3133 994 3191 manicarent.
1011 3134 1124 3207 Implcti
1139 3143 1235 3192 autem
1254 3138 1296 3192 illi
1314 3137 1413 3191 divites
1428 3134 1559 3190 omnibus
1569 3133 1607 3188 ci·

109 3224 134 3279 ui
150 3232 219 3278 sunt
242 3225 372 3289 Chloens,
395 3228 540 3290 scissuras,
556 3225 584 3279 id
599 3232 643 3279 est
657 3225 766 3279 dissen-
807 3221 851 3275 bis
865 3227 894 3275 et
908 3222 1019 3293 potibus
1041 3241 1130 3296 usque
1153 3226 1189 3280 ad
1212 3227 1356 3292 vomitum,
1378 3210 1552 3296 accipiebant
1571 3223 1608 3277 ad

110 3314 275 3379 discordias,
288 3330 341 3367 esse
357 3317 431 3368 inter
442 3330 497 3382 oca,
512 3319 536 3367 et
548 3330 581 3366 es
587 3320 667 3382 parte
676 3315 765 3377 crede,
808 3310 941 3372 ultimum
954 3322 1131 3368 sacramenta
1145 3316 1270 3386 corporis
1284 3319 1312 3369 et
1330 3313 1475 3385 sanguinis
1491 3312 1605 3379 Christi,

111 3403 233 3460 taudio.
807 3399 932 3453 dicentes
947 3414 953 3449 t
969 3401 1015 3456 Sic
1025 3403 1143 3457 tradidit
1158 3405 1286 3459 Christus
1301 3404 1446 3474 discipulis
1462 3404 1521 3457 suis
1540 3418 1607 3455 nos-

109 3497 200 3556 oorlel,
216 3492 245 3545 id
265 3497 316 3551 est,
339 3496 513 3556 neeesseest,
529 3491 640 3545 hareses
655 3507 717 3556 esse,
734 3496 766 3545 ut
807 3488 860 3542 tris
875 3489 1044 3555 doctoribus,
1053 3499 1082 3545 et
1100 3493 1243 3563 magistris
1266 3510 1367 3564 corpus
1388 3500 1417 3547 et
1439 3492 1605 3562 sanguinem

109 3580 144 3648 it,
161 3581 236 3634 inter
248 3596 304 3645 vos,
314 3583 433 3648 probati,
450 3579 478 3633 in
492 3580 546 3633 lide
558 3579 693 3650 bonisque
703 3596 784 3653 ope-³
808 3593 891 3631 suum
907 3584 970 3648 post
983 3579 1234 3634 aliorumciborum
1246 3581 1495 3651 perceptionem,et
1504 3579 1544 3632 sic
1554 3593 1605 3632 nos

109 3671 220 3736 uniscsti
237 3672 316 3735 (tant,
333 3673 362 3721 et
377 3674 532 3738 appareant
546 3667 631 3721 etiam
647 3669 695 3739 qui
710 3668 767 3722 sint
807 3666 936 3720 volumus
959 3667 1028 3721 illud
1054 3685 1176 3724 sumere.
1199 3669 1279 3732 Quod
1303 3669 1421 3723 audiens
1442 3667 1602 3739 Apostolus,

109 3757 121 3810 i
134 3761 164 3810 et
173 3756 308 3827 duplices.
326 3756 370 3810 Sic
385 3755 522 3810 Dominus
544 3756 611 3809 dicit
626 3757 656 3810 in
676 3757 765 3810 Evan-
807 3753 918 3824 scripsit
928 3754 969 3808 eis
977 3753 1052 3808 inter
1062 3763 1164 3810 caetera
1173 3756 1228 3810 ista
1242 3757 1338 3828 quaein
1350 3757 1480 3828 praesenti
1498 3754 1603 3809 haben·

109 3860 186 3899 ocosse
200 3851 237 3898 est
250 3847 401 3898 albaniani
414 3846 547 3898 scarrdclu
559 3845 663 3911 (allotllr.
674 3851 763 3914 xv111),
807 3848 863 3907 tur,
873 3843 969 3896 rolens
977 3858 1026 3896 eos
1035 3845 1194 3910 convenire,
1206 3846 1337 3916 inquiens
1350 3843 1603 3901 :convenientibus

109 3949 134 3988 nr
157 3938 250 4004 potest
269 3934 352 3987 aliter
375 3949 445 3991 esse.
473 3933 507 3986 Et
520 3949 617 3987 revera
632 3950 765 4003 magnam
805 3929 883 3984 vobis
893 3931 923 3984 in
932 3948 1020 3985 unum
1032 3932 1061 3986 in
1072 3934 1204 3999 Ecclesia,
1218 3937 1278 4004 jam
1298 3951 1353 3988 non
1373 3942 1416 3988 est
1430 3933 1602 3988 Dominicam

109 4037 119 4075 r
141 4022 334 4093 praestiterunt
358 4023 477 4076 haereses
497 4027 600 4076 sanctae
626 4022 763 4089 Ecclesiae,
806 4034 915 4072 coenam
930 4021 1110 4087 manducare,
1122 4022 1205 4077 idest
1217 4040 1274 4077 non
1289 4028 1333 4077 est
1344 4022 1536 4076 vobislicitum
1550 4020 1604 4074 Do·

110 4126 150 4177 se,
172 4111 222 4164 sed
249 4112 316 4164 dum
341 4111 470 4165 doctores
491 4111 692 4175 excitaverunt,
718 4112 766 4182 qui
806 4107 940 4161 miricam
961 4124 1070 4163 coenam
1094 4110 1189 4165 taliter
1211 4112 1390 4176 manducare,
1412 4110 1533 4181 qualiter
1556 4124 1603 4162 vos

109 4199 244 4254 unierunt.
256 4201 440 4270 Nequaquam
449 4199 525 4252 enim
534 4205 643 4253 tantam
656 4199 766 4270 copiam
807 4196 993 4251 manducatis.
1011 4200 1126 4253 Coenam
1149 4206 1244 4255 autem
1266 4201 1440 4255 Dominioam
1454 4198 1604 4270 dupliciter

116 4286 235 4342 haberet
249 4294 347 4341 saneta
362 4286 492 4351 Ecclesia,
504 4294 533 4341 et
546 4292 654 4341 tantam
668 4289 765 4358 cogni·
806 4301 955 4354 possumus
969 4287 1125 4359 intelligere
1139 4290 1310 4361 appellatam
1324 4306 1386 4345 esse
1404 4288 1440 4343 ab
1459 4287 1603 4365 Apostolo‚

110 4392 127 4430 e
142 4376 208 4444 Deo,
227 4376 281 4430 nisi
306 4376 425 4429 hareses
440 4381 542 4428 exortae
556 4380 688 4444 essenta
703 4367 848 4446 qui-Dvel
864 4375 1071 4445 perceptionem
1085 4377 1213 4433 videlicet
1228 4379 1419 4438 Eucharistiae.
1436 4380 1471 4432 de
1484 4393 1540 4448 qua
1550 4377 1605 4431 sin·

109 4470 169 4519 atus
193 4469 236 4518 est
257 4464 455 4534 Hieronymus,
481 4464 661 4534 Augustinus,
685 4465 765 4519 Hila-
805 4462 864 4531 guli
878 4463 930 4516 sibi
945 4463 1123 4520 vindicabant
1145 4473 1239 4537 partes
1257 4469 1393 4539 proprias,
1410 4484 1479 4539 quas
1499 4467 1603 4521 attule-

109 4553 214 4624 gorius,
232 4553 336 4623 aliique
349 4553 439 4606 sancti
453 4553 590 4620 doctores,
614 4553 662 4624 qui
677 4554 766 4608 multa
807 4556 879 4616 rant,
896 4551 959 4605 aliis
972 4557 1467 4622 noncommunicantibus,autetiam
1477 4555 1605 4609 eamdem

109 4647 195 4697 erunt
207 4647 306 4695 contra
320 4641 475 4695 haereticos.
807 4639 1010 4695 Eucharistiam
1035 4650 1099 4714 post
1122 4645 1192 4699 alios
1212 4644 1288 4699 cibos
1302 4650 1454 4700 sumentes.
1472 4643 1523 4696 Vel
1548 4642 1604 4695 alio

111 4732 230 4785 icatidas
243 4733 315 4785 cobis
331 4733 362 4784 in
373 4747 473 4795 arerem,
489 4733 548 4797 jam
562 4747 617 4783 nou
627 4735 666 4783 est
676 4732 767 4784 Dorrsl-
807 4727 900 4792 modo,
916 4745 1024 4784 coenam
1039 4732 1153 4787 Domini
1167 4734 1291 4804 appellat
1304 4733 1366 4786 illas
1386 4730 1604 4804 praeparationes

109 4834 177 4873 nam
189 4820 366 4872 indedecore.
377 4818 461 4872 Coena
473 4817 763 4885 Dominicadictacst,
807 4817 996 4873 conviviorum
1011 4825 1040 4873 et
1049 4822 1350 4892 epularum,quassine
1365 4821 1501 4875 charitate
1511 4835 1605 4875 sume·
1680 4861 1686 4873 .

121 4907 184 4978 ipso
209 4907 255 4960 die
278 4907 406 4961 Salvator
428 4923 491 4960 cum
516 4905 658 4976 discipulis
673 4922 766 4960 coena·
807 4903 884 4971 bant,
901 4923 956 4961 non
982 4908 1081 4963 dantes
1106 4910 1171 4964 inde
1191 4910 1370 4981 pauperibus,
1388 4911 1604 4966 Sacramentum

109 4995 209 5066 aplens
226 4995 334 5049 Veteris
344 4994 517 5048 Testamenti
532 4995 642 5065 pascha,
660 5002 768 5064 etrnys-
807 4994 896 5063 igitur
909 4998 1032 5068 corporis
1043 4998 1148 5051 Christi
1158 5014 1175 5051 a
1187 4999 1470 5055 communionecoena
1483 5001 1606 5072 appella-

109 5085 213 5155 arporis
227 5091 256 5137 et
268 5083 414 5153 sanguinis
428 5084 486 5137 suis
495 5084 608 5136 tradens
622 5084 765 5154 apostolis.
808 5090 864 5149 tur,
881 5086 1104 5155 quiacommune
1118 5087 1201 5141 debet
1215 5104 1275 5142 esse
1294 5089 1424 5144 omnibus
1435 5090 1564 5145 fidelibus
1579 5096 1608 5145 et

125 5173 184 5244 (qui
205 5178 235 5226 et
252 5172 365 5227 Achaici
390 5173 432 5225 vel
452 5172 553 5240 Achaei}
570 5171 713 5226 venientes
732 5174 766 5227 ad
806 5173 899 5244 justis.
917 5175 977 5229 Uno
991 5175 1066 5229 enim
1078 5192 1149 5246 pane
1160 5177 1326 5232 universitas
1335 5179 1463 5234 Ecclesia
1478 5180 1607 5251 designa·

109 5261 184 5316 aristi
202 5278 251 5332 per
264 5261 489 5332 pradicationem
504 5262 622 5330 apostoli
640 5262 730 5329 Pauli,
751 5280 768 5316 a
808 5268 864 5317 tur.
880 5265 934 5317 Per
948 5264 977 5318 id
992 5264 1067 5318 enim
1089 5265 1163 5336 quod
1179 5283 1267 5322 unum
1281 5285 1388 5333 sumus,
1404 5270 1439 5324 de
1457 5287 1514 5325 uno
1534 5287 1605 5341 pane

109 5357 232 5405 'caetera
247 5367 307 5420 quae
323 5350 458 5403 Dominus
477 5350 551 5415 lecit,
568 5350 653 5404 etiam
672 5368 767 5405 sacra-
809 5368 905 5406 omnes
920 5369 971 5407 nos
985 5369 1097 5408 sumere
1108 5357 1311 5426 oportet.Licet
1324 5359 1397 5413 enim
1410 5377 1426 5413 a
1438 5360 1533 5414 multis
1543 5377 1606 5431 par·

112 5454 198 5493 ooenae
212 5438 363 5492 Dorninicae
379 5445 570 5510 perceperant,
589 5444 653 5509 post
667 5440 768 5494 disces·
808 5440 884 5495 tibus
907 5441 1050 5496 deseratur
1067 5443 1114 5496 ille
1128 5446 1218 5515 panis,
1234 5450 1262 5500 et
1275 5464 1292 5500 a
1307 5449 1403 5503 multis
1415 5446 1605 5503 sacerdotibus

109 5526 166 5583 sin
180 5527 347 5583 memoriam
372 5543 456 5580 coenae
478 5528 630 5583 Dominicae
648 5528 768 5599 singulis
808 5547 859 5602 per
873 5530 1034 5587 universum
1048 5532 1145 5589 orbem
1159 5541 1346 5605 consecretur,
1366 5536 1495 5593 divinitas
1509 5541 1605 5590 tamen
