3818 6104
178 275 234 339 655
384 275 573 335 HAYMONIS
592 274 836 335 HALBERSTAT.
857 275 969 334 EPISO.
991 276 1070 334 OPP.
1091 279 1183 338 PARS
1202 282 1225 338 l.
1247 314 1279 325 -
1298 283 1485 345 aomar.
1507 288 1600 350 BIBL.
1741 297 1778 357 iii

176 419 242 474 Sem
251 400 353 475 Mofssis
368 401 449 474 quasi
459 405 651 472 transgressor
672 401 799 471 ejusdem
821 402 891 474 legis
905 403 970 470 (Act.
986 402 1144 476 Avestigiis
1156 405 1279 475 incessit,
1293 409 1343 465 sed
1359 416 1424 483 post
1438 413 1554 470 modum
1571 416 1695 476 dubitans
1708 425 1793 484 caecidit¹

178 491 348 558 avrtliefert
358 495 453 547 autem
462 489 561 546 beatus
572 489 648 544 Beda
657 489 760 545 libmm
775 491 900 546 delatum
915 507 977 546 esse
1018 492 1201 551 interfectus
1211 516 1217 551 :
1229 498 1451 572 sicqueposteaa
1464 504 1585 561 Domino
1594 506 1716 578 elevatus,
1727 515 1779 570 etad

179 581 299 638 aRama
313 598 363 654 per
377 579 545 636 Chidonium
561 578 741 634 orientalium
750 581 915 651 angelorum
928 597 977 635 an·
1017 586 1123 638 terram
1135 590 1178 639 est
1191 587 1502 660 perductus,signifrcat
1515 596 1734 670 semetipsumqni
1745 603 1779 658 dn.

178 672 294 727 tistitem
309 671 338 726 in
354 687 409 743 quo
419 675 501 725 erant
513 685 610 724 omnes
638 668 757 736 labores,
770 669 925 742 passiones,
947 676 976 725 et
1016 667 1238 742 bitavitquando
1254 677 1374 746 negavit,
1390 678 1440 733 sed
1456 696 1474 733 a
1487 680 1609 737 Domino
1620 686 1740 741 revelatus
1750 697 1778 744 est

175 777 264 834 prenae
275 761 403 832 Apostoli
416 759 533 830 depictas
555 775 606 830 per
631 757 692 812 loca
713 765 881 830 opportuna,
901 760 975 815 inter
1016 757 1050 811 ad
1066 758 1160 824 tidem,
1178 767 1207 816 et
1229 763 1369 834 significat
1394 783 1492 822 omnes
1512 776 1650 843 martyres
1662 791 1778 848 omnaque

173 866 235 922 quac
246 849 340 906 omnia
350 855 411 903 erat
423 848 550 920 depictus
564 848 713 918 Apostolus
722 848 803 919 quasi
817 848 975 904 denudatus
1013 848 1112 918 justos,
1130 851 1177 921 qui
1193 853 1220 905 in
1232 853 1385 923 primordio
1398 856 1463 910 fidei
1474 857 1586 914 fortiter
1607 860 1734 934 incedunt,
1745 885 1779 938 pro

169 941 277 1010 jaceret
289 940 318 994 in
331 944 420 1008 terra,
434 943 462 992 et
474 953 560 1008 super
573 937 683 990 astabat
694 936 720 990 ei
735 943 825 992 tortor
839 937 973 1009 quadrifi-
1015 936 1102 991 nihilo
1112 938 1279 1011 deputantes
1287 942 1420 997 saevitiam
1428 953 1650 1016 persecutorum
1661 953 1703 1006 sed
1709 961 1780 1024 posta

171 1030 238 1085 dum
252 1027 359 1084 habens
369 1027 511 1098 flagellum
521 1026 550 1081 in
560 1041 655 1092 manu,
672 1027 721 1080 sed
733 1043 818 1081 unam
847 1028 973 1083 efidibus
1014 1021 1162 1094 ingruente
1173 1033 1339 1100 tempestate
1352 1033 1518 1102 gravissima
1533 1041 1732 1109 persecutionis,
1744 1045 1779 1099 lo·

173 1120 204 1174 in
219 1135 305 1174 manu
319 1134 370 1173 sua
384 1121 535 1181 retentam,
550 1120 608 1169 tres
621 1115 744 1186 reliquas
759 1117 794 1171 ad
813 1117 970 1172 feriendum
1012 1109 1103 1168 bitant
1113 1114 1141 1168 in
1155 1116 1250 1188 aliquo
1263 1136 1269 1184 ;
1285 1119 1334 1173 sed
1349 1120 1462 1175 Domini
1476 1125 1570 1194 gratia
1588 1130 1700 1199 protecti
1712 1131 1779 1186 suble.

171 1207 293 1263 habebat
304 1211 441 1261 extentas.
451 1204 480 1260 Si
488 1203 563 1258 enim
572 1203 717 1274 quaternis
727 1203 828 1259 fidibus
839 1212 970 1277 percute·
1010 1208 1120 1269 vantur,
1135 1220 1170 1258 ne
1186 1206 1299 1277 penitus
1314 1208 1418 1264 cadant
1434 1210 1463 1265 in
1477 1212 1697 1285 desperationem
1706 1228 1730 1274 et
1740 1221 1779 1277 vin

168 1303 214 1352 ret
221 1297 323 1363 decies,
335 1292 521 1367 quadraginta
527 1292 625 1364 plagas
632 1292 746 1348 faceret.
759 1293 788 1349 Si
801 1309 867 1349 vero
877 1295 966 1350 unde·
1007 1297 1138 1346 cantura
1154 1295 1283 1364 procellis
1299 1302 1382 1368 atque
1393 1298 1428 1352 ad
1451 1304 1558 1357 terram
1583 1306 1726 1364 electorum
1736 1327 1779 1380 per

168 1387 226 1441 aies
235 1382 537 1456 feriret,quadraginta
547 1388 668 1452 quatuor
676 1382 748 1437 ictus
764 1382 902 1454 impleret.
916 1384 965 1439 Vel
1007 1378 1157 1437 ducuntur.

169 1475 194 1530 ai
208 1474 307 1531 nonies
325 1473 423 1530 feriret
446 1470 590 1543 quaternis
615 1470 725 1535 fidibus,
742 1477 771 1527 et
785 1471 893 1528 decima
906 1473 966 1528 rice

166 1565 265 1631 ternis,
276 1580 335 1620 una
348 1563 442 1616 minus
454 1558 640 1632 quadraginta
653 1559 749 1631 plagas
764 1561 852 1616 daret.
1042 1559 1076 1612 In
1091 1561 1238 1615 itineribus
1251 1579 1326 1632 sepe,
1348 1569 1480 1634 periculis
1491 1573 1656 1641 fluminum,
1671 1573 1776 1633 subando

207 1657 257 1711 fer
265 1656 352 1722 oirpis
372 1667 454 1707 cesus
471 1665 548 1704 sura:
559 1649 612 1704 hoc
623 1665 640 1701 a
651 1649 784 1719 gentibus
797 1667 898 1723 passus
911 1656 963 1707 est.
1006 1643 1054 1698 fui.
1066 1645 1173 1703 Iterum
1183 1651 1322 1706 convertit
1330 1655 1401 1709 seed
1411 1656 1467 1710 alia
1479 1658 1606 1730 pericula
1614 1665 1775 1733 memoranda,

166 1744 221 1801 Hic
235 1748 329 1799 autam
343 1741 373 1796 in
385 1738 696 1811 Actibusapostolorum
711 1756 767 1794 non
782 1741 875 1796 omnia
887 1758 965 1813 repe·
975 1717 1099 1790 Bvolens
1114 1753 1143 1791 se
1168 1740 1315 1796 ostendere
1342 1750 1488 1800 vexantem
1514 1751 1668 1807 secundum
1689 1770 1775 1809 mmeu

167 1831 281 1887 riuntur
292 1848 297 1884 :
310 1826 444 1900 quoniam
458 1842 510 1880 nec
523 1826 553 1880 in
566 1824 607 1879 eis
618 1825 749 1897 Epistolis
764 1827 860 1881 omnia
877 1827 964 1883 conti-
1004 1840 1055 1894 pro
1066 1824 1177 1880 Christo
1186 1826 1215 1881 in
1226 1833 1303 1883 terra
1313 1832 1433 1900 etmari,
1448 1839 1476 1889 et
1487 1838 1576 1893 multo
1589 1840 1670 1911 plura
1679 1860 1706 1898 se
1716 1844 1775 1899 asti

165 1925 279 1984 nentur,
287 1935 348 1990 quae
359 1916 389 1971 in
398 1916 497 1971 eadem
511 1912 628 1969 historia
638 1912 787 1968 habentur.
803 1916 963 1972 Invenimus
1004 1911 1109 1978 nuisse,
1126 1930 1210 1985 quam
1224 1918 1483 1992 pseudoapostolos.
1497 1926 1597 1983 Solent
1607 1933 1723 2002 ternpore
1733 1933 1774 1986 hia

165 2017 262 2068 tamen
272 2007 321 2079 ibi,
335 2007 474 2080 quiscum
489 2002 610 2058 venisset
624 2001 653 2056 in
664 2007 759 2073 partes
781 2004 960 2071 Macedoniae,
1004 2001 1096 2056 miset
1110 2003 1268 2075 pluviarum
1283 2011 1443 2080 transgredi
1457 2013 1577 2071 flumina
1588 2018 1679 2074 alveos
1688 2027 1772 2088 suaset

166 2104 195 2155 at
207 2102 282 2154 esset
294 2095 448 2151 incivitate
468 2090 592 2157 Colonia,
605 2090 701 2160 jussus
713 2096 756 2145 est
768 2091 854 2162 virgis
869 2092 959 2148 cardi:
1002 2089 1120 2145 nimium
1136 2092 1312 2150 intelorabile
1326 2098 1449 2170 praebere
1473 2101 1529 2158 iter
1557 2106 1709 2164 viantibus:
1725 2109 1771 2181 quis
1816 2150 1818 2155 .

164 2194 193 2244 et
204 2187 260 2242 alia
273 2185 332 2239 vice
339 2183 426 2255 jussit
439 2181 570 2235 mannus
585 2195 649 2234 eum
661 2179 808 2250 gentilium
821 2180 960 2236 introduci
1002 2195 1068 2249 crgo
1078 2179 1230 2251 Apostolus
1243 2182 1489 2259 hiemalitempore
1505 2193 1606 2249 solitus
1614 2202 1672 2251 erat
1680 2199 1771 2252 transire
1815 2188 1818 2231 ¹

162 2278 192 2333 in
206 2278 345 2336 castraret
364 2270 550 2341 flagellari,ae
559 2268 685 2341 torqueri
694 2269 799 2340 flagris.
814 2269 901 2324 Semel
917 2275 960 2326 le·
1000 2268 1035 2322 de
1047 2269 1250 2326 locoinlocum
1269 2290 1321 2344 per
1338 2277 1432 2347 pedes.
1449 2297 1523 2352 saepe
1537 2282 1768 2342 incumbatpump

91 2345 98 2352 ⁸
159 2368 274 2437 pidctus
284 2378 355 2417 sum.
369 2359 520 2431 lapidatus
531 2364 573 2412 est
583 2357 700 2429 Lysiris,
712 2356 824 2412 civitate
834 2360 960 2417 Macedo·
1000 2359 1343 2430 nurn‘pericula.eertcua·s
1351 2370 1493 2422 latronum
1504 2373 1768 2444 saepeinterfui.psen

161 2456 225 2521 nire,
243 2469 294 2525 pro
306 2450 399 2524 puella
409 2449 444 2503 de
454 2463 511 2519 qua
521 2447 604 2518 ejecit
622 2447 751 2518 spiritum
768 2447 957 2516 divinationis,
1000 2445 1155 2518 doapostoli
1166 2455 1194 2504 et
1206 2451 1766 2519 ludaeiincreduliimmittebanteilatrores

161 2561 224 2618 quae
232 2557 366 2613 magnum
378 2544 515 2611 quaestum
524 2535 674 2608 praestabat
688 2535 808 2591 dominis
822 2538 889 2591 suis.
909 2541 958 2593 Ter
999 2537 1102 2606 utquia
1112 2536 1163 2608 ipsi
1172 2556 1223 2593 nec
1243 2547 1382 2612 poterant,
1395 2562 1446 2600 nec
1456 2547 1600 2605 audebant
1608 2569 1670 2607 eum
1683 2553 1765 2625 publice

160 2634 346 2702 nausrepium
356 2628 418 2697 seci'.
428 2623 918 2696 Naufragiumdiciturnavistracta:
930 2634 959 2684 et
1000 2624 1166 2693 interficere,
1182 2627 1216 2682 ab
1241 2629 1354 2687 illorum
1370 2634 1507 2691 ministris
1522 2637 1724 2697 interficeretur.
1733 2645 1764 2698 Pe·

159 2721 234 2795 quod
246 2720 324 2786 dicit,
337 2723 378 2773 ter
389 2718 575 2785 naufragium
599 2716 661 2783 feci,
675 2713 715 2768 sic
729 2715 860 2770 videntur
873 2717 958 2772 verba
998 2717 1096 2768 riculis
1115 2733 1147 2769 ee
1160 2733 1265 2784 penore.
1284 2721 1423 2777 Sustinuit
1436 2723 1497 2797 ipse
1521 2728 1647 2798 pericula
1660 2748 1676 2786 a
1688 2730 1763 2786 Judffio

157 2827 269 2878 sonare,
279 2807 360 2881 quasi
369 2803 624 2879 ipsefecissetillud
632 2804 821 2875 naufragium,
831 2805 879 2860 sed
890 2823 955 2861 sen·
996 2801 1129 2858 tratribus
1144 2806 1363 2864 suissecundum
1376 2828 1500 2882 carnem,
1517 2817 1566 2888 qui
1582 2817 1760 2891 dolebantqmd

157 2913 206 2954 sus
218 2899 271 2961 est,
287 2898 332 2947 ter
345 2889 521 2960 naufragium
537 2889 599 2952 feci,
616 2887 700 2943 idest
717 2895 760 2943 ter
773 2890 953 2962 naufragium
994 2892 1127 2947 derelicta
1142 2894 1203 2966 lage
1213 2897 1248 2950 ad
1268 2898 1450 2971 Evangelium
1471 2920 1501 2959 se
1511 2912 1692 2967 converteret.
1705 2907 1759 2964 Unde

156 2982 270 3057 pertuli.
291 2980 345 3045 Qui
360 2993 427 3049 ergo
440 2976 592 3049 saepissime
608 2976 718 3048 navigio
729 2978 883 3033 vehebatur
901 2994 982 3054 perc
994 2980 1112 3051 legimus
1122 2983 1189 3054 quia
1198 2987 1318 3056 quadam
1328 2988 1386 3044 vice
1399 2992 1528 3047 Ananias
1534 3000 1661 3067 princeps
1669 2999 1757 3053 smera.

155 3086 244 3139 mare,
261 3072 373 3123 nonest
386 3066 490 3121 mirum
504 3064 529 3118 si
557 3065 640 3119 toties
666 3065 844 3136 naufragium
855 3084 953 3137 passus
995 3075 1054 3123 tum
1066 3075 1191 3142 pracepit
1203 3078 1382 3133 asstantibus
1393 3079 1448 3132 sibi
1457 3088 1601 3149 percutere
1616 3101 1643 3141 es
1655 3090 1704 3156 ejas
1713 3086 1756 3156 pict.

154 3158 339 3215 estaperseo
357 3156 400 3209 die
413 3156 445 3208 in
460 3154 602 3222 profundo
616 3156 705 3207 maris
722 3155 777 3222 fui.
794 3154 872 3209 Licet
886 3157 952 3227 qui·
993 3159 1084 3228 xxviv),
1100 3164 1128 3213 et
1140 3160 1254 3232 longum
1274 3168 1317 3218 est
1331 3181 1464 3223 enarrare
1485 3171 1597 3241 quoties
1616 3174 1665 3230 hoc
1681 3176 1753 3230 petum

113 3308 121 3323 ·
153 3247 219 3302 dam
229 3242 494 3313 dicantllpostolum
507 3257 564 3296 non
573 3257 633 3296 esse
643 3241 672 3295 in
687 3257 766 3297 mare
777 3241 948 3312 demersum,
993 3251 1043 3301 est.
1060 3250 1192 3303 Periculis
1207 3267 1239 3305 ea
1247 3255 1383 3320 pentibus.
1397 3256 1422 3310 Λ
1436 3257 1612 3333 philosophis
1625 3264 1753 3335 manumet

151 3333 246 3406 ibique
258 3333 288 3388 in
303 3330 439 3403 profundo
462 3345 600 3400 aquarum
627 3334 731 3399 negent
754 3336 836 3386 nocte
860 3348 892 3386 ac
906 3332 952 3388 die
991 3334 1165 3407 principibus
1180 3338 1270 3393 multa
1291 3339 1469 3400 incommoda
1493 3364 1594 3419 passus
1616 3358 1657 3407 est
1671 3355 1753 3424 proptr

150 3420 572 3490 mansisse,tenendaesttamcn
582 3422 824 3474 certasanctorum
833 3421 950 3476 Pstmm
990 3424 1157 3494 mysterium
1169 3426 1373 3485 incarnationis
1388 3429 1452 3487 Filii
1467 3435 1529 3503 Dei,
1541 3439 1752 3509 passionisresu
1784 3504 1788 3509 ,

149 3511 275 3580 traditio,
290 3511 356 3582 quia
369 3508 526 3564 inveritate
540 3522 606 3564 casu
620 3507 767 3579 prolapsus
781 3514 824 3563 est
837 3509 865 3564 in
879 3527 946 3581 pro·
990 3513 1131 3581 rectionis,
1146 3517 1373 3591 ascensionisque
1387 3521 1423 3576 ad
1435 3523 1529 3593 coelos,
1539 3531 1568 3582 et
1582 3528 1750 3602 proptorooiu

148 3600 267 3658 fundum
282 3600 378 3667 maris,
387 3597 436 3655 ubi
450 3598 653 3668 circumseptus
664 3597 794 3652 fluctibus
806 3598 851 3653 die
860 3600 944 3655 simul
985 3599 1036 3655 Dei
1051 3603 1190 3658 culturam
1197 3622 1280 3676 quam
1291 3608 1469 3682 praedicabat.
1481 3615 1617 3672 Pericula
1627 3622 1655 3674 p„
1663 3620 1749 3674 dmm„

148 3697 178 3748 et
191 3696 281 3758 nocte,
295 3694 367 3762 post,
382 3687 440 3743 Deo
450 3684 634 3758 gubemante‚
654 3684 726 3740 liber
737 3686 772 3740 ad
785 3691 891 3742 terram
905 3704 947 3743 re·
988 3689 1209 3761 Sepeinterfuit,
1221 3697 1295 3767 quod
1305 3698 1420 3770 longum
1440 3705 1483 3757 est
1495 3719 1639 3762 enarrare.
1650 3705 1749 3762 feriatis

149 3778 353 3852 diit.Nnnquid
367 3792 435 3849 ergo
450 3776 508 3847 ipse
524 3774 610 3846 quiin
625 3774 700 3830 exitu
724 3775 845 3831 liliorum
859 3777 945 3832 Israel
987 3780 1019 3832 in
1031 3782 1189 3838 solitudine.
1206 3784 1334 3841 Pericula
1346 3787 1375 3842 in
1389 3788 1541 3848 solitudine
1563 3791 1749 3851 sustinuitalu·

148 3872 184 3927 de
193 3876 270 3927 terra
279 3867 393 3940 AEgypti
407 3881 484 3920 mara
494 3863 588 3919 divisit
597 3863 625 3918 in
635 3863 794 3930 divisiones,
811 3871 840 3920 et
848 3872 946 3937 postea
987 3868 1063 3936 daeis,
1079 3872 1191 3941 quando
1206 3873 1288 3929 factis
1302 3876 1411 3932 insidiis
1422 3880 1573 3939 voluerunt
1582 3901 1644 3940 eom
1657 3883 1748 3940 occidere

146 3960 297 4017 Iordanem
309 3963 338 4013 et
346 3955 600 4012 torrentemdrnon
610 3954 707 4026 (deod.
718 3955 786 4024 xvv),
803 3955 850 4026 qui
860 3954 945 4010 etiam
986 3956 1015 4010 in
1030 3959 1094 4012 via:
1112 3960 1154 4015 vel
1174 3961 1259 4018 etiam
1274 3965 1406 4037 periculis
1420 3967 1449 4023 in
1472 3971 1624 4028 solitudine
1645 3969 1747 4033 interluit.

146 4047 408 4106 servavitionamin
419 4049 514 4099 ventre
524 4044 577 4098 ceti
589 4044 760 4112 (leen.1r),et
770 4043 854 4098 Petro
865 4061 942 4100 mare
984 4045 1051 4116 quia
1065 4047 1192 4104 diabolus
1206 4049 1332 4108 invidens
1347 4055 1531 4113 einonsolum
1539 4055 1748 4132 perhominssni·

146 4137 278 4194 calcabile
291 4133 409 4207 praebuit
419 4133 524 4199 (lfattb.
535 4132 602 4200 xvv),
618 4147 674 4186 non
685 4132 777 4203 potuit
787 4133 872 4187 etiam
888 4133 942 4187 mi·
983 4134 1086 4191 nistros
1106 4154 1171 4193 suos
1190 4155 1253 4194 eum
1273 4144 1505 4215 persequebatur,
1522 4149 1662 4206 sedetiam
1674 4148 1747 4205 hesim

145 4227 225 4282 litem
236 4221 684 4293 suumegregiumpradicatorem
698 4223 816 4277 Paulum
831 4224 861 4277 in
875 4240 941 4295 pro·
982 4222 1169 4282 ferocissimas
1183 4235 1280 4284 contra
1299 4248 1362 4287 eum
1384 4234 1533 4303 excitabat,
1560 4254 1596 4294 ne
1614 4239 1714 4296 auderet
1724 4234 1746 4290 dc

146 4305 470 4377 fu‘ndomarisservare,
492 4310 944 4386 utnequeaeircumpositisprae·
982 4311 1042 4368 loco
1072 4315 1107 4369 ad
1132 4315 1222 4372 locum
1247 4320 1378 4376 transire.
1407 4326 1543 4381 Pericula
1563 4330 1594 4384 in
1613 4327 1746 4384 anemio
1794 4352 1797 4357 ·

144 4401 230 4458 iocari
245 4401 335 4473 aquis,
357 4415 447 4471 neque
461 4414 478 4451 a
490 4396 592 4453 belluis
606 4399 723 4454 marinis
751 4401 877 4456 devorari
891 4392 1072 4474 po-Dsolum
1087 4405 1200 4475 quando
1217 4412 1262 4462 ter
1285 4410 1464 4482 naufragium
1485 4416 1612 4486 pertulit,
1627 4423 1654 4474 et
1665 4410 1746 4490 quanda

144 4489 252 4550 tuerit?
268 4487 585 4559 Potensutiquapotuit.
598 4487 798 4558 ideoquefecit.
815 4490 941 4562 Denique
981 4489 1112 4563 lapsusin
1123 4495 1266 4558 mare,ubi
1284 4497 1338 4553 fuit
1349 4497 1423 4555 inter
1440 4503 1549 4560 medios
1564 4506 1661 4563 fluctus
1677 4505 1712 4561 die
1724 4517 1746 4557 a

143 4588 254 4640 nonest
280 4578 402 4651 amplius
431 4576 592 4631 mirandum
615 4577 730 4632 Petrum
753 4580 940 4650 superandas
981 4587 1062 4637 nocte
1077 4583 1222 4640 etillmsus
1239 4589 1402 4657 permansit,
1418 4594 1613 4652 verumetiam
1627 4591 1744 4669 sepissime

141 4672 229 4729 maris
242 4687 299 4727 nan
314 4667 415 4725 infusis
428 4666 553 4737 vestigiis
577 4665 747 4732 ambulasse,
766 4684 850 4739 quem
865 4669 939 4724 Pau·
980 4670 1217 4741 periculainmari
1225 4676 1367 4732 sustinuit.
1380 4678 1461 4736 Unde
1481 4684 1604 4754 quadam
1619 4685 1673 4741 vice
1684 4685 1744 4754 impr—

140 4765 200 4819 lum
215 4767 296 4818 nocte
313 4775 346 4817 ac
359 4758 405 4814 die
420 4757 449 4812 in
464 4755 601 4829 profando
617 4755 703 4810 maris
713 4755 832 4811 illaesum
844 4765 938 4813 custo·
978 4765 1080 4829 gerunt
1095 4777 1193 4815 navem
1205 4762 1239 4816 ad
1255 4763 1343 4831 littus,
1363 4768 1475 4837 quando
1485 4787 1570 4842 prora
1583 4773 1636 4829 fixa
1646 4768 1744 4828 maneat

140 4852 230 4907 ditum
245 4868 316 4907 esse.
331 4849 448 4922 Mystice
461 4862 525 4902 vero
539 4862 590 4918 per
612 4845 732 4899 Paulum
748 4845 795 4918 qui
810 4853 890 4902 nocte
905 4864 937 4903 ac
978 4846 1148 4904 immobilis:
1163 4852 1263 4923 puppis
1287 4870 1352 4909 vero
1379 4855 1540 4915 solvebatur
1551 4878 1570 4916 a
1583 4863 1609 4918 vi
1628 4860 1742 4927 maviael

138 4939 184 4994 die
195 4938 369 5012 inprofundo
381 4937 467 4992 maris
480 4935 542 5002 fuit,
555 4939 584 4990 et
598 4939 694 4989 tamm
706 4934 932 5009 Dominosepro-
978 4936 1089 5007 quando
1104 4938 1208 4994 milites
1223 4940 1351 4997 volebant
1365 4961 1463 5002 omnes
1482 4951 1624 5008 custodias
1637 4949 1739 5008 ooeidert·

136 5032 251 5097 tegente
264 5026 300 5081 ad
324 5031 414 5081 terras
433 5025 504 5080 liber
526 5024 661 5098 pervenit,
678 5023 875 5096 intelliguntur
893 5026 935 5080 illi
976 5025 1081 5097 nequis
1089 5025 1419 5103 possitnatuspervenire
1427 5036 1462 5091 ad
1473 5037 1566 5095 littus.
1579 5041 1632 5098 Sed
1645 5033 1739 5097 aarum

133 5115 204 5187 justi
218 5115 266 5187 qui
277 5115 312 5169 de
325 5114 514 5186 profunditate
528 5114 718 5186 periculorum
740 5119 768 5169 et
781 5115 933 5186 perturba·
973 5113 1025 5168 hoc
1040 5114 1185 5186 prohibuit
1198 5124 1313 5190 propter
1330 5121 1507 5195 Apostolum,
1521 5128 1617 5187 rolens
1633 5147 1689 5186 eum
1698 5137 1741 5181 rer·

134 5204 244 5260 tionum
259 5203 353 5259 saeculi
380 5220 397 5257 a
416 5203 535 5259 Domino
551 5205 675 5276 quotidie
692 5205 860 5271 educuntur,
882 5205 931 5260 sed
972 5205 1214 5276 varetrlctnrvn).
1231 5209 1367 5265 ferientes
1380 5215 1411 5267 ia
1431 5215 1512 5282 salsis
1525 5219 1668 5286 [ratribus.
1685 5218 1740 5284 Selt

131 5293 244 5367 plenius
258 5293 288 5348 in
299 5292 344 5346 die
355 5291 454 5363 judicii
468 5290 671 5358 liberabuntur,
694 5299 778 5364 atque
800 5292 835 5346 ad
851 5293 930 5348 littus
971 5291 1110 5348 interfuit.
1137 5295 1211 5350 Falsi
1235 5296 1336 5354 fratres
1350 5300 1380 5355 hi
1394 5308 1470 5366 sunt,
1492 5305 1527 5361 de
1543 5309 1643 5380 quibus
1658 5297 1738 5363 dicitis

129 5390 242 5442 aterna
248 5381 398 5438 soliditatis
408 5382 597 5454 perducentur
608 5401 614 5439 :
626 5383 692 5454 quia
702 5380 927 5453 positiinterflu-
969 5379 1139 5454 Epistolaad
1150 5383 1264 5442 Galatas
1274 5390 1460 5461 (caputquie
1469 5386 1737 5463 subintromittat

128 5481 191 5534 ctus
205 5474 291 5548 huius
300 5471 407 5539 saeculi,
417 5487 474 5526 non
482 5469 680 5526 dubitaverunt
690 5470 718 5526 in
727 5471 781 5526 fide
794 5471 828 5526 de
841 5472 926 5527 mise-
966 5472 1070 5540 sratres
1077 5476 1220 5544 explorare
1237 5477 1390 5536 libertatem
1399 5481 1655 5545 nastrumilienim
1663 5476 1736 5562 putta

123 5565 248 5635 ,gordio
260 5561 324 5650 Dei,
336 5561 439 5654 Pappa
458 5575 523 5652 voro
538 5557 587 5645 qui
607 5558 731 5639 primum
745 5574 803 5622 aon
824 5557 924 5623 infmia
967 5561 1226 5629 charauni-erent.
1239 5566 1348 5649 partim
1368 5566 1470 5650 tude,
1488 5568 1520 5639 ia
1541 5578 1643 5663 nauto
1665 5580 1733 5663 testi
