3818 6104
140 233 214 294 litt
364 234 553 292 HAYMONIS
574 236 824 294 massata
837 235 955 296 nemu.
970 235 1053 297 OPP.
1062 234 1194 297 PARSI.
1209 256 1244 283 -e
1258 235 1449 296 domur.
1467 235 1566 298 BIBL.
1716 238 1782 298 litt

141 376 213 434 gnos
222 361 462 434 seraphilosophl
473 365 503 416 ct
511 362 610 417 divites
623 363 708 434 huius
716 363 825 421 seculi.
842 364 882 418 Ex
894 363 938 418 his
946 363 1128 433 Aconspectu
1144 361 1222 418 illius
1246 361 1413 426 manunt,
1428 364 1460 417 et
1472 359 1509 415 eb
1522 377 1560 416 eo
1571 361 1733 417 viduatu.
1751 365 1784 420 u

141 449 274 506 omnibus
286 466 421 520 magnum
431 449 501 504 illud
516 450 673 505 convivium
687 468 782 518 coena,
796 452 832 506 ab
843 458 942 507 exortu
983 451 1026 507 his
1036 450 1125 521 signis
1133 451 1286 521 subjicient
1293 467 1342 506 eos
1351 449 1399 521 qni
1412 455 1587 519 acceperunt
1596 451 1782 509 eharseteren

142 540 258 611 quidem
275 544 379 593 sancta
407 538 535 593 udaie
562 546 748 611 praeparatur,
770 541 819 595 sed
837 541 868 594 in
887 542 942 596 fine
982 537 1079 595 bestiae
1093 557 1100 592 ε
1115 538 1780 610 hoeestquiincumcredlderuet,etquiado

141 632 303 700 temporam
316 627 505 683 abundantius
523 629 736 699 preparabitur,
759 630 871 700 quando
886 646 943 685 nor
982 634 1119 683 raserunt
1131 628 1284 698 imaginem
1295 629 1367 697 cius,
1380 627 1454 683 n'cut
1462 626 1567 693 iudai,
1581 629 1632 699 qui
1643 644 1708 683 cum
1716 646 1780 701 gsu·

141 719 233 771 solum
243 716 372 788 gentiles,
389 717 438 771 sed
463 717 549 771 etiam
572 718 661 773 ludaei
683 723 839 776 occurrent.
860 725 889 773 et
907 719 943 773 sd
984 715 1782 789 dioetvenerationeejusprestolanturadvenmmqam

141 806 286 861 Christum
301 809 512 860 convertentur.
525 806 607 861 Unde
620 812 650 861 et
668 806 723 861 ista
737 807 896 877 specialiter
907 808 944 862 ael
984 809 1013 860 et
1026 805 1184 875 suscepturi
1195 809 1263 859 suut
1276 820 1341 859 oum
1354 804 1472 857 renum.
1488 803 1576 857 liuta
1599 804 1677 874 qnod
1691 804 1781 860 Domi·

140 893 211 949 lllud
230 900 343 966 ternpus
356 893 462 948 reterre
485 910 646 966 possumus.
662 896 786 966 Angelus
799 896 896 966 itaque
913 896 943 950 is
983 893 1087 950 niueis
1097 891 1370 962 dicitrlgoinquit,
1380 891 1484 947 reeiin
1496 891 1612 946 nmine
1622 893 1781 959 Pauismei,

46 1043 48 1047 ,
140 984 208 1048 sole,
233 983 310 1039 llliss
336 989 365 1038 et
386 982 484 1037 Enoch
498 983 710 1053 intelligantur,
724 985 753 1038 in
768 989 866 1055 aperta
881 984 942 1039 luce
982 986 1013 1035 et
1025 996 1081 1036 non
1095 980 1257 1050 suscepistis
1279 996 1336 1046 me,
1350 979 1424 1035 abus
1435 979 1530 1034 reniet
1544 979 1576 1034 in
1587 981 1708 1035 nurnine
1723 997 1779 1050 sno,

140 1072 284 1129 Christum
299 1071 578 1143 predicanteshicet
591 1073 665 1126 enim
680 1073 890 1144 persecutiones
904 1072 943 1127 ri·
968 1069 1075 1140 ¹ipsum
1087 1069 1255 1139 suscipietis.
1271 1069 1312 1124 De
1325 1067 1428 1138 quibus
1452 1067 1587 1123 omnibus
1599 1070 1672 1124 satis
1684 1087 1778 1141 suprs-

140 1160 243 1215 dellcet
252 1160 287 1215 ab
297 1160 472 1215 Antichristo
485 1161 645 1215 sustineant
655 1161 757 1224 illatas,
768 1167 865 1215 umen
873 1176 941 1215 con·
982 1158 1088 1213 dictum
1098 1163 1151 1221 est,
1160 1157 1224 1213 ideo
1239 1157 1284 1211 hic
1296 1156 1419 1212 breviter
1432 1161 1618 1228 mpetuntur.
1632 1160 1670 1212 Hi
1678 1160 1741 1224 duo,
1754 1157 1780 1213 id

140 1255 250 1304 stanter
260 1255 290 1303 et
299 1249 447 1303 manifeste
455 1248 648 1320 predicabant
657 1248 942 1314 Christum,dlcentes
983 1253 1027 1302 est
1036 1251 1120 1317 ceput
1129 1252 1276 1316 etcorpus,
1287 1248 1345 1299 uiri
1361 1248 1440 1299 missi
1450 1252 1517 1300 sual
1525 1249 1559 1299 in
1571 1250 1781 1314 stapaumipair

141 1333 273 1394 omnibns
285 1337 393 1401 avibus,
404 1337 432 1390 id
444 1342 486 1392 est
496 1337 629 1392 omnibus
642 1337 756 1404 sanctis,
768 1337 851 1391 sociis
867 1337 942 1392 ride·
982 1338 1108 1391 ardeatis
1121 1341 1146 1390 et
1155 1335 1312 1403 sulphuris.
1322 1333 1539 1404 Hucdnpliciter
1548 1340 1648 1404 potest
1654 1335 1779 1406 intelligi:

139 1426 208 1481 licet
221 1426 460 1498 predicatoribus,
471 1426 570 1479 Venite
580 1426 616 1479 ad
626 1442 735 1480 coenam
749 1442 881 1496 magnam
891 1426 943 1481 Dei
982 1425 1037 1479 riri
1049 1424 1154 1480 etenim
1167 1424 1196 1479 in
1207 1429 1339 1494 stagnum
1354 1423 1429 1492 ignis
1441 1422 1571 1478 ardentis
1581 1424 1734 1479 mittatur
1744 1426 1779 1491 hi,

141 1514 350 1585 omnipotentis,
367 1515 395 1569 id
424 1518 468 1568 est
494 1515 530 1568 ad
558 1515 685 1569 Ecclesia
714 1521 892 1579 conventum,
913 1520 942 1569 et
981 1528 1053 1583 quos
1077 1511 1209 1567 Christus
1240 1512 1351 1567 ueniens
1370 1511 1565 1581 adjudicium
1584 1513 1665 1566 risos
1683 1515 1781 1584 reperit

140 1607 277 1658 aeternam
289 1602 415 1655 omniurn
430 1602 554 1656 bdelium
571 1602 763 1657 reiectionem.
779 1602 846 1666 Qua
860 1618 939 1657 coena
948 1633 972 1693 B
981 1600 1009 1655 in
1024 1616 1118 1655 carne.
1130 1600 1185 1664 Qui
1194 1600 1341 1670 paululum
1355 1600 1505 1670 degustata
1518 1602 1724 1665 moneamini
1734 1619 1780 1657 re·

139 1697 218 1747 recte
231 1707 336 1760 magna
348 1695 474 1756 vocatur,
484 1692 552 1760 quia
571 1691 704 1745 videlicet
715 1696 747 1745 et
761 1691 892 1761 gentiles,
911 1696 941 1746 et
981 1694 1098 1759 surgent
1111 1687 1545 1743 etdamnabunturcumdiebolo
1556 1689 1779 1761 stengelisejus

140 1778 230 1834 ludaei
258 1780 294 1833 ad
320 1779 407 1833 vitam
439 1785 572 1833 aternam
592 1779 772 1850 praeordinati
800 1785 867 1833 tunc
884 1796 943 1834 cre·
982 1777 1101 1842 Quietsi
1115 1782 1342 1833 momentaneam
1356 1776 1447 1831 caruis
1460 1782 1582 1831 mertem
1597 1779 1779 1847 grauverint,

140 1867 220 1933 dent,
234 1874 265 1921 et
275 1868 311 1922 ud
325 1868 398 1921 hanc
410 1884 520 1922 coenam
533 1867 658 1931 venient,
672 1872 705 1922 nt
719 1866 868 1922 comedant
881 1884 941 1922 car
981 1872 1117 1938 umquam
1124 1866 1156 1922 in
1164 1865 1223 1920 ictu
1236 1865 1310 1920 oculi
1324 1871 1545 1936 resurgentnon
1555 1867 1664 1919 mortui
1673 1866 1781 1921 sedriri

139 1970 193 2011 nes
207 1971 307 2027 regum
317 1962 345 2011 ct
356 1962 535 2020 caeterorum,
544 1954 572 2009 id
590 1960 633 2009 est
647 1959 724 2010 uter
734 1954 940 2011 omnibuscon-
981 1956 1168 2027 appellantur.
1178 1954 1312 2008 Volcente
1321 1954 1443 2008 virentes
1452 1953 1625 2024 instagnum
1633 1955 1710 2025 ignis
1719 1956 1779 2009 mit·

138 2043 294 2099 ditionibus
306 2051 336 2099 et
350 2044 532 2115 qualitatibus
542 2043 579 2098 ad
600 2043 686 2098 tidem
701 2043 806 2098 Christi
824 2061 939 2100 conver·
980 2047 1089 2105 tantur,
1106 2043 1135 2098 hi
1162 2043 1211 2113 qui
1237 2043 1358 2098 scienter
1385 2043 1493 2097 malum
1511 2049 1680 2113 operantur.
1701 2042 1735 2096 Et
1751 2051 1779 2099 ut

139 2134 247 2199 tantur,
265 2139 294 2188 et
307 2134 338 2187 in
350 2149 453 2204 corpus
466 2149 558 2195 sunm,
576 2132 650 2203 quod
678 2137 721 2187 est
735 2132 868 2199 Ecclesia,
884 2138 940 2187 tra-
981 2130 1776 2202 manifestiusliatdicamnssubexemplanerbigrstis:

138 2219 285 2289 jiciantnr.
980 2220 1196 2276 Constituentur
1209 2220 1267 2274 duo
1280 2219 1420 2283 homines,
1431 2236 1507 2274 unas
1522 2226 1656 2274 mortuus
1669 2227 1699 2275 et
1712 2222 1777 2275 alter

176 2311 210 2363 lu
224 2311 282 2363 vidi
297 2313 410 2363 bestiam
424 2316 448 2362 et
463 2326 537 2377 repes
558 2315 637 2364 terre
653 2315 677 2364 rt
695 2313 829 2364 exercitus
843 2327 939 2364 eorum
979 2311 1066 2365 virus.
1075 2309 1104 2365 Si
1117 2309 1270 2379 tetigeritis
1283 2315 1436 2372 mortuum.
1451 2324 1510 2362 non
1521 2309 1627 2374 sentit;
1644 2310 1668 2362 si
1681 2311 1778 2379 tetige-

141 2403 316 2465 conprepalos
325 2398 531 2466 adsumendum
542 2400 743 2467 praliamcum
754 2399 803 2451 illa
812 2400 939 2465 possede-
977 2397 1040 2453 ritis
1055 2398 1159 2465 virum,
1170 2398 1265 2455 sentit.
1281 2399 1361 2467 Srepe
1384 2413 1448 2451 vero
1472 2397 1502 2451 in
1517 2397 1666 2468 Scriptura
1679 2398 1777 2451 mortui

143 2484 189 2538 bct
204 2488 235 2538 ia
250 2502 328 2554 equo,
343 2492 367 2540 et
382 2503 446 2540 cum
460 2490 580 2540 exercitu
600 2490 669 2555 ejus.
685 2485 793 2551 Bestia,
807 2492 839 2542 ut
853 2504 937 2558 supra
977 2486 1293 2558 pronescientibus,vini
1313 2503 1363 2557 pro
1380 2485 1535 2540 scientibus
1551 2488 1776 2556 ponunturdlor-

102 2596 107 2607 =
141 2572 246 2628 dictum
256 2575 464 2645 utaliquando
472 2574 615 2629 diabolum
625 2576 764 2629 malcrum
772 2575 935 2646 principem,
978 2575 1021 2629 tui
1031 2575 1126 2645 itaque
1138 2581 1205 2629 sunt
1215 2574 1327 2646 pagani,
1337 2581 1367 2628 et
1376 2574 1457 2645 quasi
1466 2575 1665 2628 nescienteset
1678 2576 1777 2629 mortui

139 2661 294 2732 aliquando
304 2680 370 2718 rero
381 2663 595 2729 antichristum,
608 2664 759 2734 aliquando
774 2669 864 2719 totum
875 2680 937 2719 cor·
977 2662 1007 2720 in
1017 2663 1157 2723 internum
1167 2663 1428 2727 descenduntunde
1438 2663 1644 2733 scriptumest:
1657 2664 1710 2726 uni
1725 2680 1776 2718 non

138 2765 193 2821 pus
208 2751 311 2806 diaboli
325 2752 474 2821 significat.
491 2751 524 2806 In
542 2753 595 2807 hoc
613 2753 673 2806 loco
696 2753 793 2816 bestia,
809 2753 936 2809 diabolus
978 2753 1077 2812 credit,
1092 2754 1151 2822 jam
1158 2752 1304 2822 iudicatus
1314 2753 1427 2817 est‚riri
1439 2757 1536 2806 autem
1547 2759 1626 2816 sunt,
1637 2753 1685 2822 qui
1696 2753 1774 2808 iidem

137 2856 203 2898 cum
217 2857 268 2895 suo
282 2841 397 2895 homine
408 2847 554 2912 assumpto
573 2841 749 2911 intelligitur.
767 2843 857 2912 Reges
870 2856 936 2897 uero
978 2841 1083 2897 Christi
1093 2840 1208 2905 habent,
1234 2842 1283 2895 sed
1297 2841 1363 2895 dum
1379 2857 1442 2895 eam
1463 2840 1598 2911 operibus
1618 2841 1773 2907 destmunt

140 2935 170 2985 et
184 2930 323 2985 exercitus
336 2946 443 2996 eorum,
460 2929 604 3001 prepositi
617 2946 680 2984 cum
694 2930 935 3001 subjectoseorum
978 2928 1068 2985 ririin
1078 2929 1409 2990 internumdescendurrt
1431 2928 1498 2999 quis
1511 2929 1638 2983 scienter
1648 2937 1771 2999 peccant,

136 3020 221 3074 malis
234 3019 428 3090 designantur,
441 3019 471 3073 hi
495 3019 603 3074 iaciunt
627 3018 732 3074 bellum
747 3025 845 3074 contra
858 3020 968 3097 Chri-c
978 3021 1007 3072 et
1017 3017 1047 3073 hi
1058 3019 1158 3088 utique
1171 3018 1285 3088 granius
1299 3018 1516 3088 torquebuntur,
1537 3018 1607 3088 quia
1620 3035 1718 3074 sersus
1730 3019 1774 3089 qui

138 3114 214 3164 mum
229 3114 260 3164 ct
270 3110 331 3179 ejus
342 3109 448 3172 fideles,
465 3107 647 3179 blasphemiis
659 3113 687 3163 et
701 3108 866 3180 opprobriis,
883 3108 936 3162 tri·
977 3105 1030 3161 scit
1044 3105 1215 3161 voluntatem
1226 3107 1339 3161 Domini
1349 3107 1403 3172 sui,
1414 3112 1443 3161 et
1459 3123 1516 3161 non
1527 3107 1596 3161 tacit
1610 3107 1707 3177 digna,
1721 3108 1774 3177 plu·

135 3195 328 3252 halationibus
355 3203 384 3251 et
403 3197 546 3251 miraculis
561 3201 728 3267 pugnantes.
745 3197 781 3251 Et
808 3199 935 3267 quamvis
975 3194 1020 3264 gis
1039 3193 1185 3265 vapulabit
1200 3195 1307 3249 multis.
1324 3195 1568 3250 Considerandum
1594 3195 1717 3266 denique
1735 3202 1775 3249 est

136 3285 172 3339 ab
185 3285 247 3355 ipso
260 3283 375 3337 Domini
385 3285 518 3338 adventu.
527 3284 655 3338 diabolus
663 3300 727 3338 cum
732 3285 791 3339 suis
801 3285 934 3342 membris
976 3294 1061 3354 quam
1072 3283 1237 3338 terribiliter
1248 3284 1326 3338 locus
1339 3285 1543 3355 suppliciorum
1551 3292 1684 3354 stagnum
1695 3284 1772 3355 ignis,

134 3372 241 3427 bellum
256 3372 420 3426 certaminis
432 3378 530 3426 contra
543 3373 695 3426 Ecclesiam
707 3373 934 3439 inierit,ralidius
976 3377 1005 3428 et
1015 3372 1159 3442 sulphuris
1178 3388 1239 3426 esse
1250 3373 1422 3442 perhibetur.
1440 3374 1579 3443 Stagnum
1594 3374 1703 3428 scilicet
1716 3390 1774 3444 pro·

134 3466 231 3516 tamen
246 3461 276 3514 in
290 3462 346 3514 tine
358 3460 453 3514 monii
467 3460 614 3531 pugnabit,
627 3461 740 3531 qnando
755 3461 849 3516 divino
860 3463 934 3532 judi·
975 3465 1039 3531 pter
1057 3461 1240 3517 densissimas
1257 3461 1398 3526 tenebras,
1410 3462 1512 3533 quibua
1530 3463 1653 3517 miseros
1665 3463 1773 3516 <lernen

135 3550 301 3605 ciosolutus
316 3549 437 3621 propriis
458 3549 561 3603 uiribus
589 3548 877 3620 ellembitur,quando
893 3552 933 3607 si·
973 3549 1025 3620 git.
1042 3549 1119 3618 Ignis
1144 3565 1219 3614 roro,
1242 3550 1310 3619 quia
1337 3551 1438 3608 exurit.
1458 3551 1595 3622 Sulphur‚
1619 3552 1687 3622 quia
1705 3568 1772 3622 quos

134 3639 198 3710 gnis
212 3645 241 3694 et
250 3639 394 3693 miraculis
403 3643 664 3695 castrasanctomm
675 3638 841 3709 perturbare
854 3640 932 3695 nisus
973 3638 1113 3708 demergit
1126 3639 1212 3692 simul
1226 3640 1366 3706 sterant,
1382 3645 1412 3693 et
1422 3640 1565 3694 continuis
1578 3640 1717 3695 letalibus
1730 3656 1771 3694 re·

132 3729 228 3784 luerit.
243 3731 321 3783 Tunc
335 3727 441 3799 pariter
456 3727 554 3793 bestia,
570 3743 651 3797 reges
666 3734 696 3781 et
721 3728 865 3783 exercitus
887 3745 933 3783 eo-
972 3728 1040 3798 plat.

133 3833 198 3872 rum
213 3816 350 3888 pugnabit
364 3832 428 3870 cum
442 3816 565 3881 Christo,
581 3822 609 3869 et
624 3818 687 3886 ejus
713 3817 848 3882 exercitu,
866 3818 932 3888 quia
1008 3818 1345 3883 auerruncandae
1365 3819 1413 3890 qui
1424 3819 1459 3872 ad
1469 3818 1618 3873 Christum
1632 3824 1699 3874 sunt
1710 3836 1770 3875 con-

132 3919 190 3960 uno
199 3912 263 3958 roto
277 3920 390 3975 unaque
399 3904 544 3958 voluntate
554 3904 676 3974 reprobi,
687 3905 822 3960 adversus
834 3905 932 3961 Eccle-
972 3905 1144 3972 vuaimerus·
1153 3914 1219 3962 sunt
1227 3909 1443 3976 pladioscdcntis
1453 3914 1703 3978 aspareqarnapai
1709 3926 1770 3978 pro«

133 3994 205 4048 siam
220 3993 417 4059 firmabuntur,
438 4009 502 4047 curn
521 4009 573 4063 per
591 3993 757 4047 damnatum
776 3995 930 4062 hominem,
971 3995 1285 4063 emebatdcorciprias.
1299 3997 1421 4050 Narrata
1445 3995 1633 4067 reproborum
1657 3999 1768 4052 damna-

133 4082 267 4153 antiquus
281 4082 371 4136 hostis
382 4081 413 4135 in
424 4081 552 4136 seculari
562 4081 689 4153 potentia
703 4096 734 4134 se
747 4081 852 4153 eriget:
863 4090 931 4138 tunc
971 4082 1059 4146 tione,
1072 4084 1225 4138 revertitur
1239 4085 1274 4138 ad
1296 4102 1343 4139 eos
1370 4085 1419 4156 qui
1434 4084 1469 4139 ad
1485 4084 1634 4140 Christum
1649 4087 1767 4142 conuersi

133 4172 211 4225 enim
225 4170 355 4224 unanimi
367 4169 534 4224 crudelitate
557 4170 670 4241 reprobi
683 4185 747 4223 cum
762 4173 929 4243 suocapite,
972 4177 1047 4234 sunt,
1064 4176 1093 4225 et
1107 4173 1201 4242 gladio
1216 4173 1292 4227 verbi
1307 4174 1358 4228 Dei
1382 4175 1544 4246 interempti
1571 4178 1681 4231 mortui
1708 4181 1766 4231 sunt

132 4264 232 4314 contra
255 4258 407 4313 Ecclesiam
426 4257 580 4328 erigentur,
594 4258 760 4333 nullumque
772 4259 1077 4369 membrumDmundo
1088 4265 1117 4314 et
1123 4266 1245 4331 peccato,
1263 4268 1295 4316 ut
1307 4263 1488 4318 virerentrllt
1498 4264 1704 4331 ornnernoerdd
1719 4269 1763 4325 est,

131 4345 294 4417 iniquorum
309 4362 327 4399 a
340 4347 384 4400 sui
399 4347 500 4417 capitis
514 4348 668 4411 voluntate,
682 4350 711 4405 in
735 4350 788 4404 hac
803 4365 931 4420 persecu·
971 4365 1070 4403 omncs
1083 4351 1173 4404 sancti
1185 4354 1308 4405 saturati
1321 4359 1388 4406 sacal
1400 4355 1432 4406 do
1452 4354 1585 4406 coraibus
1601 4371 1707 4408 eoram,
1724 4354 1765 4409 Su-

132 4435 210 4490 tione
222 4430 402 4506 discrepabit,
970 4437 1055 4492 tietas
1065 4439 1140 4493 enim
1151 4440 1304 4495 electorum
1313 4448 1357 4495 est
1365 4441 1463 4496 laetitia
1472 4446 1501 4495 et
1512 4442 1652 4511 gaudium
1662 4444 1697 4498 de
1709 4459 1764 4514 pro

167 4526 201 4580 El
216 4525 386 4594 apprehensa
400 4528 438 4578 cst
452 4525 545 4580 bestia,
563 4526 618 4583 Pro
633 4543 668 4581 eo
689 4529 764 4599 quod
777 4528 931 4600 apprehen·
970 4526 1045 4582 iectu
1054 4528 1190 4583 fidelium.
1208 4530 1311 4584 Verum
1323 4531 1389 4602 quia
1401 4529 1476 4585 verbi
1487 4532 1537 4586 Dei
1547 4533 1645 4602 gladio
1658 4534 1763 4604 quidam

131 4614 224 4679 detur,
240 4610 307 4684 quia
322 4613 496 4683 praeteritum
509 4620 621 4685 tempus
635 4616 790 4687 profuturo
800 4617 845 4671 hic
859 4618 932 4688 posi·
968 4616 1136 4686 jugulantur
1150 4619 1326 4687 adsalutem,
1339 4621 1627 4691 utsuperiusdictum
1642 4628 1694 4689 est,
1708 4621 1762 4693 qui·

131 4706 193 4755 turn
200 4706 252 4756 est.
263 4703 297 4755 Et
307 4716 371 4755 ruat
380 4705 431 4756 illa
438 4705 680 4772 pseudopropheta,
691 4711 714 4760 el
721 4709 771 4773 qai
776 4707 842 4774 (coit
850 4709 930 4774 sipaa
971 4705 1036 4759 dam
1050 4723 1115 4759 vero
1130 4707 1165 4760 ad
1177 4707 1396 4763 damnationem.
1416 4710 1570 4764 Possumus
1585 4716 1614 4765 ct
1627 4711 1678 4765 hos
1699 4727 1762 4765 mor

131 4804 225 4844 coram
240 4793 297 4857 ipro
310 4791 410 4857 paribus
423 4792 532 4845 reducit
542 4808 583 4846 eos
596 4797 647 4861 qui
660 4799 821 4863 occeperunt
834 4795 932 4848 obora·
972 4795 1091 4865 tuosqui
1101 4795 1184 4849 occisi
1194 4797 1360 4868 suntgladio
1370 4799 1493 4854 sedentis
1508 4815 1709 4871 superaquam
1723 4814 1761 4854 eos

129 4880 229 4930 cleram
248 4880 344 4939 bestia,
373 4885 397 4932 el
411 4883 460 4947 qui
486 4882 675 4936 odoraverunt
690 4886 842 4950 lanuginem
860 4886 928 4953 ejus.
970 4882 1138 4954 intelligere,
1153 4885 1201 4955 qui
1222 4891 1288 4939 ante
1311 4887 1423 4942 Domini
1448 4887 1602 4941 adventum
1617 4889 1760 4943 secundun

127 4963 232 5028 Bestia,
244 4967 442 5035 antichristus,
455 4970 701 5040 pseudopropheta
711 4972 840 5026 doctores
850 4973 928 5042 pravi
970 4971 1164 5026 transeuntad
1175 4972 1326 5035 infernum,
1340 4978 1368 5027 et
1378 4991 1410 5028 cx
1426 4974 1470 5028 his
1480 4975 1615 5030 laetantur
1624 4993 1698 5042 ares,
1718 4978 1760 5030 hoc

128 5049 408 5119 intelligunturQuae
418 5057 476 5111 sint
483 5064 578 5112 autem
589 5059 671 5130 signa
681 5077 742 5131 qua
754 5062 927 5132 pseudopro·
968 5066 1012 5113 est
1025 5061 1176 5127 deamones,
1194 5063 1241 5133 qui
1256 5063 1336 5116 valde
1352 5064 1454 5139 gaudio
1474 5066 1631 5135 replentur,
1653 5082 1715 5121 cum
1732 5063 1758 5117 ad

128 5137 215 5211 pheta
228 5137 334 5203 fecerit,
351 5144 416 5212 quia
432 5146 461 5199 in
476 5161 532 5200 uno
548 5147 639 5201 multa
653 5148 858 5219 intelliguntur,
879 5165 928 5204 su·
968 5148 1116 5204 interitum
1151 5167 1216 5206 suos
1249 5153 1407 5221 perducunt
1424 5154 1592 5208 imitatores.
1615 5156 1716 5225 Sicque
1732 5154 1759 5207 de

127 5226 223 5300 perias
237 5224 344 5281 dictum
363 5237 415 5294 cst,
431 5234 507 5288 inter
521 5250 582 5306 quta
609 5236 695 5291 etiarn
722 5238 817 5308 ignem
832 5238 928 5292 fecerit
969 5253 1065 5291 eorum
1078 5239 1259 5296 damnatione
1272 5242 1387 5311 capiunt
1396 5244 1672 5314 satietatern,qulbus
1682 5260 1710 5297 se
1719 5258 1759 5296 au·

129 5316 296 5372 desoendere
310 5315 434 5374 decalo.
446 5322 547 5377 Coram
572 5324 661 5379 bestia
690 5327 767 5391 dicit,
789 5327 855 5396 quia
869 5326 929 5382 ubi·
969 5333 1059 5381 ctores
1072 5328 1252 5398 praebuerunt
1265 5331 1298 5384 ad
1316 5347 1449 5384 errorem.
1476 5332 1540 5385 lstae
1559 5349 1626 5387 aves
1645 5349 1700 5387 non
1718 5348 1757 5385 ro·

29 5407 35 5418 “
129 5420 240 5477 cunque
254 5402 360 5469 suerint
373 5405 427 5475 ipsi
447 5407 569 5465 ministri
593 5413 768 5480 antichristi,
785 5415 825 5469 ita
839 5432 873 5470 aa
885 5418 928 5474 l‘a-
969 5422 1037 5470 catae
1048 5417 1083 5471 ad
1094 5418 1292 5474 mactationem
1305 5426 1557 5487 coenaeorcurrunt,
1570 5423 1621 5475 sed
1631 5429 1757 5493 tanquam

132 5496 291 5565 cientque
301 5489 463 5566 llliplacere
474 5502 664 5572 cognoverint,
676 5504 758 5574 quasi
774 5519 886 5575 semper
898 5507 929 5565 ln
969 5503 1190 5574 comitemini,
1200 5508 1340 5578 utsiquld
1350 5508 1512 5576 elidellbus‚
1528 5510 1755 5566 autmorticinau
