3818 6104
147 284 202 350 683
373 288 563 349 HAYMONIS
578 285 822 345 emanasset.
839 284 951 342 EPlSO.
966 283 1047 342 OPP.
1063 282 1156 341 PARS
1170 283 1193 341 1.
1211 315 1243 327 -
1260 282 1446 342 comer.
1465 284 1558 344 eret.
1731 282 1775 345 684

148 416 192 470 rel
205 415 356 472 hareditas
367 416 454 472 totius
467 415 575 483 mnndi,
592 428 676 487 quam
685 413 811 485 possedit
824 412 853 466 in
866 411 978 474 Chri-A
989 411 1113 482 suscepit
1121 409 1254 464 officium.
1262 409 1339 491 Licet
1346 410 1422 465 enim
1431 411 1492 482 ipse
1500 411 1581 466 nobis
1593 408 1728 466 mediator
1742 410 1773 467 sit

147 510 201 571 eto,
217 505 265 577 qui
283 504 432 560 desemine
446 507 508 576 ejus
521 511 605 559 natus
618 508 670 569 est,
683 504 741 573 jam
752 518 807 557 non
816 506 889 556 esset
896 517 940 554 re·
982 517 1033 571 per
1041 500 1257 564 humanitatem,
1275 504 1434 554 tamennon
1449 507 1494 554 est
1507 499 1646 572 abruptus
1661 504 1770 556 aneton

147 593 297 663 promissio
312 593 361 647 illa
386 594 473 657 datio,
489 594 538 648 sed
562 593 616 647 lex.
634 591 830 646 Hereditatem
855 589 942 644 totius
983 588 1160 659 paternitatis
1175 588 1282 642 divine.
1304 587 1358 643 Sed
1373 588 1433 659 ipse
1448 588 1497 660 qui
1511 594 1652 643 estrerus
1665 588 1767 646 oense

146 681 244 735 mundi
253 681 395 735 Abraham
407 682 436 736 in
447 681 557 736 Christo
567 680 838 752 possidet-;Abralre
848 683 941 732 nutem
983 678 1160 731 verushomo
1186 676 1216 730 in
1241 692 1299 730 una
1320 683 1423 731 natura
1445 694 1568 748 semper,
1597 676 1659 748 ipse
1687 686 1764 735 manet

145 785 202 824 non
225 786 275 841 per
293 770 384 841 legem
411 772 523 825 donauit
547 772 617 825 Deus
639 769 832 824 hereditatem
854 768 942 821 totius
982 765 1097 836 aqualis
1111 764 1188 819 Patri
1200 765 1229 818 in
1246 770 1348 819 natura
1362 772 1390 819 et
1406 771 1546 836 potestate
1561 765 1720 819 divinitatis.

144 858 354 927 mundi,ccdper
361 862 599 928 repromissionem
606 858 703 913 datum
712 855 941 927 estsemen,quod
1018 855 1069 908 len
1083 870 1145 921 erpo
1159 856 1288 907 uducrsus
1301 856 1439 920 promissa
1460 856 1518 919 ller',
1535 854 1565 908 id
1592 859 1636 908 est
1658 855 1761 925 nunquid

143 951 187 1001 est
201 945 339 1013 Christus,
355 947 386 1001 in
400 963 455 1018 quo
469 945 673 1001 benedicuntur
686 961 783 1000 omnes
796 949 904 1015 gentes.
982 957 1049 1013 ergo
1063 942 1106 996 lex
1121 942 1311 996 contrariaest
1323 942 1500 1012 promissioni
1509 942 1706 1013 omnipotentis
1715 943 1759 1011 Dei,

179 1036 251 1103 Ouid
274 1038 364 1103 igitur
387 1038 452 1090 uer
472 1035 575 1090 Beatus
594 1035 777 1105 Augustinus,
801 1047 941 1104 exponens
983 1046 1044 1101 quoe
1059 1031 1132 1085 tacta
1151 1036 1195 1085 est
1208 1030 1351 1084 Abraham
1366 1031 1401 1084 de
1416 1031 1538 1091 Christo,
1548 1031 1623 1103 quod
1638 1030 1665 1085 in
1675 1031 1759 1087 semine

141 1122 368 1196 hancepistolam
376 1124 411 1178 ad
419 1124 533 1178 Galatas
541 1123 661 1194 primurn
669 1124 710 1178 ita
718 1121 853 1177 distinxit:
867 1120 940 1185 Quid
982 1120 1043 1198 ejus
1057 1118 1257 1174 benedicendae
1267 1123 1362 1173 essent
1375 1136 1473 1174 omnes
1486 1120 1608 1190 gentes?
1619 1119 1701 1176 loen.
1714 1120 1758 1176 Non

141 1211 249 1283 igitur?
262 1213 312 1268 sed
324 1216 421 1284 postea
435 1213 562 1282 relegens
572 1229 606 1267 ea
618 1229 679 1284 quse
700 1212 861 1275 dictaverat,
876 1226 938 1264 cor·
980 1207 1030 1260 ilat
1044 1207 1119 1262 istud
1135 1214 1166 1262 ut
1179 1208 1280 1278 aliquis
1296 1209 1392 1262 credat
1416 1209 1506 1278 legem
1526 1207 1693 1264 contrariam
1712 1224 1756 1264 estc

140 1301 214 1355 rexit
228 1317 312 1356 suurn
326 1316 450 1356 errorem
457 1300 488 1354 in
505 1300 576 1355 libro
586 1300 837 1365 Retractationum‚
853 1304 938 1369 atque
980 1295 1045 1351 huic
1055 1297 1233 1369 promissioni
1248 1303 1280 1351 ut
1294 1297 1372 1352 illam
1387 1303 1545 1354 evacuaret.
1563 1298 1596 1354 St
1611 1301 1683 1352 enim
1705 1297 1754 1352 nn

141 1390 182 1444 ita
192 1389 328 1460 distingui
336 1389 477 1461 pracepit:
491 1388 565 1452 Quid
576 1386 665 1459 igitur
676 1390 729 1455 lex,
739 1388 767 1442 id
776 1392 819 1442 est
827 1391 858 1442 nt
864 1385 937 1458 quod
979 1389 1042 1437 estet
1058 1386 1103 1439 lex
1117 1392 1269 1455 quaposset
1284 1389 1432 1454 vivificare,
1449 1386 1477 1440 id
1492 1391 1536 1440 est
1546 1384 1755 1456 justificaretur

140 1477 217 1532 venit
231 1477 298 1532 lex?
318 1482 368 1532 aut
382 1478 449 1548 quid
464 1478 568 1549 profuit
583 1477 595 1530 t
609 1478 652 1531 vel
666 1492 753 1547 quare
767 1476 833 1530 data
846 1480 896 1540 est,
913 1473 937 1528 si
979 1487 1026 1526 ma
1041 1474 1167 1543 quandiu
1181 1490 1238 1527 non
1251 1478 1356 1544 peccet,
1371 1474 1439 1529 vivit
1457 1475 1531 1528 Deo:
1553 1491 1618 1529 curn
1634 1490 1696 1529 nero
1714 1473 1752 1529 cri·

140 1566 260 1623 Abrahae
273 1567 422 1622 hareditas
436 1583 487 1638 per
496 1565 740 1638 repromissionem
748 1564 814 1618 data
823 1563 886 1618 eset
896 1562 938 1617 nd
980 1567 1103 1623 minibus
1114 1584 1145 1621 se
1159 1565 1293 1637 implicat,
1309 1563 1438 1619 moritur.
1455 1562 1513 1618 Lex
1527 1563 1579 1617 illa
1590 1564 1753 1620 Mosaicanon

138 1655 259 1710 haecsibi
269 1656 415 1728 respondit
425 1656 486 1728 ipse
495 1657 656 1728 Apostolus,
667 1654 798 1726 inquiens
809 1673 815 1710 :
825 1655 939 1722 Propter
978 1660 1092 1724 poterat
1109 1653 1252 1709 hominem
1267 1651 1302 1706 ab
1314 1651 1367 1705 hac
1380 1655 1470 1705 morte
1483 1651 1632 1716 suscitare,
1651 1652 1711 1723 quia
1720 1669 1752 1708 os·

137 1749 364 1814 transpressioncs
375 1748 465 1814 positu
480 1751 518 1799 est
528 1746 703 1814 quoadusque
717 1747 821 1798 ueniret
832 1733 965 1810 semen,B
976 1743 1109 1799 tendebat
1125 1747 1248 1813 peccata,
1266 1757 1322 1794 non
1348 1747 1443 1794 tamen
1458 1739 1585 1795 tollebat.
1606 1740 1752 1812 Impossibile

137 1832 168 1889 id
183 1840 225 1888 est
240 1833 378 1898 Christus,
395 1836 442 1887 cui
451 1833 573 1900 Christo,
584 1833 627 1888 vel
636 1832 747 1898 semini,
759 1835 934 1901 promiserat,
978 1832 1090 1904 quidem
1106 1838 1167 1886 crat
1197 1829 1335 1901 sanguine
1356 1829 1499 1883 hircorum
1522 1829 1628 1884 auferri
1653 1836 1749 1902 peccota

138 1922 272 1993 subaudis
288 1923 361 1994 quod
381 1921 410 1976 in
429 1921 491 1994 ipso
505 1921 700 1978 benedicende
725 1927 820 1976 essent
839 1936 936 1975 omnes
977 1921 1091 1985 Quodsi
1106 1924 1201 1993 posset
1211 1919 1352 1973 vivificare
1366 1918 1508 1972 hominem
1521 1928 1551 1973 et
1555 1920 1657 1989 januas
1666 1920 1749 1990 aperire

137 2016 245 2083 gentes.
257 2011 569 2083 Transgredi,estultra
578 2011 619 2066 ire
629 2018 657 2066 et
666 2009 841 2082 praevaricari
854 2027 860 2075 ;
872 2009 935 2064 ideo
976 2010 1066 2079 regni,
1082 2025 1141 2064 rere
1155 2026 1188 2063 er
1203 2011 1256 2076 tepc
1270 2012 1334 2061 esset
1348 2009 1472 2074 justitia,
1486 2007 1539 2061 hoc
1564 2013 1609 2062 est
1621 2012 1744 2079 putaretur

138 2115 205 2171 ergo
217 2101 284 2155 data
297 2106 340 2155 est
352 2101 398 2156 lex
411 2107 474 2173 post
487 2101 745 2172 repromissionem,
762 2104 796 2154 ut
807 2098 935 2152 homines
976 2114 1038 2153 esse
1052 2099 1163 2153 exclusa
1172 2096 1330 2168 promissio.
1344 2094 1374 2150 Si
1389 2095 1463 2148 enim
1476 2095 1520 2148 lex
1531 2102 1626 2167 posset
1636 2111 1746 2151 noanon

137 2196 325 2260 compesceret
343 2195 371 2244 et
399 2190 560 2261 prohiberet
584 2206 601 2244 n
623 2188 754 2261 peccatis,
782 2187 830 2258 qui
853 2187 935 2258 proni
976 2187 1043 2242 dare
1052 2193 1081 2242 et
1091 2187 1255 2258 justificare,
1273 2184 1339 2256 quid
1355 2188 1428 2238 esset
1442 2200 1556 2239 necesse
1573 2185 1703 2240 Christum
1714 2201 1743 2239 re

137 2282 219 2332 erant
232 2278 267 2332 ed
280 2278 514 2349 transgredienda
523 2284 665 2350 praeceptn
678 2277 877 2348 omnipotentis
885 2275 935 2330 Dei
976 2277 1059 2331 niret
1075 2276 1129 2331 Sed
1144 2275 1210 2346 quia
1224 2275 1273 2329 illa
1288 2275 1340 2327 hoc
1363 2288 1418 2326 non
1434 2273 1532 2340 valuit,
1557 2273 1621 2329 ideo
1639 2274 1743 2329 adventu

137 2366 167 2416 et
180 2362 337 2417 naturalem
352 2362 557 2433 legemStatim
573 2364 648 2417 enim
664 2366 936 2433 ntegressusestpo·
977 2365 1081 2421 Christi
1101 2365 1181 2419 nohis
1191 2362 1365 2418 necessarius
1376 2362 1439 2416 suit.

136 2451 220 2523 putus
234 2451 268 2505 de
274 2453 415 2521 ergastulo
423 2452 627 2524 egyptiorum,
641 2457 791 2522 antequam
801 2449 935 2504 transiret
1010 2455 1063 2511 sec
1076 2457 1210 2508 concluse
1224 2453 1370 2520 scriptura
1386 2450 1455 2520 legis
1466 2454 1562 2505 ornere
1574 2448 1741 2522 generarunt

135 2557 223 2607 mare,
240 2541 435 2607 murmuravit,
451 2558 619 2612 rursumque
634 2541 753 2595 transito
768 2540 839 2594 mari
854 2557 933 2593 mur·
975 2559 1042 2598 nuru
1056 2550 1084 2597 et
1099 2559 1195 2598 omncs
1216 2542 1327 2595 ludens
1344 2541 1391 2593 sub
1415 2545 1531 2607 peccato,
1545 2540 1628 2595 idest
1647 2539 1738 2595 ostendit

135 2631 276 2699 muravit;
293 2636 377 2702 atque
388 2630 454 2684 dum
466 2630 660 2701 pervenissent
673 2630 708 2684 ad
723 2628 931 2696 montemSina,
975 2632 1049 2703 quod
1063 2632 1157 2687 nullus
1168 2635 1244 2686 esset
1258 2629 1305 2700 qui
1317 2628 1393 2682 illem
1407 2634 1502 2698 posset
1511 2628 1636 2700 implere.
1657 2627 1739 2683 Dicebat

136 2726 286 2791 postquam
300 2726 469 2791 acceperunt
483 2720 577 2774 decem
595 2725 743 2791 praecepta,
760 2717 933 2789 caputbovis
974 2721 1047 2774 enirn
1064 2721 1121 2775 lex:
1141 2721 1203 2775 Non
1215 2720 1326 2780 occidcs,
1339 2733 1395 2770 non
1416 2717 1599 2784 adulterabis,
1614 2734 1665 2772 non
1678 2717 1737 2771 facies

137 2826 219 2880 quem
231 2809 388 2864 adorabant
396 2808 520 2881 AEgyptii
530 2809 686 2874 coluerunt,
696 2814 724 2862 et
734 2807 861 2862 inclinati
868 2811 934 2861 sunt
973 2809 1026 2863 hoc
1039 2810 1081 2863 vel
1093 2809 1176 2863 illud:
1194 2807 1260 2879 quie
1273 2806 1296 2860 si
1306 2805 1414 2871 feceris
1428 2807 1626 2863 morteanimae
1634 2805 1736 2862 morien's.

134 2907 201 2952 ante
214 2897 460 2953 illud.Protalibus
475 2914 542 2968 ergo
556 2904 584 2952 et
602 2896 764 2968 hujusmodi
778 2903 934 2966 transgres·
974 2896 1207 2952 Proedicebatista
1213 2896 1336 2951 carenda
1347 2895 1410 2962 ;sed
1423 2895 1448 2949 si
1458 2897 1736 2962 committerentur,nou

137 2985 264 3040 sionibus
283 2987 350 3041 data
363 2994 407 3041 est
420 2986 474 3053 lex,
489 2993 522 3041 ut
536 2986 698 3057 prohiberet
717 2986 795 3053 talia,
811 2986 869 3040 Deo
883 2984 935 3039 rni-
973 2987 1107 3054 tollebat,
1119 2996 1147 3041 et
1157 2988 1224 3042 dum
1235 2987 1338 3057 aliquis
1349 2985 1398 3040 illa
1409 2986 1600 3057 perpetrabat,
1608 2983 1736 3041 ostendebat
1782 3010 1785 3065 p

136 3081 223 3129 nante
237 3080 357 3129 mortem
374 3075 438 3131 illis.
453 3076 587 3129 Ordinatur
600 3092 649 3144 per
672 3078 791 3144 ampelos,
817 3075 869 3129 hoc
891 3052 962 3128 estG
974 3076 1055 3131 illurn
1070 3077 1113 3130 lex
1128 3093 1189 3131 esse
1203 3081 1388 3147 peccatorem.
1407 3075 1436 3130 Si
1449 3091 1517 3145 ergo
1532 3075 1685 3130 ostendebat
1695 3085 1736 3144 ptt·
1782 3086 1785 3171 p

135 3162 281 3233 disposita,
297 3169 325 3217 et
333 3163 482 3235 descripta,
492 3169 577 3233 atque
587 3164 692 3218 dictata
704 3169 746 3218 est
758 3164 817 3234 ipsa
828 3163 872 3217 lex
882 3179 933 3235 per
975 3170 1038 3220 cota
1051 3170 1079 3220 et
1092 3182 1149 3220 non
1163 3165 1280 3219 tollebat
1293 3183 1300 3231 ;
1314 3163 1441 3235 nunquid
1454 3169 1517 3218 erat
1534 3169 1632 3220 auctor
1654 3157 1735 3218 sceler'a
1782 3198 1785 3249 l

135 3250 278 3320 angelum.
294 3250 349 3304 Per
358 3249 513 3321 subjectam
522 3251 662 3321 siquidem
673 3257 830 3306 creaturam
840 3251 935 3322 loque·
975 3260 1004 3309 et
1018 3255 1107 3325 culpae
1130 3253 1328 3325 peccantium?
1349 3252 1476 3308 minime.
1496 3252 1581 3307 Verbi
1601 3247 1736 3324 granant

134 3338 220 3393 batur
234 3338 309 3393 Deus
320 3339 355 3393 ad
369 3340 495 3410 Moysen,
512 3339 564 3394 hoc
578 3344 621 3394 est
638 3356 690 3410 per
703 3339 845 3410 angelum,
862 3340 935 3394 sicut
976 3349 1037 3398 erat
1052 3344 1112 3415 ipsa
1126 3344 1169 3397 lex
1184 3343 1256 3397 sicut
1270 3340 1383 3413 quidam
1398 3357 1456 3406 rex,
1472 3341 1516 3395 vel
1532 3342 1658 3412 quaelibet
1676 3336 1736 3407 maie·

135 3425 295 3499 Stephanus
311 3428 340 3481 in
353 3427 470 3482 Actibus
478 3428 668 3499 apostolorum
677 3427 767 3482 dicitl
770 3427 856 3482 udaeis
867 3445 872 3480 :
885 3429 936 3482 llic
976 3437 1035 3488 stes
1047 3439 1170 3499 terrena,
1189 3448 1249 3503 quae
1264 3433 1364 3486 statuit
1378 3437 1407 3484 ct
1421 3430 1553 3502 proponit
1567 3431 1652 3502 legem
1664 3434 1687 3483 et
1701 3423 1737 3480 edi·

134 3521 173 3571 cst
187 3517 292 3586 Moyses
303 3521 353 3587 qui
366 3519 424 3586 suit
438 3519 470 3572 in
481 3518 605 3572 Ecclesia
617 3518 768 3572 solitudine
777 3533 840 3572 cum
850 3533 934 3586 unqe·
975 3526 1062 3589 ctum,
1074 3528 1106 3576 ut
1120 3522 1143 3576 si
1159 3521 1221 3592 quis
1233 3521 1285 3575 hoc
1299 3519 1341 3573 vel
1355 3518 1425 3572 illud
1439 3517 1547 3585 lecerit,
1565 3524 1613 3573 aut
1634 3518 1660 3571 in
1671 3527 1736 3571 mett·

135 3608 171 3672 to,
187 3609 237 3674 qut
251 3610 405 3662 locutusest
420 3610 446 3661 ci
471 3610 503 3661 tn
524 3611 616 3661 nronte
635 3607 719 3662 Sinni
731 3608 806 3674 tect.
824 3606 885 3677 un).
903 3607 935 3660 ln
975 3628 1035 3666 rem
1049 3611 1141 3679 detur,
1153 3617 1202 3666 aut
1216 3611 1308 3683 capite
1321 3613 1478 3664 truncetur.
1489 3601 1737 3681 Transgreditureli·

135 3711 224 3750 manu
242 3696 412 3759 Mediatorr‘s,
430 3695 458 3750 id
472 3700 515 3750 est
529 3695 558 3749 in
571 3699 712 3767 potestate
721 3694 805 3749 Verbi
819 3693 935 3761 Dei,hoc
976 3700 1039 3771 quis
1058 3699 1180 3755 edictum
1192 3699 1261 3754 illud
1274 3703 1302 3753 et
1314 3698 1429 3770 ponitur
1440 3698 1469 3753 in
1485 3714 1634 3764 sumerem,
1644 3686 1737 3766 nunquid

71 3806 93 3833 η
135 3789 179 3839 est
192 3783 256 3839 Filii
269 3784 330 3852 Dei,
347 3784 394 3856 qni
408 3789 507 3856 postea
521 3784 689 3839 assumendo
713 3800 837 3853 carnem,
853 3783 934 3839 nobie
974 3804 1023 3843 rex
1036 3794 1135 3844 auctor
1148 3795 1191 3843 est
1205 3804 1262 3843 suae
1272 3786 1381 3858 culpml
1396 3786 1470 3857 qnod
1490 3787 1514 3841 si
1538 3787 1604 3843 inde
1626 3785 1736 3843 liberatur.

135 3872 277 3928 mediator
285 3873 376 3928 iactus
390 3878 441 3929 est.
457 3874 517 3929 Nisi
528 3874 602 3928 enim
612 3873 754 3929 hominem
766 3877 932 3939 assumeret,
974 3878 1067 3949 gratia
1081 3884 1109 3933 et
1123 3879 1213 3949 pietas
1228 3883 1271 3931 cst
1280 3876 1366 3946 regis.
1379 3877 1414 3931 Et
1423 3876 1468 3931 lex
1482 3876 1646 3932 ostendebat
1656 3872 1738 3948 peut&

139 3963 367 4019 mediatornobis
378 3963 433 4019 alio
445 3964 528 4019 modo
537 3980 596 4019 esse
607 3979 662 4018 non
672 3968 774 4035 posset.
788 3963 842 4018 Sed
853 3978 934 4017 essu·
974 3975 1002 4024 et
1016 3966 1192 4039 prohibebat,
1206 3982 1262 4020 non
1277 3971 1373 4019 tamen
1386 3964 1502 4020 tollebat
1513 3987 1519 4031 ;
1539 3971 1571 4019 ut
1580 3965 1738 4034 prunestre

134 4053 237 4108 mendo
247 4070 360 4108 carnem
377 4059 479 4108 nostrre
494 4054 666 4124 fragilitatis,
686 4053 766 4107 nobis
783 4053 872 4107 lactus
892 4055 933 4106 est
973 4059 1025 4125 fide
1039 4059 1102 4110 Jeru
1117 4056 1230 4120 Otrrirtr',
1251 4072 1312 4126 quae
1327 4055 1400 4109 fucta
1415 4060 1458 4109 est
1472 4055 1508 4108 ad
1524 4054 1671 4119 Abraham,
1684 4052 1737 4105 lere

133 4142 282 4208 mediator,
294 4142 428 4197 assistens
436 4159 509 4197 nunc
520 4143 608 4197 vultui
616 4143 667 4196 Dei
678 4160 728 4214 pro
736 4141 826 4206 nobis,
841 4147 871 4196 et
884 4158 934 4213 per
975 4153 1023 4201 tur
1037 4145 1221 4209 credentibus,
1236 4150 1270 4198 ut
1281 4143 1309 4198 in
1324 4144 1437 4198 nornine
1454 4144 1516 4214 ejus
1540 4141 1738 4199 benedicerentur

134 4228 334 4285 illumnostrns
344 4230 595 4301 precesdirigimus
606 4231 734 4285 adDeum
742 4231 935 4295 Patrem.Qui·
976 4251 1074 4290 ornnes
1087 4239 1196 4305 gentes,
1217 4233 1287 4287 etin
1302 4233 1357 4287 fide
1375 4233 1463 4306 ipsius
1481 4233 1738 4303 justificaremur

134 4318 200 4372 dam
212 4318 359 4373 voluerunt
368 4319 546 4391 interpretari
556 4320 585 4374 in
596 4321 648 4375 hoc
672 4320 732 4375 loco
750 4322 935 4375 mediatorem
975 4331 1073 4396 setque
1085 4323 1177 4394 gratia
1191 4327 1220 4377 et
1233 4322 1410 4393 indulgentia
1425 4321 1510 4387 illius,
1526 4327 1559 4377 ut
1572 4339 1640 4394 quos
1657 4320 1737 4376 texunt

133 4407 259 4480 Moysen,
270 4407 598 4480 propterhocquodipse
612 4409 701 4463 dixit:
720 4410 777 4480 Ego
788 4404 1084 4485 sequesteeroterat
1099 4414 1215 4474 salvare,
1232 4411 1292 4482 ipse
1311 4410 1472 4476 redimeret,
1501 4416 1530 4465 et
1556 4411 1605 4482 qui
1626 4427 1673 4483 per
1691 4400 1738 4474 legit

136 4502 165 4553 et
178 4496 318 4552 mediator
331 4495 371 4552 lui
384 4497 458 4552 inter
472 4497 560 4552 Deum
582 4504 610 4552 et
626 4514 672 4553 vos
687 4498 715 4552 in
732 4502 860 4570 tempore
872 4502 932 4556 illo.
974 4519 1058 4576 opera
1072 4517 1251 4556 noneramus
1264 4499 1341 4571 digni
1356 4499 1466 4567 salvari,
1481 4500 1739 4570 justificationenptl

134 4585 189 4642 Sed
205 4585 306 4640 melius
320 4590 373 4652 est,
389 4586 544 4642 secundum
561 4585 674 4642 beatum
687 4587 887 4658 Augustinum,
902 4595 934 4645 ut
975 4593 1036 4663 ejus
1058 4592 1143 4646 fidem
1157 4589 1358 4657 obtineremus,
1374 4594 1428 4644 etc.

131 4677 217 4733 modo
232 4676 370 4749 superiori
398 4675 601 4748 intelligamus,
615 4675 766 4731 referentes
788 4678 824 4731 ad
853 4678 933 4734 illum

132 4763 289 4831 Christum,
302 4766 382 4836 cujus
397 4764 580 4837 dispositione
595 4763 656 4836 ipsa
666 4765 711 4819 lex
726 4764 793 4819 data
815 4770 858 4821 est
884 4783 934 4838 per
1278 4733 1397 4790 CAPUT
1420 4732 1469 4788 IV·

131 4854 298 4923 angelorum
314 4852 513 4910 ministerium.
526 4854 605 4910 Sicut
620 4858 759 4925 potestate
776 4856 836 4926 ejus
860 4873 932 4927 pree·
1010 4860 1117 4928 Orrunto
1138 4864 1257 4930 ternpore
1279 4861 1361 4915 lueres
1382 4862 1519 4928 paruulus
1545 4865 1593 4920 cst.
1614 4852 1738 4916 Secundtt

130 4938 204 5008 dicta
218 4949 285 4995 eunt
299 4944 413 4998 oracula
426 4944 639 5016 prophetarum,
657 4943 705 5014 qui
724 4943 854 4998 dicebant
869 4961 930 4999 rer-
973 4950 1204 5005 consuetudinem
1221 4951 1350 5004 humanae
1367 4949 1437 5020 legis
1452 4949 1580 5021 loquitur
1592 4949 1637 5005 hic
1650 4946 1739 5021 Aptttt·

129 5025 197 5084 bum
220 5029 332 5084 Domini
348 5031 422 5102 quod
437 5035 542 5088 tactum
559 5036 602 5087 est
615 5033 652 5087 ad
665 5033 737 5101 Joel,
751 5038 801 5087 aut
813 5031 930 5088 Isaiam:
973 5040 1027 5094 lus.
1041 5040 1138 5095 Solent
1150 5039 1224 5094 enirn
1239 5046 1333 5111 patres
1344 5038 1474 5094 morituri
1488 5039 1562 5094 filios
1571 5030 1740 5112 suosperttlti

129 5115 171 5170 ita
184 5117 246 5187 ejus
261 5118 444 5190 dispositione
458 5123 614 5194 conscripta
625 5127 669 5177 est
681 5122 735 5176 lex.
833 5127 835 5132 ’
974 5144 1043 5199 quos
1051 5128 1175 5182 haeredes
1184 5129 1347 5199 relinquunt
1356 5127 1533 5183 committere
1540 5128 1593 5184 sub
1602 5118 1741 5184 tuunbutt

164 5206 300 5262 Mediator
313 5213 406 5263 autern
421 5214 518 5274 unius,
533 5211 669 5266 subaudis
691 5210 793 5278 Patris,
810 5228 866 5266 non
880 5229 931 5284 po·
973 5218 1125 5284 actoribus,
1138 5233 1226 5288 usque
1236 5217 1271 5271 ad
1282 5217 1350 5271 illud
1359 5223 1472 5289 tempus
1482 5234 1539 5288 quo
1552 5219 1606 5290 ipsi
1614 5214 1741 5289 possuntt

11 5344 16 5353 .
127 5299 267 5361 testesse,
285 5296 335 5351 sed
350 5298 516 5364 intendore,
536 5306 587 5354 aut
608 5301 684 5355 inter
700 5301 802 5372 plures,
821 5301 928 5373 utipse
968 5307 1594 5378 propr-insregerc,hocest,secundumlegem
1605 5306 1741 5364 nomnen

131 5386 171 5443 eit
185 5385 295 5440 medius
311 5404 316 5440 :
330 5388 401 5441 ltcus
412 5392 505 5441 nutem
520 5404 595 5443 unus
608 5395 656 5443 est.
669 5392 728 5445 Hoc
742 5391 805 5446 ideo
820 5392 928 5446 addidit
968 5413 1058 5468 usque
1085 5397 1120 5451 ad
1141 5397 1305 5451 vicesimum
1326 5397 1456 5467 quintum
1479 5412 1597 5453 annum.
1614 5397 1668 5470 lpsi
1683 5391 1744 5450 cort

131 5476 294 5550 Apostolus,
304 5492 340 5531 ne
353 5475 416 5547 quis
428 5481 541 5548 putaret
555 5477 699 5534 Christum
718 5480 752 5535 ab
764 5481 872 5537 unitate
884 5481 929 5537 di·
969 5493 1079 5542 tutores
1093 5503 1157 5542 cum
1173 5485 1289 5541 consilio
1310 5485 1487 5542 scabinorum
1501 5485 1532 5542 in
1550 5486 1674 5561 generali
1692 5476 1745 5539 mlii

127 5566 201 5627 rina
218 5572 328 5628 naturae
339 5565 454 5644 penitus
463 5581 525 5624 esse
538 5565 669 5640 dicisum,
684 5569 751 5647 qula
764 5570 930 5630 mediatoris
970 5572 1076 5635 debent
1091 5574 1168 5649 eligi.
1182 5573 1312 5644 Qoaudiu
1326 5578 1422 5634 nutem
1436 5573 1490 5637 tub
1500 5574 1619 5637 illorum
1631 5566 1747 5638 ΝΜ
