3818 6104
127 145 197 209 rou
350 86 540 200 mriroms
560 136 934 219 supercrescere.
953 129 1428 193 operaest-commun.
1446 110 1599 186 arses
1693 118 1758 180 rose

128 284 203 335 mus,
217 272 247 323 et
267 267 330 323 ideo
347 284 411 323 cum
427 267 562 323 Dominus
576 265 732 320 mercedem
747 265 850 328 reddit,
870 263 954 322 suaA
965 266 1032 316 rant
1041 264 1160 329 pluriam
1172 260 1228 315 Dei.
1239 258 1272 313 Et
1286 260 1345 312 oisc
1354 262 1393 311 est
1406 270 1474 310 cecc
1484 254 1646 308 testamenti
1657 255 1759 307 intem

129 356 191 427 ipse
203 357 275 412 dona
285 357 314 411 iu
324 357 420 411 electis
430 359 601 410 remunerat.
613 353 671 408 Sub
680 354 733 407 hirc
741 351 926 422 intelligentia
962 352 1010 417 pto
1024 353 1091 417 ejice.
1103 348 1183 413 Quod
1197 345 1372 416 significatur
1385 361 1436 415 per
1447 343 1599 413 templum,
1613 341 1668 394 hoc
1676 346 1704 394 et
1716 357 1760 411 per

130 444 256 517 qnotidie
270 444 408 498 dicimus:
424 446 526 498 Panem
540 448 665 496 nostrum
680 442 874 509 quotidianum
889 440 925 493 ds
965 453 1070 502 arcam,
1086 438 1113 492 id
1124 443 1167 492 cst
1175 439 1336 490 sanctorum
1352 432 1483 501 Ecclesia,
1503 447 1596 502 genus
1615 436 1660 484 est
1680 430 1761 501 inge·

30 543 33 552 '
130 534 209 587 nobis
222 531 300 585 leodic
314 532 423 599 (Morti.
436 534 474 596 rl3
490 530 514 583 si
529 535 656 594 nostrum
671 534 723 589 est,
735 545 785 582 cur
798 533 831 582 ut
844 527 927 581 detur
966 543 1044 587 nero,
1055 527 1127 580 sicut
1136 531 1198 580 octo
1213 525 1314 578 unimae
1328 523 1356 577 in
1371 539 1445 576 arca.
1458 522 1527 586 Quae
1545 525 1698 590 propterea
1704 535 1762 573 arm

132 619 379 691 petimus?Sedtlt
394 623 520 672 nostrum
535 616 852 687 accipiendoquodnon
867 620 928 668 erut
967 613 1129 667 testamenti
1147 616 1271 675 vocatur,
1292 610 1357 681 quin
1372 610 1493 663 duorum
1520 607 1763 661 ‘testamentorum
1797 652 1805 669 ,

130 706 269 762 habendo.
281 706 424 770 Quaeritur
434 711 539 761 autom.
550 720 609 767 cur,
621 703 775 757 nominatis
784 702 928 773 prophetis
967 701 1053 755 habet
1066 700 1263 770 cognitionem,
1288 714 1344 752 non
1364 697 1392 752 in
1407 696 1512 751 tabulis
1529 693 1662 765 lapideis,
1679 694 1725 748 sed
1739 695 1764 748 ia

133 800 162 849 et
173 793 281 849 certeris
295 792 409 857 sanctis,
426 792 544 863 apostoli
560 797 626 845 sunt
639 791 751 845 relicti?
766 790 820 846 Sed
836 790 927 844 scien·
967 789 1072 843 tabulis
1084 788 1176 842 cordis
1191 785 1363 851 carnalibus,
1379 784 1418 839 ibi
1433 789 1476 838 est
1488 799 1561 838 urna
1574 782 1685 836 habeus
1695 798 1766 836 mau-

132 882 210 942 dum,
222 881 289 952 quia
297 882 328 935 in
340 880 483 952 prophetis
495 879 533 934 ibi
546 886 612 933 sunt
622 879 816 949 comprehensi
827 884 928 949 etapo·
968 892 1014 940 na,
1025 877 1052 930 id
1069 881 1110 930 est
1122 891 1222 946 corpus
1236 874 1350 936 Christi,
1362 874 1390 927 in
1405 889 1461 943 quo
1475 888 1559 926 verus
1572 876 1617 925 est
1633 870 1713 941 panis
1723 871 1766 940 qui

132 967 211 1030 stoli,¹
223 967 271 1038 qui
286 973 428 1037 prophetea
443 971 518 1028 sunt,
534 965 601 1036 quia
615 971 732 1019 rentura
746 964 928 1034 reproborum
969 964 1004 1018 de
1018 965 1087 1018 coelo
1102 962 1260 1022 descendit;
1281 962 1320 1016 ibi
1338 967 1381 1015 est
1398 961 1477 1031 rirga
1491 964 1600 1023 Aaron,
1622 974 1766 1030 perquam

132 1055 279 1125 supplicia,
300 1060 329 1108 et
351 1060 511 1109 sanctorum
536 1054 650 1125 praemia
667 1053 866 1125 praenuntiant.
888 1053 928 1106 De
968 1052 1154 1106 sacerdotium
1171 1051 1345 1121 designatur,
1362 1049 1428 1120 quia
1445 1055 1474 1103 et
1495 1047 1567 1102 illud
1581 1047 1765 1103 sacerdotium

133 1141 235 1213 quibus
253 1141 315 1213 ipse
333 1141 470 1195 Dominus
488 1141 529 1194 ait
548 1159 554 1194 ε
579 1142 643 1195 Ecce
666 1155 712 1208 epo
730 1143 811 1193 enitto
829 1141 866 1192 ud
883 1156 928 1193 cos
968 1140 1099 1210 inllgura
1113 1139 1264 1210 praecessit.
1281 1137 1463 1208 Significabat
1477 1136 1554 1189 enim
1571 1135 1669 1204 regale
1682 1149 1766 1187 sacer-

132 1230 287 1298 prophetes.
300 1229 334 1284 Et
345 1228 399 1299 ipsi
409 1228 623 1282 loannidictum
635 1234 694 1282 est:
708 1228 814 1296 Oportet
830 1232 854 1280 te
866 1244 930 1296 pro-
970 1227 1088 1289 dotium,
1111 1226 1186 1298 quod
1212 1226 1306 1296 agitur
1325 1241 1398 1279 nunc
1416 1225 1446 1278 in
1465 1222 1602 1277 Ecclesia.
1623 1222 1689 1275 ltaec
1706 1236 1766 1273 arce

133 1319 248 1388 phetora
256 1322 280 1371 et
288 1319 439 1385 predicere
444 1319 578 1384 pentibus.
584 1317 618 1370 Et
625 1316 751 1386 quianon
759 1332 856 1370 omnes
864 1321 931 1370 sunt
971 1321 1092 1384 quatuor
1103 1313 1267 1385 portabatur
1277 1312 1397 1372 circulis,
1409 1310 1476 1382 quia
1486 1314 1612 1380 quatuor
1624 1309 1767 1362 instruitur

135 1403 929 1476 prophetaequisuntsancti,remunerubunturprophetes,
972 1402 1139 1473 Evangeliis.
1156 1403 1260 1473 riperto
1276 1416 1343 1471 ergo
1356 1400 1471 1471 templo,
1484 1399 1544 1453 visa
1556 1402 1604 1452 est
1617 1412 1694 1459 arca,
1709 1397 1767 1467 quia

134 1490 393 1546 remunerabuntur
405 1498 435 1545 et
445 1491 547 1546 istite
563 1493 722 1544 timentibus
734 1506 834 1544 nomen
851 1498 929 1545 tuum
972 1507 1005 1544 eo
1034 1492 1170 1545 moriente
1196 1489 1264 1544 dum
1290 1490 1365 1543 latus
1393 1489 1456 1558 ejus
1481 1477 1584 1540 lancea
1604 1487 1766 1556 perforatur,

100 1589 102 1593 ’
132 1581 246 1648 pusillis
255 1585 280 1633 et
290 1582 407 1646 propriis.
419 1579 562 1633 Timentes
571 1594 683 1648 quoque
693 1594 794 1632 nomen
805 1578 890 1637 illius,
903 1563 1106 1650 idBmysterio
1121 1578 1265 1648 sanguinis
1285 1584 1314 1631 et
1332 1592 1405 1647 aqua
1422 1575 1544 1629 Ecclesia
1563 1574 1764 1630 aediiicabatur.

136 1671 180 1720 est
193 1666 377 1721 reverentiam
391 1666 526 1720 habentes
540 1666 663 1719 nominis
675 1667 744 1735 ejus,
757 1671 786 1720 et
798 1666 860 1720 ideo
870 1684 931 1736 pcc·
971 1667 1004 1722 In
1029 1669 1109 1737 cujus
1123 1668 1163 1720 rei
1184 1668 1283 1736 ligura,
1300 1666 1329 1720 in
1352 1664 1488 1735 principio
1508 1663 1616 1716 mulier
1632 1662 1670 1717 de
1688 1662 1768 1715 latere

136 1769 200 1809 care
208 1754 419 1817 timentes,cum
430 1753 539 1825 pusillis
547 1760 575 1807 ct
583 1753 693 1823 mugnis
701 1754 856 1808 mercedem
865 1754 932 1807 rcci-
971 1756 1023 1809 riri
1037 1755 1202 1809 dormientis
1221 1754 1355 1808 fabricata
1370 1769 1431 1807 esse
1445 1751 1628 1809 describitur.
1645 1751 1680 1805 Et
1702 1751 1769 1817 [acto

135 1842 223 1912 pient.
241 1842 334 1912 Magni
350 1842 453 1913 quippe
468 1848 543 1907 sunt,
558 1841 606 1911 qui
623 1843 725 1895 bonum
740 1842 813 1912 quod
830 1842 932 1896 intelli·
972 1851 1037 1896 sunt
1058 1844 1174 1910 scripura
1194 1848 1218 1895 et
1241 1857 1312 1895 coece
1332 1847 1356 1894 ct
1376 1844 1502 1896 tonitrrm
1516 1845 1541 1892 et
1559 1842 1731 1892 terremotus
1749 1843 1768 1889 et

70 1978 74 1985 .
135 1936 216 2000 gunt,
226 1932 342 2000 jurante
352 1947 383 1984 sc
393 1930 486 1984 dirina
495 1931 587 1999 gratia
597 1931 687 1984 facere
697 1936 823 2001 possunt.
835 1930 932 1984 Pusilli
972 1931 1079 1999 prunedo
1092 1946 1204 1996 m-opno.
1220 1930 1274 1983 Per
1286 1930 1399 2000 fulgura
1413 1927 1551 1982 miracula
1566 1926 1768 1996 intelliguntur.

135 2025 241 2084 autem,
255 2019 303 2090 qui
318 2035 418 2073 nones
431 2027 548 2090 possunt
559 2019 746 2089 implereque
760 2018 931 2087 intelligunt,
975 2018 1075 2090 quibus
1088 2018 1297 2073 incredulorum
1314 2024 1421 2072 mentes
1439 2032 1582 2088 percussas
1603 2014 1701 2068 fractis
1714 2030 1769 2067 mor

136 2107 204 2178 quia
217 2122 267 2161 nec
278 2107 370 2161 locum
383 2107 581 2161 habentSicut
593 2107 711 2177 quilibet
724 2108 754 2161 in
765 2107 933 2181 monasterio
973 2107 1111 2178 superbia
1129 2105 1242 2167 mribus,
1263 2105 1414 2159 humilitati
1434 2122 1464 2158 se
1482 2103 1686 2159 subdiderunt.
1708 2102 1770 2155 ilinc

136 2195 932 2267 constitutus,inisericordiamrultimpeudere.iratribus,
975 2190 1768 2264 Psalmista:Fulgmamultiplicabis.etconturbabiseos.

136 2284 197 2338 vult
209 2283 294 2337 etism
306 2282 368 2336 aliis
378 2300 535 2338 sermonem
550 2284 754 2354 praedicationis
764 2290 792 2338 et
801 2285 934 2339 doctrinm
974 2283 1028 2336 Per
1037 2299 1116 2337 voces
1128 2282 1419 2352 reempmadicationes
1429 2280 1697 2335 etexbortationesz
1706 2278 1769 2333 Bene

136 2370 309 2442 impendere,
326 2370 374 2425 sed
391 2371 457 2441 quia
471 2372 505 2425 ad
520 2372 572 2425 hoc
584 2388 640 2425 non
656 2378 778 2437 roratur,
793 2389 848 2426 non
864 2372 934 2426 illud
975 2378 1067 2425 autem
1084 2371 1162 2441 prius
1175 2371 1247 2425 siunt
1261 2370 1381 2440 fulgura,
1395 2386 1428 2422 ac
1448 2369 1552 2423 deinde
1567 2367 1770 2438 subsequuntur

137 2459 211 2529 quod
222 2458 364 2528 intelligit.
373 2466 402 2512 et
412 2460 571 2529 rult.opere
582 2462 715 2530 praeficere
723 2461 804 2514 salet.
812 2460 935 2530 Ideoque
976 2476 1064 2523 roces,
1079 2459 1145 2530 quia
1160 2459 1250 2513 sancti
1271 2457 1467 2529 praedicatores
1483 2458 1563 2529 prius
1586 2455 1724 2510 miracula
1735 2455 1770 2508 la·

137 2547 208 2601 tales
218 2547 371 2601 innumero
381 2546 720 2618 perfectorumhubentur.
730 2549 936 2618 Ideoquenulla
976 2548 1095 2610 ciebant,
1112 2548 1194 2601 etsie
1209 2547 1242 2600 ad
1259 2563 1329 2600 nora
1343 2547 1483 2601 credenda
1498 2546 1644 2617 loquendo
1655 2562 1720 2599 suos
1730 2561 1771 2597 eu-

137 2635 275 2706 subripiet
288 2635 323 2690 de
333 2636 544 2705 inrperlectioue
554 2637 721 2707 desperatio,
736 2637 800 2690 licet
811 2654 865 2690 non
878 2637 936 2691 iuc-
976 2636 1080 2689 ditores
1094 2634 1265 2697 invitabant;
1282 2636 1356 2687 unde
1366 2634 1466 2687 Petrus
1477 2634 1558 2704 prius
1569 2632 1606 2686 ad
1619 2633 1770 2703 Speciosam

136 2723 176 2777 rit
199 2723 329 2778 omnibus
356 2724 492 2778 attributa
511 2725 654 2794 periectio.
676 2725 748 2778 llinc
766 2726 889 2779 Ecclesia
906 2725 935 2779 in
976 2731 1085 2795 portam
1102 2722 1212 2776 sarturit
1230 2722 1425 2793 paralyticum,
1442 2728 1471 2775 et
1491 2721 1599 2775 deinde
1618 2721 1770 2775 iudeorum

80 2828 88 2837 ·
137 2811 260 2867 Canticis
275 2813 448 2867 canticorum
462 2813 530 2867 dicit
548 2829 650 2883 sponso
666 2827 738 2867 suo:
761 2814 1085 2887 h'npuentumcnrentes
1104 2810 1138 2864 ad
1166 2811 1248 2864 sidem
1272 2810 1354 2864 rerbo
1375 2809 1580 2864 exhortationis
1600 2808 1767 2864 informarit.

137 2902 255 2967 effessum
271 2916 370 2954 nomen
386 2905 476 2963 turem,
489 2902 546 2953 ideo
560 2902 765 2955 adolescentule
779 2905 936 2956 ‹iiiecerunt
976 2899 1112 2952 Tonitrua
1133 2914 1243 2968 quoque
1264 2898 1422 2968 significant
1447 2897 1701 2951 comminationem
1720 2903 1770 2949 ter·

139 2993 163 3041 te
176 2990 263 3042 trinnis
274 2988 402 3056 (Consta).
415 2988 449 3041 Et
461 2987 526 3056 quia
539 2988 636 3041 talium
648 2988 854 3043 innumerosior
863 3006 938 3042 sum·
977 2987 1049 3040 roris
1063 2987 1148 3040 dirini
1164 2986 1262 3055 judicii
1288 2987 1354 3040 Post
1367 3002 1447 3040 voces
1462 2986 1595 3040 tonitrua
1606 2987 1690 3049 liunt,
1706 2984 1769 3038 athi
1810 3039 1815 3049 ,

138 3091 186 3129 rna
200 3075 424 3145 inuenitur,ideo
439 3076 467 3129 in
480 3076 714 3146 subsequentibus
727 3079 858 3132 Salomon
874 3079 914 3132 ait
928 3096 938 3130 :·
978 3076 1025 3146 qui
1044 3076 1116 3129 torte
1138 3075 1272 3128 miracula
1292 3079 1485 3138 contemnunt,
1503 3073 1592 3127 rerba
1610 3073 1770 3144 despiciunt,

138 3164 410 3216 adolescentulorum
427 3169 520 3215 cutem
534 3179 657 3230 qrrcrrmr
676 3181 732 3218 non
747 3171 784 3218 crt
804 3181 937 3218 nronerue
978 3170 1085 3217 terrore
1097 3162 1196 3232 judicii
1212 3162 1382 3232 quatiantur.
1398 3163 1593 3216 Terraemotus
1606 3179 1673 3216 rero
1686 3177 1770 3233 perse·

141 3251 232 3316 (Cant.
248 3257 295 3315 rr).
306 3250 339 3303 Et
353 3248 561 3302 exterminandi
573 3267 614 3301 rm
627 3254 676 3317 qui
690 3257 874 3319 corruperunt
886 3258 938 3305 ter·
978 3252 1119 3306 cntionem
1131 3251 1280 3321 significat,
1290 3267 1351 3321 quae
1363 3251 1480 3305 excitata
1492 3256 1536 3305 est
1546 3257 1649 3305 contra
1660 3255 1769 3304 sanctos.

140 3352 215 3402 ram,
235 3335 368 3391 subaudis
391 3342 503 3406 ternpus
525 3336 647 3389 advenit.
669 3338 722 3401 Qui
746 3339 820 3391 enirn
840 3356 937 3393 corru·
977 3340 1058 3394 Unde
1077 3345 1106 3393 et
1130 3338 1201 3393 bene
1220 3344 1283 3409 post
1300 3344 1491 3393 terremotum
1510 3340 1624 3409 grando
1643 3339 1770 3410 sequitur,

141 3432 244 3496 perunt
264 3430 379 3490 terrain,
394 3425 420 3478 id
441 3432 483 3478 est
499 3441 611 3480 carnem
627 3443 707 3479 suam
728 3428 938 3482 maculaverunt
978 3444 1043 3481 narn
1056 3428 1164 3498 grando
1178 3427 1283 3496 eosqui
1299 3427 1520 3496 persecutionem
1537 3433 1724 3487 commovent,
1738 3426 1771 3478 si·

140 3512 258 3567 dirersis
272 3512 346 3567 vitiis
361 3518 390 3566 et
403 3512 532 3583 pcccatis,
554 3513 597 3567 rel
620 3514 667 3583 qui
692 3514 761 3567 alios
782 3515 938 3568 maculare·
978 3516 1103 3585 gnificat.
1111 3516 1224 3570 Grande
1239 3516 1341 3586 quippe
1353 3522 1382 3569 et
1394 3515 1490 3586 fruges
1503 3523 1591 3571 terrm
1602 3515 1769 3577 comminuit,

141 3608 208 3656 runt
222 3602 349 3673 exemplo
364 3606 393 3656 et
410 3601 539 3655 doctrina
553 3617 648 3672 prora,
666 3603 937 3670 exterminabuntur,
979 3609 1008 3658 et
1023 3605 1083 3674 ipsa
1097 3604 1310 3669 comminuitur;
1327 3606 1415 3674 litque
1427 3611 1459 3657 ut
1470 3606 1582 3675 grando
1592 3606 1719 3660 funditus
1728 3604 1770 3658 de·

140 3690 170 3745 id
185 3697 228 3744 est
242 3706 259 3744 a
273 3696 349 3744 terra
365 3689 514 3743 virentium
529 3690 746 3761 separabuntur,
760 3698 787 3745 et
800 3691 834 3745 alr
849 3692 938 3746 haere·
980 3693 1065 3759 ficiat,
1079 3699 1107 3746 ot
1120 3693 1212 3747 denuo
1226 3698 1303 3747 terra
1317 3693 1474 3747 tructisrcet.
1488 3694 1534 3748 Sic
1548 3695 1686 3748 nimirum
1703 3693 1771 3765 pria·

141 3779 229 3833 ditate
244 3785 414 3844 sanctorum,
427 3778 644 3832 exsilioaeternae
658 3779 847 3834 danrnationis
862 3781 939 3834 dum·
980 3782 1055 3851 cipes
1069 3782 1154 3850 hujus
1169 3781 1262 3835 saeculi
1277 3781 1344 3835 dum
1359 3782 1604 3852 persequebantur
1619 3791 1730 3837 sanctos
1747 3789 1772 3836 et

141 3868 212 3923 nati.
980 3869 1151 3939 uliligebant,
1171 3875 1200 3922 et
1218 3869 1271 3939 ipsi
1291 3870 1396 3939 pariter
1414 3870 1678 3941 confringebantur.
1699 3879 1726 3926 et
1741 3870 1771 3924 od

176 3956 210 4010 Et
228 3962 356 4024 opertum
374 3961 411 4009 cst
436 3958 570 4024 ternplum
595 3956 645 4010 oo·
672 3958 704 4010 in
726 3960 801 4013 colo.
832 3959 938 4012 Coelum
981 3958 1098 4011 nihilum
1115 3957 1772 4027 redigebantur,autriribusscilicet,auteom·

142 4052 185 4101 ost
212 4046 343 4111 Ecclesia,
374 4063 436 4117 queo
468 4055 510 4100 est
536 4046 617 4100 sedes
643 4047 703 4101 Dei.
732 4049 879 4118 'l'ernplum
910 4049 939 4102 in
981 4047 1137 4101 mutatione
1152 4047 1180 4100 in
1197 4046 1306 4100 melius.
1319 4047 1417 4101 Plures
1432 4048 1537 4101 etenim
1552 4048 1589 4103 de
1603 4049 1659 4109 liis,
1676 4048 1721 4119 qui
1732 4048 1773 4101 Ee·

141 4135 211 4190 coelo
223 4152 324 4207 corpus
338 4135 505 4205 intelligitur
517 4135 630 4200 Christi,
645 4135 679 4188 do
694 4152 749 4205 quo
763 4137 822 4206 ipse
836 4137 940 4191 iudaeis
980 4135 1092 4188 elesiarii
1101 4135 1297 4204 Deipersecuti
1307 4135 1424 4202 sunt,ad
1436 4136 1635 4190 hnernChristi
1646 4134 1772 4195 conversi.

142 4224 228 4278 dicit:
244 4224 344 4278 Solvite
359 4226 490 4291 tene-ptum
505 4224 562 4280 hoc.
576 4229 600 4276 cl
617 4228 647 4277 in
664 4226 752 4277 tribus
766 4226 859 4278 dielncs
872 4229 941 4279 ecci·
981 4229 1126 4294 coeperunt
1146 4224 1214 4293 pati,
1236 4223 1284 4293 qui
1312 4224 1390 4293 prius
1415 4225 1478 4277 aliis
1501 4225 1674 4280 inserebant.
1696 4226 1773 4280 Porro

143 4314 204 4365 tabo
218 4312 307 4377 illu‹l;
320 4310 395 4363 unde
413 4311 589 4379 Evangelistu
601 4328 743 4380 exponens
757 4312 869 4368 subdit:
888 4315 941 4367 lloc
982 4313 1063 4367 mulis
1075 4312 1266 4383 pereuntibus,
1281 4313 1429 4367 autetiam
1445 4312 1491 4382 qui
1507 4314 1622 4368 luerent
1638 4313 1773 4386 pradesti-

43 4460 50 4467 ..
142 4403 236 4453 cutem
246 4399 352 4452 dicebat
363 4400 394 4451 dc
407 4403 506 4466 templo
517 4403 638 4466 corporis
648 4404 694 4454 sui
705 4404 795 4460 (trion.
808 4406 846 4467 r).
860 4402 939 4466 Quod
982 4402 1040 4456 irati
1055 4403 1178 4455 conversi
1194 4402 1229 4456 ad
1242 4402 1337 4467 fidem,
1355 4403 1475 4457 Ecclesia
1487 4403 1661 4458 fructificare
1672 4404 1700 4457 in
1709 4402 1773 4455 bono

141 4486 279 4557 templum
293 4490 422 4557 apertum
443 4492 485 4539 est
504 4487 652 4552 nascendo,
674 4490 828 4553 moriendo,
845 4508 940 4545 resur·
981 4491 1394 4562 ope1·e,etcrescerocopitin
1410 4492 1476 4547 srdc.

141 4577 243 4647 gendo,
254 4580 339 4647 atque
348 4576 382 4629 ad
393 4576 477 4629 eoelos
486 4575 671 4630 ascendendo.
681 4577 827 4648 Templum
837 4580 939 4633 etenim
1282 4580 1398 4634 CAPUT
1417 4578 1468 4633 XII
1473 4620 1479 4632 .

142 4664 192 4719 Dei
207 4669 250 4718 est
264 4665 355 4734 ipsum
370 4680 481 4734 corpus,
494 4663 559 4733 quia
574 4663 602 4717 in
618 4681 650 4718 eo
663 4664 873 4719 habitatonmis
884 4669 941 4738 ple·
1017 4668 1169 4734 Elsr'pnum
1180 4671 1457 4737 rnapnunecpporur't
1467 4671 1589 4722 triecto:
1599 4670 1774 4724 Mulr'eremi-

141 4752 641 4823 nitudodivinitatiscorporaliter.ln
653 4754 721 4806 eoelo
731 4753 782 4806 hoc
792 4758 940 4826 templum,
984 4762 1027 4809 clc
1041 4761 1104 4822 sole,
1120 4761 1144 4808 ct
1160 4759 1229 4809 lurra
1242 4758 1292 4809 sub
1304 4759 1418 4824 pedihus
1432 4760 1500 4824 ejus.
1518 4757 1597 4811 Istud
1613 4766 1659 4813 est
1671 4761 1773 4831 signum

141 4840 207 4911 quia
221 4841 250 4894 in
266 4840 389 4896 Ecclesia
403 4843 461 4895 haec
475 4842 610 4912 mysteria
635 4842 822 4912 praedicantur
835 4855 864 4897 et
877 4844 942 4899 roti-
982 4845 1017 4898 de
1027 4861 1081 4914 quo
1091 4843 1251 4899 admonitus
1260 4846 1414 4911 esthclmz,
1425 4852 1457 4899 ut
1466 4850 1774 4915 peterotsipncnnulteo

141 4933 254 4982 nentur.
270 4929 321 4982 Vel
335 4941 463 5001 apertum
480 4937 523 4983 est
536 4930 589 4983 hoc
602 4930 749 5001 ternplum.
768 4933 879 5001 quando
897 4932 942 4996 tsi·
983 4936 1014 4986 r'n
1026 4934 1200 5002 premendum
1216 4935 1333 5000 inferni.
1347 4936 1401 4987 siec
1416 4937 1448 4987 in
1461 4937 1597 4989 crcclsum
1614 4953 1710 5004 supro.
1725 4935 1772 4991 Sed

143 5021 191 5070 cut
202 5015 231 5069 in
247 5017 398 5088 Evangelio
419 5019 548 5090 legirnusl
566 5019 662 5074 lancea
675 5020 750 5074 latus
769 5021 830 5089 ejus
846 5021 940 5090 perso·
982 5039 1044 5076 curu
1060 5020 1106 5075 ille
1123 5021 1237 5085 diceret,
1254 5021 1314 5076 Non
1327 5027 1429 5088 petam,
1444 5026 1469 5075 et
1484 5038 1542 5076 non
1557 5026 1667 5079 tentabo
1688 5027 1772 5080 Domi·

141 5107 235 5157 rutum
255 5108 307 5156 est.
323 5103 356 5158 In
375 5107 445 5161 ccclo
460 5114 554 5162 autem
568 5108 721 5162 seeundum
738 5108 812 5162 hunc
827 5125 939 5162 sensum
983 5126 1061 5171 nectit,
1077 5125 1228 5163 conversus
1241 5110 1376 5180 propheta
1392 5108 1426 5162 ad
1442 5110 1557 5165 domum
1574 5112 1672 5174 David,
1687 5114 1771 5168 dixit:
1809 5100 1813 5113 ’

141 5190 267 5247 Joannes
277 5198 406 5260 apertum
421 5195 516 5249 dicens
525 5197 673 5266 templum,
687 5197 714 5249 in
728 5204 879 5267 conspectu
889 5213 940 5251 suo
982 5198 1101 5270 Propter
1110 5200 1162 5253 hoc
1173 5198 1240 5252 dicit
1252 5198 1403 5252 Dominus:
1415 5198 1478 5252 Ecce
1489 5200 1559 5253 dubo
1568 5204 1771 5271 robissipnmn:

141 5279 264 5350 intelligi
279 5279 376 5348 voluit,
392 5297 561 5352 cognoscens
575 5301 605 5338 sc
626 5302 686 5339 esse
706 5285 740 5339 de
759 5287 871 5340 illorum
887 5303 940 5340 nu·
982 5287 1046 5340 Ecce
1057 5290 1135 5353 sirpo
1145 5288 1276 5355 concipiet
1288 5291 1313 5339 ct
1323 5290 1413 5355 periet
1422 5288 1524 5352 filium.
1532 5288 1668 5359 Magnum
1679 5292 1773 5362 quippe

142 5385 230 5437 spero,
246 5366 399 5453 dequibus
417 5370 584 5432 meminerat
597 5374 754 5455 seriptum:
777 5375 842 5430 Ceti
857 5390 942 5430 errore
982 5374 1036 5430 fuit
1051 5375 1172 5447 signum,
1193 5374 1304 5448 quando
1324 5374 1402 5446 virgo
1420 5375 1548 5447 concepit
1567 5383 1595 5432 et
1614 5381 1729 5453 peperit
1747 5384 1772 5434 et
