3818 6104
84 202 118 258 ra
590 205 800 301 snsensrro
821 211 861 289 ¹N.
880 209 971 266 osse
990 205 1221 262 retorsimus.
1690 198 1725 255 it

85 326 120 381 ad
136 327 324 382 venditionem
339 329 383 382 sui
396 329 456 400 agri
466 331 541 386 exire
551 334 651 403 potuit,
663 337 711 391 sed
722 304 755 392 eo
764 356 884 411 pergens
894 341 918 399 Α
927 338 985 391 rael
1001 336 1079 390 fusus
1094 331 1200 387 visitari
1214 330 1327 392 dicitur,
1340 330 1451 385 tudens
1465 328 1614 399 significat,
1633 344 1651 382 a
1665 326 1725 398 qul·

85 416 168 487 qussi
183 415 310 487 proditor
323 423 353 471 ct
373 418 482 474 delator
502 438 616 476 suorum
633 425 746 491 civium,
765 428 800 481 ob
815 428 885 500 ipsis
925 423 1100 493 bussonguis
1110 421 1214 477 Christi
1224 421 1304 473 fusus
1315 425 1366 485 est,
1376 434 1459 489 quem
1470 417 1584 471 nomino
1592 415 1725 486 termetis

85 506 187 576 captus
203 511 233 559 et
250 505 355 575 ligatus
369 513 454 577 etque
468 508 497 564 in
512 526 651 567 carcerem
667 514 818 571 collocatus
832 522 883 584 est,
927 502 1727 586 prelibavimusdesignari.cujussanguissupereosviai·

87 593 266 664 maximeque
282 610 345 647 oum
363 594 423 665 jam
447 597 483 653 ab
505 598 633 656 hostibus
650 602 824 659 Hierusalem
837 604 887 659 ob·
929 606 1006 656 tetus
1021 606 1072 663 est,
1089 598 1202 670 quando
1212 614 1229 651 a
1239 596 1374 650 Romanis
1383 595 1466 648 occisi
1479 600 1508 648 et
1518 594 1547 648 in
1561 610 1659 648 ornnes
1672 597 1728 648 ter·

86 697 166 735 sessa
179 687 208 734 et
221 681 348 751 undique
371 683 474 738 vallata
496 692 567 739 erat.
585 686 728 751 Quantum
743 696 838 746 autem
853 692 889 746 ad
930 706 976 745 ras
1000 688 1122 753 abducti,
1139 702 1230 757 usque
1251 685 1335 739 hodie
1358 700 1375 737 a
1397 684 1510 754 propria
1533 684 1610 736 terra
1632 681 1729 737 exules

87 770 213 824 litteram
248 769 379 839 pertinet,
404 787 475 825 uxor
502 772 717 832 fornicationum
746 785 802 849 ost,
828 797 890 852 quae
931 780 1065 834 existunt.
1090 796 1101 828 ι
1127 777 1161 830 Et
1189 774 1333 845 quiescere
1357 772 1458 826 faciam
1483 787 1601 842 regnum
1628 770 1730 825 domuc

88 858 244 915 multorum
259 864 339 928 patet
353 859 462 914 libidini
476 862 614 925 adultera,
627 881 688 935 quae
703 882 788 938 super
799 868 890 923 virum
932 868 1030 927 Israel,
1044 871 1072 921 et
1087 866 1114 918 in
1129 865 1178 917 ills
1191 862 1237 917 die
1247 868 1390 916 conterom
1405 876 1500 915 arcum
1515 860 1602 914 lemel
1614 860 1643 913 in
1658 857 1730 915 valle

88 962 173 1001 suum
197 946 306 1001 inducit
331 948 464 1003 alienum.
493 949 556 1005 Filii
579 968 644 1007 vero
674 952 890 1010 fornicationum
931 957 1047 1012 iezrael.
1066 974 1079 1007 e
1095 954 1187 1024 Supnt
1209 952 1331 1005 diximus
1353 949 1459 1005 letrael
1482 949 1623 1003 civitatem
1643 947 1730 1003 fuisso

88 1042 166 1096 ⁸th
178 1035 271 1106 quide
285 1036 336 1091 tali
351 1038 480 1108 conjugio
497 1046 661 1095 nascuntur.
932 1043 1111 1115 metropolim
1127 1042 1223 1096 decem
1238 1039 1374 1102 tribuum,
1386 1039 1466 1109 juxte
1480 1054 1564 1108 quam
1589 1041 1633 1091 est
1650 1035 1732 1093 vallio

127 1143 141 1175 s
158 1125 194 1178 ut
206 1123 285 1188 obiit,
299 1131 328 1178 et
345 1126 454 1196 occepit
471 1128 576 1187 (lomer
589 1124 677 1185 filiam
692 1130 846 1199 Debelaim,
863 1138 892 1188 et
932 1135 1025 1189 nimiae
1036 1131 1191 1195 vastitatis3
1208 1146 1269 1200 queo
1285 1128 1440 1198 plusquam
1452 1127 1547 1181 debeor
1558 1125 1679 1180 millium
1689 1124 1734 1183 dt-

89 1214 218 1284 conoepit
232 1219 261 1268 et
282 1215 393 1285 peperit
410 1210 511 1270 fliium.
530 1236 542 1267 ι
559 1217 631 1281 Quia
652 1221 710 1275 hrec
733 1223 836 1283 omnia,
860 1226 894 1275 ut
933 1221 1074 1277 stenditur
1089 1219 1235 1291 passibus3
1252 1217 1281 1270 in
1296 1216 1349 1270 hac
1367 1216 1516 1269 commisso
1530 1213 1683 1269 certamine
1696 1211 1732 1267 ab

90 1300 223 1373 superius
236 1302 342 1356 dictum
357 1309 409 1365 est,
430 1304 617 1374 spiritualiter
637 1314 702 1363 sunt
720 1310 891 1381 accipienda,
933 1304 1056 1382 Assyriis
1071 1325 1159 1365 caesus
1182 1315 1225 1362 est
1248 1305 1334 1360 lsrael
1349 1304 1595 1367 decemtribuum,
1611 1316 1733 1373 quorum

91 1392 175 1451 Osee,
192 1390 240 1462 qui
253 1393 376 1446 sotootor
396 1392 608 1464 interpretatur,
632 1396 782 1453 Dominum
797 1400 892 1453 lesum
934 1400 1069 1454 fortitudo
1082 1398 1127 1451 hic
1141 1396 1255 1451 nomine
1270 1411 1352 1449 arcus
1366 1392 1630 1464 exprimitur.luxta
1638 1389 1736 1462 mystis

91 1481 236 1536 Christum
255 1480 403 1551 significat.
421 1482 475 1546 Qui
490 1483 604 1538 veniens
624 1502 675 1555 per
689 1486 893 1543 incarnationis
935 1490 1054 1543 cosr'ero
1064 1502 1171 1542 sensus.
1185 1500 1284 1539 omnes
1294 1482 1342 1554 qui
1353 1482 1387 1536 de
1398 1482 1510 1537 Christo
1518 1479 1734 1553 muleseutiunt,

92 1569 271 1641 mysterium,
280 1571 389 1641 accepit
402 1588 517 1626 uxorem
529 1573 754 1639 fornicationum,
773 1575 891 1645 plebem,
935 1576 1009 1631 sicut
1024 1574 1158 1638 heretici,
1172 1574 1220 1644 qui
1237 1572 1399 1627 recedentes
1409 1587 1427 1624 a
1440 1571 1524 1624 domo
1539 1569 1636 1635 nortl,
1648 1568 1679 1635 id
1691 1572 1738 1627 oti

93 1659 201 1713 scilicet
212 1657 371 1720 Iudaicam,
385 1660 433 1730 qui
447 1660 536 1715 Deum
552 1678 639 1715 unum
656 1668 685 1717 et
698 1680 794 1717 verum
810 1666 894 1720 relin·
903 1691 927 1750 B
936 1666 971 1720 ab
982 1665 1114 1729 Ecclesia,
1123 1658 1735 1728 israelisnomineinhoclocointelliguntur.

94 1747 217 1818 queado,
230 1745 310 1801 vario
322 1744 481 1803 doemonum
499 1756 629 1820 portenta
643 1752 839 1809 venerabatur.
856 1754 894 1809 Ex
908 1764 924 1785 ··
936 1757 968 1809 ln
983 1754 1053 1808 vulfe
1066 1753 1184 1809 iezrael,
1199 1752 1226 1805 id
1243 1757 1286 1805 est
1305 1751 1334 1804 in
1358 1749 1517 1804 humilitate
1540 1747 1656 1805 seminia
1673 1745 1736 1815 oet,

95 1852 151 1907 qua
160 1836 260 1906 genuit
268 1836 341 1891 tilios
350 1837 575 1902 fornicationum,
587 1840 654 1911 quia
664 1856 761 1895 omnes
773 1842 896 1897 ostendit
935 1848 1130 1899 conteruntur.
1147 1842 1213 1911 quie
1229 1859 1242 1891 «
1259 1840 1343 1893 Peter
1358 1854 1414 1892 non
1431 1838 1541 1908 judicat
1553 1850 1737 1907 quemquam,

95 1926 159 1979 esse
180 1923 233 1989 sub
248 1930 373 1994 peccato.
390 1926 471 1980 Unde
492 1926 563 1981 beno
588 1930 658 1982 unor
678 1928 896 1984 fornicationum
938 1932 986 1986 sed
1002 1947 1084 1984 omne
1096 1930 1234 2001 judicium
1247 1928 1326 1981 dedit
1337 1927 1417 1981 lilio.
1435 1945 1448 1977 n

96 2014 201 2067 (lomer
212 2013 326 2077 dicitur,
342 2015 416 2085 quod
437 2030 539 2069 nomen
553 2016 758 2086 interpretetur
765 2020 894 2086 perfecto,
975 2040 986 2071 ι
1004 2020 1038 2074 Et
1048 2019 1177 2088 concepit
1190 2017 1291 2080 adhuc,
1303 2022 1333 2070 rt
1342 2015 1451 2086 peperit
1462 2014 1560 2077 filiam,
1572 2018 1602 2068 et
1609 2011 1680 2081 dixit
1688 2011 1717 2069 ai
1728 2030 1736 2067 r

96 2102 153 2155 sire
168 2108 340 2169 oomompta.
352 2102 380 2156 in
397 2104 470 2158 malo
485 2104 614 2159 videlicet
625 2122 720 2176 opere,
737 2107 811 2178 quod
826 2107 897 2162 nulli
936 2112 1012 2165 Voca
1022 2127 1126 2164 nornen
1136 2111 1197 2180 ejus
1210 2108 1315 2178 absque
1325 2104 1526 2167 misericordia,
1539 2105 1606 2175 quia
1618 2120 1675 2158 uon
1690 2103 1739 2158 sd·

96 2189 213 2244 dubium
227 2195 271 2253 est
283 2190 319 2244 sd
333 2191 462 2247 eamdem
484 2193 592 2263 plebem
610 2196 752 2265 pertinere
776 2196 898 2266 ideoque
939 2201 1085 2255 damultra
1097 2197 1317 2253 misericordium
1328 2196 1424 2249 domui
1435 2194 1531 2256 lsrael,
1541 2192 1589 2248 sod
1600 2192 1740 2248 oblivione

96 2279 183 2333 etiam
193 2279 411 2348 congrueflliam
423 2280 566 2335 Debelaim
576 2299 638 2337 esse
652 2283 824 2354 perhibetur,
836 2301 897 2356 quse
939 2289 1087 2343 obliviscar
1097 2303 1205 2351 eorum,
1222 2290 1249 2339 et
1264 2283 1418 2339 miserebor
1431 2282 1526 2339 domui
1541 2283 1623 2346 iuda,
1639 2288 1668 2345 et
1686 2280 1741 2351 sai·

97 2372 150 2422 sot·
162 2374 225 2436 ptos
237 2367 452 2438 interpretetur,
477 2386 538 2441 quse
562 2388 675 2442 semper
694 2389 773 2427 suam
789 2374 898 2428 studuit
939 2377 1009 2432 rabo
1020 2394 1067 2431 eos
1083 2376 1111 2429 in
1132 2375 1252 2429 Domino
1262 2373 1320 2427 Deo
1338 2389 1400 2439 suo,
1415 2378 1445 2426 et
1459 2388 1514 2425 non
1525 2370 1637 2425 salvabo
1649 2386 1698 2427 cos
1709 2370 1740 2425 io

97 2454 177 2528 ecqui
195 2457 378 2526 voluptatem.
395 2458 462 2522 Qum
476 2460 576 2528 genuit
596 2460 696 2516 fllium.
719 2462 771 2516 hoe
788 2462 900 2517 estfor·
940 2482 1007 2519 arcu
1019 2464 1160 2537 etgladio,
1171 2461 1319 2517 etinbello
1329 2467 1358 2516 et
1368 2460 1484 2532 inequis
1494 2458 1739 2531 etinequitihuco
1797 2515 1799 2520 ,

96 2553 155 2600 tem
171 2546 306 2617 populum
322 2546 351 2599 in
365 2547 480 2601 malum.
495 2548 524 2602 Si
534 2565 599 2602 vero
613 2549 665 2603 hoc
678 2549 762 2604 altius
773 2566 901 2621 perscru·
940 2555 1041 2608 Ablata
1060 2553 1138 2608 omni
1153 2552 1316 2608 fortitudine
1330 2568 1348 2604 e
1361 2550 1475 2610 iudeis,
1488 2564 1666 2621 nequaquam
1679 2549 1741 2619 iam

98 2635 155 2687 tari
170 2632 303 2699 solantes,
321 2634 351 2687 in
365 2634 466 2689 bonam
491 2644 599 2706 partem
616 2639 787 2693 voluerimus
810 2639 900 2694 inter·
941 2643 1096 2697 masculino
1112 2658 1178 2696 sexu
1195 2647 1405 2710 nuncupantur,
1423 2639 1470 2693 sed
1487 2637 1639 2704 feminino;
1659 2637 1742 2709 quasi

98 2721 216 2793 pretari,
230 2722 306 2777 filius
320 2738 353 2777 cx
367 2731 452 2793 gente
466 2725 620 2780 israelitice
635 2733 718 2782 natus
731 2728 901 2799 intelligitur.
940 2733 1054 2802 fragiles
1067 2736 1096 2785 et
1111 2730 1273 2785 imbecilles.
1289 2728 1369 2783 Unde
1389 2734 1418 2783 ot
1441 2727 1511 2781 bene
1525 2727 1583 2780 fllia
1598 2742 1743 2798 nuncupa·

98 2810 237 2865 Dominus
249 2811 332 2865 lesus
346 2812 484 2880 Christus,
496 2814 629 2884 quoniam
641 2815 688 2885 qui
703 2815 756 2869 sibi
772 2816 900 2871 eamdem
941 2825 988 2874 tur
1003 2820 1101 2873 eadem
1117 2817 1204 2889 plebs,
1228 2817 1293 2888 quia
1314 2816 1468 2870 femineum
1481 2814 1581 2868 habuit
1592 2814 1740 2882 animuum

98 2899 212 2971 plebem
234 2901 419 2969 conjunxerat
443 2919 493 2972 per
515 2903 701 2965 divinitatem,
718 2905 793 2959 nasci
813 2906 901 2960 voluit
942 2909 1054 2979 quondo
1066 2908 1154 2962 Deum
1170 2905 1338 2975 dereliquit3
1354 2909 1381 2958 et
1395 2920 1446 2974 pro
1461 2903 1518 2959 Deo
1530 2902 1605 2956 idola
1616 2918 1743 2959 ranooo-

99 3005 133 3042 ex
150 3004 184 3042 ea
196 3004 246 3058 per
261 2989 477 3044 humanitatem.
497 2991 549 3045 Oui
564 2991 659 3046 sensui
674 2994 804 3063 congruit
816 2992 900 3048 inter·
942 2998 1000 3051 lere
1010 2996 1094 3067 clepit
1117 2997 1184 3060 Que
1196 2994 1288 3066 abque
1307 2992 1498 3048 misericordia
1511 2997 1596 3046 estet
1609 2990 1743 3047 oblivioni

101 3077 222 3149 pretatio
232 3076 366 3144 nominis,
377 3095 433 3149 quo
448 3079 523 3134 idem
535 3081 627 3135 vocari
642 3082 803 3154 precipitur
815 3083 899 3151 lilius,
942 3087 1058 3151 tradita,
1067 3084 1201 3156 quoniam
1210 3082 1390 3154 usquehodie
1399 3081 1550 3135 Persarum
1559 3080 1672 3151 regibus
1681 3096 1743 3136 ser·

100 3183 167 3221 uam
192 3166 300 3220 Jezrsel
326 3182 417 3221 comen
439 3169 488 3222 Dei
513 3169 726 3240 interpretatur.
749 3172 829 3227 Unde
856 3190 901 3228 se·
942 3175 1076 3239 riuntyet
1092 3189 1235 3244 nunquam
1252 3176 1295 3226 est
1316 3186 1413 3225 eorum
1435 3169 1563 3224 absoluta
1583 3169 1741 3240 captivitas.

102 3256 198 3327 ‘Uimi
212 3274 218 3307 ²
942 3262 1049 3318 Domus
1060 3262 1233 3316 autemJuda
1241 3278 1303 3315 cum
1312 3258 1422 3314 duobus
1431 3257 1562 3313 tribubus
1571 3257 1743 3314 sibisociotic

139 3364 153 3394 u
174 3343 209 3397 lit
222 3343 293 3398 dixit
310 3343 446 3399 Dominus
470 3346 505 3400 ad
527 3362 591 3401 eum
609 3365 615 3400 τ
630 3347 707 3403 Voca
719 3366 822 3405 nomen
842 3352 902 3422 ejus
943 3350 1165 3406 misericordiam
1179 3356 1330 3404 consecuta
1350 3353 1402 3409 est,
1417 3347 1530 3418 quando
1548 3352 1664 3418 propter
1678 3362 1744 3413 con·

102 3432 220 3498 Iezreel,
237 3432 371 3503 quoniam
392 3434 485 3488 adhuc
503 3435 643 3490 modicum
659 3443 688 3492 et
702 3438 820 3493 visitabo
835 3454 901 3493 son·
943 3441 1087 3495 fidentiam
1099 3455 1181 3511 quarn
1197 3440 1226 3493 in
1238 3439 1296 3494 Deo
1308 3436 1477 3499 habuerunt,
1486 3436 1589 3499 missus
1598 3443 1642 3489 est
1655 3452 1744 3508 ange·

101 3521 217 3592 guinem
230 3522 338 3575 lecmel
352 3538 438 3593 super
447 3520 560 3577 domum
576 3526 657 3580 Jehu.
673 3545 685 3577 r
698 3526 803 3581 Jenreel
818 3528 903 3581 inter-
944 3532 997 3593 lus,
1010 3534 1038 3584 et
1050 3529 1186 3600 percussit
1197 3529 1335 3582 exercitus
1345 3525 1534 3582 Sennacherib
1546 3532 1659 3581 eentum
1668 3531 1745 3581 octo·

103 3616 232 3680 pretatur
244 3626 335 3664 semen
356 3612 413 3665 Dei.
436 3612 578 3675 Quantum
594 3614 629 3667 ad
644 3614 767 3669 litteram
790 3616 900 3673 attinet.
944 3618 1022 3687 ginta
1038 3617 1163 3687 quinque
1176 3617 1274 3671 millis.
1289 3616 1323 3669 Et
1340 3613 1452 3668 salvabo
1461 3631 1518 3675 eos,
1530 3612 1632 3684 inquit,
1647 3612 1678 3667 io
1690 3612 1745 3671 Ito·¹

102 3700 200 3754 civitas
214 3698 268 3753 fuit
282 3700 445 3770 metropolis
456 3701 487 3755 in
509 3718 596 3772 regno
612 3703 707 3757 decen
728 3704 854 3759 tribuum
873 3705 903 3759 in
944 3707 1020 3759 mino
1036 3705 1093 3759 Deo
1108 3722 1169 3768 suo,
1186 3705 1215 3760 id
1236 3709 1287 3768 est,
1304 3704 1333 3757 in
1349 3719 1410 3756 mea
1431 3709 1459 3758 ot
1473 3701 1564 3756 Patris
1579 3706 1608 3755 et
1621 3700 1745 3772 Spiritus

102 3787 904 3865 quainterfectumlegimusNaborh,obcujussanguinem
945 3793 1035 3848 sancti
1050 3794 1233 3865 protectione.
1249 3792 1315 3847 Tale
1330 3798 1374 3846 est
1387 3791 1461 3845 enim
1477 3791 1538 3853 hoc,
1555 3789 1638 3861 quale
1650 3790 1744 3847 illud:

101 3876 300 3933 vindicandum
311 3877 462 3933 suscitatus
473 3883 517 3933 est
527 3880 608 3940 Jehu,
619 3880 667 3950 qui
677 3877 780 3936 delevit
789 3882 904 3936 domum
946 3882 1024 3936 Pluit
1038 3881 1174 3937 Dominus
1185 3898 1201 3936 a
1213 3882 1343 3946 Domino,
1354 3881 1381 3935 id
1395 3886 1439 3935 est
1448 3879 1564 3947 Filiuso
1579 3880 1636 3934 Deo
1649 3881 1743 3937 Petro.

102 3973 200 4028 Achaz
214 3974 244 4024 et
255 3969 396 4024 iezraelis.
408 3970 513 4025 Verum
524 3971 590 4042 quia
602 3971 662 4043 ipse
672 3973 744 4027 Jehu
757 3974 834 4028 ultor
841 3990 905 4028 san·
945 3972 981 4025 Et
994 3987 1049 4025 non
1064 3971 1115 4023 sal.
1133 3987 1180 4024 eos
1192 3971 1222 4024 in
1236 3986 1254 4022 o
1268 3974 1296 4025 et
1309 3986 1349 4038 g.,
1366 3974 1393 4021 et
1406 3967 1432 4021 b.
1449 3973 1477 4020 et
1497 3967 1525 4021 in
1540 3966 1629 4036 equis,
1646 3968 1675 4021 id
1689 3972 1742 4034 est,

102 4060 198 4132 guinis
210 4058 282 4129 justi
296 4058 412 4125 exstitit,
428 4064 456 4114 et
471 4048 521 4115 lilii
536 4061 597 4132 ejus
611 4061 738 4116 fecerunt
752 4062 858 4117 malum
874 4062 904 4117 in
946 4061 1043 4116 nonin
1058 4059 1154 4130 eliqua
1165 4076 1214 4129 spe
1227 4062 1277 4111 uut
1288 4056 1492 4111 infortitudine
1508 4056 1641 4119 humane,
1656 4056 1700 4110 rel
1713 4055 1745 4113 io

104 4142 255 4220 conspectu
283 4139 405 4214 Domini,
429 4150 544 4221 sanguis
568 4151 659 4205 Achai
686 4167 771 4221 super
788 4151 903 4206 domum
947 4144 1439 4217 multitudineequitum‚sedpotius
1453 4143 1742 4209 aDominolleosuo,

104 4239 181 4293 illius
203 4237 284 4295 fusus
307 4243 360 4301 est,
382 4238 409 4292 id
435 4242 477 4293 est
497 4255 637 4306 reversus,
654 4240 766 4311 quando
781 4240 830 4294 filii
845 4239 906 4311 ejus
948 4238 995 4309 qui
1005 4237 1099 4290 mittet
1108 4236 1240 4306 angelum
1252 4251 1333 4289 suum
1345 4232 1537 4297 utinlertlciat
1545 4248 1643 4287 omnes
1652 4233 1747 4289 inimi·

105 4328 260 4383 ductisunt
274 4327 305 4381 in
320 4327 510 4397 captivitatem
525 4332 552 4381 et
567 4327 716 4383 interfecti.
731 4329 764 4383 Et
775 4345 830 4382 non
843 4334 908 4399 post
948 4344 994 4381 cos
1004 4327 1127 4381 illorum.
1145 4326 1174 4381 Si
1185 4328 1280 4380 autern
1292 4326 1345 4379 hoc
1357 4324 1392 4379 ad
1404 4340 1452 4378 cos
1463 4323 1584 4377 refertur
1594 4321 1642 4393 qui
1653 4321 1684 4376 in
1697 4320 1747 4395 ed·

105 4418 226 4472 multum
242 4422 357 4488 tempus
370 4416 537 4487 quieverunt
552 4417 670 4488 pariter,
686 4416 714 4471 id
729 4422 773 4472 est
785 4432 909 4472 cessare·
917 4396 941 4454 D
950 4420 1034 4470 ventu
1045 4415 1157 4470 Domini
1168 4420 1235 4469 sunt
1245 4414 1360 4485 reperti,
1371 4420 1447 4467 recte
1458 4412 1512 4483 ipsi
1523 4411 1747 4482 quoquetilia,et

105 4512 174 4561 runt
187 4512 218 4563 et
231 4520 351 4577 regnum
366 4510 395 4560 et
406 4522 496 4577 reges.
509 4506 620 4561 hlortuo
635 4506 738 4577 quippe
747 4505 905 4572 Jeroboam,
949 4522 1004 4561 non
1014 4506 1089 4560 filius
1101 4504 1291 4565 nominantur,
1301 4501 1520 4574 quiamollitiem
1530 4499 1747 4571 suaevoluptstis

106 4600 262 4666 pronepote
276 4594 359 4653 lehu,
372 4594 424 4649 sub
434 4611 489 4666 quo
500 4594 668 4667 prophetare
679 4596 763 4667 coepit
772 4595 908 4651 Oseesub
949 4602 1142 4666 exsequentes,
1156 4593 1268 4665 quando
1282 4601 1310 4647 et
1325 4591 1490 4661 sanguinem
1504 4588 1621 4644 seminis
1635 4588 1685 4644 Dei
1696 4588 1748 4645 ime

108 4701 162 4756 quo
176 4683 252 4737 filius
265 4684 327 4753 ejus
337 4683 485 4737 Zacharias
497 4680 526 4737 in
537 4699 654 4754 regnum
670 4685 812 4749 successit,
822 4701 906 4757 quem
948 4684 1053 4756 precati
1064 4686 1139 4745 sunt,
1155 4702 1166 4733 ι
1183 4681 1298 4751 sanguis
1313 4682 1374 4750 ejus
1386 4696 1469 4750 super
1481 4695 1532 4733 nos
1543 4683 1571 4732 et
1580 4692 1665 4747 super
1675 4676 1749 4733 ulios

108 4779 185 4828 sexto
200 4788 296 4827 menso
317 4771 397 4841 regni
410 4772 454 4827 sui
468 4773 569 4847 occidit
585 4773 690 4828 Selium
707 4774 741 4828 de
755 4774 907 4829 alienatus
949 4777 1069 4827 nostros.
1085 4791 1099 4822 s
1111 4770 1192 4827 Unde
1202 4776 1231 4824 et
1242 4768 1347 4840 absque
1360 4767 1552 4821 misericordis
1560 4764 1636 4829 facti,
1649 4764 1750 4823 traditi

108 4862 202 4933 stirpe.
225 4860 386 4930 Statimque
399 4856 480 4931 reges
496 4862 603 4933 Assyrii
618 4867 752 4933 ceperunt
766 4862 865 4918 Ruben
880 4868 909 4918 et
950 4868 1016 4917 sunt
1028 4848 1172 4922 Romanis,
1185 4865 1213 4914 ot
1224 4875 1320 4913 eorum
1331 4863 1467 4927 perpetua
1478 4855 1613 4910 servitute
1622 4853 1750 4911 daranah'

108 4950 179 5013 Ged,
192 4955 222 5004 et
240 4949 389 5003 dimidiam
399 4940 508 5005 'tribum
523 4951 661 5016 Menssse,
675 4952 721 5022 qui
735 4957 817 5006 erant
830 4957 909 5007 trans
950 4944 1750 5022 atqueoblivionitmditiltomusamemtuda,queintsr-

108 5038 271 5100 lordanem,
280 5037 383 5092 deinde
393 5037 585 5109 Nephthalim.
599 5039 633 5093 ad
644 5046 800 5095 extremum
812 5057 910 5095 omnes
951 5045 1079 5112 pretatur
1089 5040 1230 5105 consessio,
1242 5036 1270 5089 id
1286 5040 1338 5090 est.
1350 5033 1470 5105 apostoli
1480 5035 1630 5105 caeterique
1640 5034 1683 5088 rel
1692 5049 1751 5089 cre·

109 5128 233 5199 reliques
245 5126 347 5182 tribus.
362 5127 488 5182 Fuerunt
500 5144 518 5182 a
529 5129 663 5183 Zacharia
676 5146 765 5200 usque
778 5130 812 5184 ud
827 5130 908 5195 Osee,
952 5130 1050 5183 dentes
1064 5128 1107 5182 vel
1120 5115 1259 5185 doctores,
1275 5124 1322 5196 qui
1337 5125 1419 5178 sidem
1435 5123 1556 5178 nominis
1570 5123 1674 5177 Clnisti
1688 5138 1753 5179 con-

108 5217 161 5272 sub
175 5232 233 5287 quo
247 5232 346 5270 omnes
367 5215 463 5270 decem
489 5216 580 5272 tribus
594 5217 623 5272 in
639 5218 828 5289 captivitatem
845 5223 913 5272 sunt
952 5212 1017 5271 fessi
1033 5223 1107 5280 sunt,
1123 5214 1221 5269 salvati
1237 5221 1304 5269 sunt
1319 5230 1373 5268 non
1388 5213 1416 5267 in
1431 5213 1525 5283 gladio
1540 5218 1568 5266 et
1580 5228 1657 5276 arcu,
1668 5212 1697 5267 id
1710 5216 1754 5269 est

108 5307 210 5371 dudm,
231 5305 298 5360 anni
313 5309 425 5359 tantum
441 5306 629 5377 quadraginta
642 5321 753 5360 norom.
771 5307 861 5372 Quam
877 5306 912 5360 ob
953 5301 1754 5375 noninaliquohumenoouxiliosedinllominoDeocuo,

108 5393 282 5450 concambio
302 5394 405 5451 dicitur
416 5414 422 5449 :
434 5394 534 5451 Adhuc
548 5396 622 5450 mod.
635 5401 664 5451 et
678 5412 704 5449 ν.
721 5412 781 5450 son.
793 5397 807 5450 J
811 5413 836 5449 e.
849 5414 872 5449 s.
885 5395 913 5450 d.
957 5395 1069 5449 Christo
1084 5391 1213 5449 videlicet
1227 5394 1276 5463 qui
1290 5409 1337 5448 eos
1358 5407 1409 5462 per
1425 5391 1546 5461 gratiam
1562 5407 1642 5444 suom
1658 5386 1755 5461 clegit.

108 5484 193 5541 iehu.
207 5483 400 5556 Spirituuliter
409 5484 491 5552 isliu,
499 5501 551 5556 per
560 5500 644 5559 quem
655 5485 801 5557 sanguinis
813 5485 841 5540 in
856 5486 915 5540 lez·
956 5485 1012 5542 Sed
1030 5486 1059 5539 et
1081 5484 1195 5538 nomine
1212 5483 1275 5538 llliee
1294 5496 1444 5556 possumus
1459 5479 1585 5552 occipere
1599 5478 1755 5547 licei-eticos,
