3840 6098
56 110 113 173 etti
299 109 489 169 datdonis
504 112 748 173 uusssnssnr.
766 116 881 175 salso.
897 114 977 174 ssPP..
993 114 1086 173 PAR!
1098 114 1111 172 1
1125 143 1159 157 ·-
1174 113 1362 173 comme
1378 112 1470 170 ntea.
1646 110 1703 173 (iffi

56 238 137 297 radix
151 239 224 295 Boos
236 237 280 295 rel
294 238 382 304 obeo,
398 245 431 294 ut
444 241 606 297 ostenderet
615 243 767 299 Dominum
778 242 955 303 Chri-Amei
964 241 1132 311 complerem
1141 240 1505 311 ingentibusdonctifimas
1514 243 1702 311 haspanio

58 333 133 383 stum
143 328 238 382 lesum
249 329 425 401 deprogenie
437 329 525 398 regali
535 331 620 383 etiam
632 332 785 387 secundum
797 350 857 387 car·
897 332 955 390 liei,
971 330 999 384 id
1011 335 1055 383 est
1067 334 1195 383 sanctum
1206 345 1267 383 esse
1291 330 1497 391 demonstraus.
1518 328 1701 402 praedicendo

57 434 122 473 nem
137 417 315 482 descendere,
332 418 458 489 quiante
481 420 582 488 saepula
593 421 705 488 genitus
719 428 788 475 esta
799 423 855 477 Deo
898 418 967 473 illud
984 418 1044 472 sine
1059 434 1154 475 errore
1163 424 1192 472 et
1213 418 1367 482 mendacio,
1392 424 1544 490 sancteque
1568 417 1700 482 virendo,

59 507 152 571 Pano,
168 506 244 578 Rege
257 510 367 577 regum,
384 512 413 559 ει
435 506 553 560 Domino
571 508 785 566 dominantium.
802 512 857 564 No·
899 510 927 559 et
937 506 1224 561 miraculisrirtutum
1232 507 1541 577 testificandogloriam
1552 505 1700 578 propriam

58 594 232 664 tandemque
245 594 396 665 quiaquod
408 594 495 649 dixit:
512 595 573 666 Erit
591 596 671 650 radix
690 596 781 657 desse.
804 598 863 652 sub'
898 610 954 649 nen
971 594 1131 665 querendo,
1145 610 1237 664 neque
1248 611 1298 665 pro
1312 595 1398 651 lucris
1421 594 1627 667 temporalibus
1642 594 1702 648 bec

58 681 143 738 verbo
155 682 555 753 iuturitcmporisloquenead
565 683 740 739 nativitatem
752 686 856 743 Christi
899 689 928 737 et
939 682 1043 745 omnio,
1055 683 1105 737 sed
1119 700 1169 753 pro
1180 683 1408 740 remuneratione
1421 690 1532 739 aeternae
1543 683 1607 754 ritae
1617 698 1704 751 agen-

58 771 214 841 ltuutanam
227 771 359 842 respexit,
375 788 436 841 quse
452 771 544 827 adbuc
557 772 652 829 sutura
670 780 732 827 erat
744 775 856 844 quando
899 773 944 826 do.
956 770 1007 827 llio
1023 772 1179 828 sanctificat
1189 772 1380 842 Evangelium
1406 773 1464 827 sire
1491 777 1624 828 sanctum
1651 771 1702 826 ds·

58 859 261 933 istapnedixit.
273 860 389 915 Dicetur
404 860 500 930 itaque
513 861 564 915 boc
581 850 662 916 modo
678 874 684 911 :
701 861 763 916 Erit
779 864 857 917 lesse
899 867 1047 920 monstrat.
1060 861 1107 930 qui
1119 860 1225 933 absque
1239 877 1334 915 erroro
1350 860 1532 917 etmendeeio
1548 860 1621 915 illud
1631 875 1702 931 prar-

58 947 138 1004 radix
151 948 257 1004 coristi
270 949 423 1020 secundum
438 949 655 1021 humqnitatem,
667 956 696 1004 et
707 952 765 1021 ipse
776 952 857 1005 Chri·
899 949 1015 1019 dictitet
1029 948 1102 1018 quod
1115 948 1248 1018 predicat
1259 949 1470 1007 orecootirmet
1480 946 1642 1021 mirqculis:
1654 962 1704 1001 ex-

59 1043 121 1095 stus
136 1037 185 1110 qui
197 1044 329 1107 exsurget
345 1037 483 1091 nascendo
499 1054 547 1106 per
562 1038 857 1109 virginemn-elamor·
900 1044 981 1093 ornat
991 1042 1088 1089 sancta
1101 1037 1322 1101 conversatione.
1337 1044 1365 1093 et
1377 1036 1425 1106 qui
1442 1052 1497 1092 non
1510 1036 1613 1107 quaerit
1621 1050 1704 1093 suam

58 1127 118 1182 tuis
127 1124 300 1195 resurgendo
310 1141 408 1194 regere
417 1131 525 1193 gentes.
546 1126 574 1179 in
588 1143 621 1189 eo
639 1132 738 1194 gentes
760 1143 856 1196 sporn·
900 1125 1019 1182 laudem.
1036 1124 1084 1181 sed
1102 1124 1165 1185 lloi;
1182 1129 1212 1179 ut
1226 1129 1274 1191 sert
1284 1127 1384 1180 oblatio
1396 1127 1521 1191 pentima
1534 1128 1663 1190 acepta,
1674 1121 1704 1179 id

60 1215 141 1271 bunt.
157 1214 286 1269 Christus
300 1214 387 1283 igitur
397 1212 466 1282 regit
478 1221 505 1268 et
514 1213 652 1281 gubernat
666 1223 773 1282 gentes.
788 1216 816 1269 in
828 1231 857 1268 se
900 1221 951 1271 est,
966 1220 998 1267 ut
1010 1219 1109 1282 gentes
1121 1214 1284 1287 otlerqntur.
1299 1215 1354 1273 lieo
1368 1230 1418 1283 per
1432 1229 1477 1273 rue
1496 1214 1525 1272 in
1540 1211 1704 1283 gratiarum

61 1302 255 1364 medantensi
268 1302 328 1370 ipse
339 1302 576 1354 detenditillosab
587 1303 856 1359 insidiisetintesta-
901 1302 1019 1363 actione,
1032 1308 1061 1361 ει
1075 1301 1111 1354 sit
1125 1300 1185 1372 ipse
1209 1302 1312 1357 oblatio
1333 1301 1459 1357 amabilis
1483 1301 1519 1364 ei,
1544 1306 1570 1357 et
1594 1302 1705 1357 macti-

61 1390 187 1447 tlonibus
214 1390 383 1445 daernonum.
408 1391 590 1460 omniumque
623 1391 857 1456 adversariorum,
902 1395 982 1458 ficata
995 1407 1044 1459 per
1059 1390 1239 1459 baptismum.
1257 1408 1306 1461 per
1317 1391 1473 1467 passionem
1487 1388 1605 1451 Christi,
1616 1394 1709 1464 etqer

63 1480 195 1551 quoniam
212 1480 264 1550 iper
277 1479 305 1533 in
316 1496 349 1534 eo
362 1487 486 1549 sperant.
903 1480 997 1542 iidem,
1013 1483 1045 1532 in
1059 1479 1166 1546 Spiritu
1177 1485 1280 1547 sparto,
1293 1479 1320 1537 id
1333 1485 1376 1537 est
1390 1477 1570 1548 pergratiam
1582 1475 1708 1547 Spiritus

98 1570 169 1623 daus
183 1574 275 1623 autem
291 1570 347 1634 spei
362 1571 517 1635 replenitur
532 1572 609 1622 omni
632 1570 735 1635 patritio
755 1573 778 1622 et
797 1586 861 1637 porc
872 1553 1002 1633 lisancti.
1017 1567 1182 1623 Pontificum
1200 1573 1244 1627 est
1254 1568 1398 1627 doctrinae.
1415 1565 1626 1637 predicationis
1639 1580 1709 1634 epse

63 1657 248 1723 discredendo.
265 1656 369 1710 Euhoe
393 1655 569 1726 qnodlsoias
592 1659 729 1727 propbeta
741 1658 812 1713 dixit
827 1659 861 1712 de
904 1656 1221 1719 rumdare,etilloruin
1249 1661 1293 1711 est
1317 1655 1484 1716 sacrificiunt
1512 1654 1616 1715 olierre
1636 1652 1705 1717 Deo.

63 1744 175 1801 Gbnsto
192 1758 198 1792 τ
210 1744 243 1800 ln
257 1761 289 1798 eo
298 1752 397 1813 gentes
406 1745 568 1814 sperabunt,
583 1748 701 1817 sumpsit
713 1747 862 1818 Apostolus
904 1747 975 1801 Nam
987 1745 1060 1807 siout
1074 1745 1102 1807 in
1113 1744 1208 1800 Veteri
1219 1745 1399 1806 Testamenta
1410 1743 1533 1815 puntiisx
1543 1742 1603 1803 sire
1613 1756 1707 1805 sacer·

65 1833 240 1889 amasionem
260 1839 292 1889 ut
306 1834 413 1887 diceret
438 1834 493 1889 illis
520 1835 591 1892 lianc
616 1835 835 1891 benedictionem
854 1854 860 1887 2
905 1837 955 1890 dos
970 1836 1089 1889 hostiam
1101 1840 1131 1889 et
1145 1834 1314 1891 oblationem
1332 1851 1416 1905 quam
1428 1832 1564 1903 pilerebat
1575 1833 1708 1895 Hecatae

63 1922 243 1979 uersantem
259 1922 329 1993 spei,
345 1922 392 1991 qui
403 1922 500 1980 tribuit
514 1939 593 1992 spem
607 1925 766 1981 futurorum
779 1924 862 1977 bono·
905 1925 981 1983 diosc
997 1923 1161 1993 providebat
1174 1928 1206 1985 ut
1217 1923 1323 1993 ubsque
1337 1923 1446 1982 macula
1461 1929 1545 1987 esset,
1557 1921 1601 1977 ita
1614 1927 1644 1975 ει
1659 1921 1708 1991 qui

64 2026 128 2067 rum
143 2010 170 2065 in
187 2026 217 2065 sc
231 2009 529 2083 credentibus‚repleat
543 2028 591 2065 ros
606 2012 682 2066 cinni
694 2012 862 2081 gaudiospi·
904 2012 1085 2081 Evangeliurn
1098 2011 1268 2071 annuntiant
1281 2011 1425 2081 providere
1443 2009 1548 2071 debent
1558 2016 1601 2074 ut,
1614 2024 1708 2079 neque

64 2100 143 2156 rituli
156 2105 187 2171 et
199 2116 275 2171 paee.
296 2099 379 2166 idest
391 2101 549 2155 concordia.
565 2117 660 2157 ernore
684 2102 808 2158 traterno
833 2102 862 2157 in
904 2102 933 2155 in
949 2101 1156 2171 predicatione,
1171 2116 1262 2170 neque
1277 2099 1451 2177 indoctam,
1463 2112 1513 2161 seu
1525 2097 1705 2177 magisterio,

64 2190 266 2261 meredendm
280 2188 426 2244 eredentes
441 2190 546 2243 ineunt
564 2190 669 2258 quires
685 2191 861 2260 persangui-
904 2189 1090 2259 uliquaeulpa
1103 2194 1244 2250 irascatur,
1261 2196 1294 2242 ut
1307 2188 1411 2243 sicillae
1426 2187 1524 2243 bestiae
1546 2186 1608 2247 beo
1625 2191 1709 2256 omni

65 2294 130 2335 nem
145 2295 228 2335 suum
242 2279 463 2350 pqeilioaritlleo
473 2279 660 2345 Patrisitiset
671 2280 723 2350 ipsi
744 2280 862 2335 invicem
905 2284 1033 2349 accepte.
1048 2278 1088 2330 ita
1101 2278 1157 2333 sint
1171 2283 1199 2339 et
1210 2277 1353 2339 auditores
1366 2277 1478 2339 illorum
1491 2276 1521 2337 in
1535 2274 1708 2338 sacrificium

67 2368 257 2438 concordeset
270 2368 388 2439 pacifici,
405 2368 452 2438 qui
476 2368 612 2422 lioctcnus
632 2368 724 2424 fuistis
745 2369 864 2425 invicem
905 2368 1155 2430 Deitranseuntes,
1171 2365 1317 2428 imitantes
1329 2365 1382 2436 ipsi
1401 2364 1602 2435 predicatores
1624 2380 1707 2434 egre-

66 2457 293 2529 dis'sidsnteszut
305 2459 450 2511 abunddis
471 2461 499 2510 ia
520 2474 564 2524 spe
586 2464 611 2513 ct
625 2462 727 2525 cirtulo
741 2458 864 2525 Spiritus
905 2459 984 2527 gium
1008 2457 1151 2509 doctorem
1173 2461 1202 2509 et
1221 2455 1390 2525 magistrum
1407 2452 1547 2527 genapia,
1568 2452 1621 2523 qui
1644 2451 1709 2515 illos

66 2550 166 2608 eoacti,
177 2546 207 2601 id
221 2549 306 2600 estid
317 2562 368 2617 per
376 2546 508 2609 virtutem
519 2545 640 2618 Spiritus
649 2546 864 2616 sanetiptenam
907 2562 976 2616 quos
988 2546 1045 2599 Deo
1060 2561 1111 2599 sua
1124 2543 1322 2615 predicatione
1351 2548 1380 2606 ot
1409 2541 1567 2605 ministerio
1589 2541 1624 2613 in
1652 2541 1709 2603 fide

66 2635 196 2692 habeatis
204 2651 282 2707 spem
293 2642 404 2690 aeternae
415 2635 782 2704 remunerationiseJ'usque
790 2636 864 2690 dono
907 2634 1056 2697 obtulerat.
1072 2633 1188 2704 optabat
1199 2639 1231 2697 ut
1246 2633 1306 2687 sine
1321 2631 1432 2695 macula
1443 2629 1582 2701 gravioris
1596 2629 1709 2701 pecati

67 2731 154 2798 atque
166 2725 271 2781 auxilio
298 2723 445 2783 sublevati.
467 2723 600 2779 virtutem
620 2724 706 2781 totius
730 2724 865 2781 bonitatis
906 2727 1105 2793 permanentes
1115 2722 1221 2792 accepti
1237 2727 1330 2785 essent
1348 2721 1417 2783 Deo.

69 2815 187 2886 adipisci
201 2813 375 2881 mereamini.
941 2813 1030 2865 Hebro
1047 2813 1136 2877 ipitur
1149 2810 1515 2880 plorimmpraeparetamdn
1525 2807 1710 2873 strateius,

104 2904 200 2972 dorios
213 2919 276 2957 sum
288 2903 498 2969 autent‚srutres
511 2904 574 2961 inei.
587 2907 611 2956 et
621 2919 667 2970 epo
678 2905 732 2970 ipsc
741 2903 864 2967 dcttolis,
874 2904 896 2966 c
908 2901 944 2955 od
961 2901 1063 2979 deuon
1077 2915 1109 2953 ac
1121 2899 1144 2964 si
1159 2898 1282 2963 diceret:
1302 2898 1357 2953 Per
1369 2897 1488 2955 uirtutes
1502 2912 1566 2967 qun
1589 2902 1661 2961 sant
1679 2896 1710 2961 iu

68 2994 202 3063 quantum
212 2993 291 3060 pleni
301 2994 363 3046 estis
378 2992 521 3045 dilectione
535 2991 585 3044 net
594 2995 618 3044 et
630 2995 865 3059 prorimerrpteti
905 2989 1017 3051 Christo
1041 2989 1108 3043 lesu
1123 3004 1193 3061 quas
1219 3004 1271 3057 ego
1285 2987 1449 3058 amplector,
1463 2985 1553 3051 habeo
1581 2985 1709 3067 glqriatn

68 3082 281 3143 omniscientio,
292 3082 333 3133 ite
347 3084 378 3131 ut
388 3080 498 3146 possitis
511 3080 682 3135 alterutrum
701 3096 819 3147 irionem,
835 3079 864 3135 id
904 3082 1090 3149 praeparatam
1100 3076 1354 3141 mildeltunensem
1367 3074 1519 3143 manorum
1528 3073 1609 3145 apud
1618 3074 1711 3139 neum

67 3176 111 3226 est
123 3170 240 3240 invicem
253 3185 301 3223 ros
315 3167 454 3237 castigare
471 3173 501 3220 et
513 3167 664 3238 corripere.
680 3168 821 3223 Persectos
835 3168 864 3222 in
906 3161 1019 3225 Patrem
1024 3208 1030 3219 .

68 3259 125 3314 nde
136 3257 239 3313 blande
251 3256 413 3327 alloquitur.
941 3256 1004 3317 rl'on
1025 3257 1101 3308 enirn
1113 3255 1199 3307 ntideo
1211 3253 1321 3321 aliquid
1339 3254 1417 3320 toqui-
1433 3266 1541 3319 sprota,
1556 3249 1710 3333 rqrbpqutu

101 3349 244 3404 Audacius
256 3348 350 3401 autent
364 3349 463 3414 scripsi
474 3348 556 3405 nolis,
565 3346 864 3412 fratrcacaportedu·
905 3359 1075 3412 cooperate
1089 3359 1144 3396 non
1158 3344 1241 3409 efficit
1257 3342 1391 3406 Carisius,
1418 3337 1500 3407 verbo
1522 3344 1552 3419 et
1570 3338 1711 3419 ipctigid

67 3437 175 3499 dacius,
185 3437 253 3491 licet
265 3436 303 3490 sit
313 3435 518 3506 comparativus
532 3433 647 3503 gradus.
661 3433 690 3487 in
704 3433 755 3489 ltoc
768 3439 864 3489 minen
906 3439 958 3498 ist,
983 3448 1040 3489 non
1058 3431 1148 3495 audeo
1162 3431 1217 3484 alia
1234 3429 1312 3501 loqui
1330 3436 1358 3484 et
1384 3428 1546 3499 predicare,
1565 3427 1625 3493 nisi
1648 3443 1711 3507 quq

66 3522 458 3596 locopropositiioponitur‚
474 3522 601 3593 quodest
620 3521 762 3579 audacter.
779 3522 865 3577 idest
906 3522 1034 3576 Christus
1047 3520 1168 3590 inspirat
1193 3519 1262 3572 mihi
1290 3518 1318 3571 in
1347 3518 1441 3571 corde.
1466 3516 1613 3586 Quidquid
1633 3516 1711 3595 enipi

67 3631 133 3684 cunr
160 3612 278 3668 audacia
300 3618 330 3667 et
352 3612 511 3667 securitate.
541 3609 664 3682 Ideoque
689 3610 807 3685 addidit.
831 3627 864 3667 ex
905 3607 1224 3681 operabatur‚quidquid
1236 3605 1505 3677 loquebatur,totum
1515 3604 1651 3660 Christus
1659 3621 1711 3677 per

66 3707 158 3775 parte,
173 3700 240 3772 quia
257 3700 466 3772 multoeciebat
480 3700 581 3770 ipsein
604 3700 697 3764 corde.
720 3717 782 3770 quae
808 3716 865 3757 non
905 3697 1119 3761 eumetfieicbat
1132 3697 1206 3762 sicut
1227 3696 1288 3766 ipse
1315 3695 1388 3759 alias
1415 3693 1505 3757 dicit:
1530 3696 1577 3761 Aa
1604 3697 1710 3763 esperi-

15 3836 16 3839 .
65 3789 228 3864 proterebat
243 3806 301 3855 ore,
317 3795 346 3844 ει
360 3807 423 3860 quta
433 3789 474 3845 illi
490 3804 545 3844 non
560 3795 691 3861 poterunt
708 3805 818 3860 capere,
832 3805 865 3845 ex
905 3792 1032 3852 steritem
1046 3788 1170 3853 queritis
1190 3788 1309 3853 ejusqui
1324 3787 1356 3837 ia
1372 3798 1413 3836 otc
1432 3784 1559 3851 loquitur
1581 3782 1709 3852 qustus

68 3880 170 3953 quibus
182 3884 292 3952 partem
303 3878 443 3935 scribebat
452 3879 508 3945 eis;
522 3879 565 3933 rel
575 3879 660 3935 etiam
671 3878 774 3936 ideirco
784 3877 862 3942 dixit,
909 3878 948 3944 (ll
972 3876 1032 3940 dor.
1062 3874 1138 3938 tuli?
1163 3875 1197 3939 Id
1224 3875 1406 3938 dedititiam
1426 3873 1553 3941 edildrid
1573 3870 1709 3943 tithoni

68 3987 101 4026 ex
115 3975 206 4042 parte,
221 3969 287 4041 quia
299 3969 358 4039 jain
371 3969 499 4037 legerant
512 3967 566 4036 ipsi
577 3968 710 4036 epistolas
721 3968 866 4036 ejus‚quas
907 3963 987 4018 sactis
1003 3984 1009 4018 :
1021 3964 1073 4017 hoc
1083 3969 1126 4018 est
1139 3962 1240 4031 idcireo
1255 3961 1329 4031 insto
1344 3976 1397 4031 ego
1414 3957 1498 4029 uerbo
1526 3959 1705 4031 praedieatip

67 4058 131 4112 aliis
146 4057 269 4111 ecelesiis
284 4056 490 4117 destinaverat3
507 4062 535 4108 et
547 4071 608 4123 quae
623 4055 660 4109 ibi
672 4071 727 4109 non
738 4055 866 4122 legerant
906 4053 960 4117 nis,
975 4053 1095 4119 attactis
1111 4050 1357 4120 miraculorum‚ut
1368 4042 1703 4129 gentesobediqptsspon·

68 4162 102 4201 cx
114 4150 204 4215 parte,
215 4145 244 4198 in
257 4144 309 4197 bac
324 4143 427 4198 interne
440 4142 557 4197 studuit.
578 4142 657 4199 Unde
672 4148 700 4198 et
713 4142 843 4201 subditur
857 4160 863 4194 :
904 4142 988 4211 gello.

1819 4016 1915 4093 Ὧι

1793 4109 1827 4128 N

71 4235 253 4301 &aquensia
262 4234 427 4286 memoriam
437 4232 509 4284 cobis
519 4230 796 4292 rrdriconssubaudis
804 4212 898 4301 jomD
941 4235 975 4293 In
991 4234 1093 4297 rrirtote
1118 4233 1263 4299 signorum
1280 4234 1304 4283 ct
1322 4228 1527 4298 prodigiorum,
1553 4229 1588 4297 in
1607 4230 1699 4295 pirtptt
1723 4258 1831 4325 ³⁵4-

66 4321 168 4392 legisse
182 4319 330 4376 meadicta
340 4319 542 4392 inquibusdom
554 4319 679 4389 epistolis
689 4321 775 4375 meis:
790 4321 865 4390 quod
906 4323 1028 4388 Spiritus
1040 4319 1231 4389 sericiisigna
1244 4318 1422 4389 appellantur
1437 4316 1535 4387 multis
1544 4315 1576 4397 in
1591 4315 1765 4393 locigiqq
1787 4295 1851 4379 <4¹

65 4410 124 4467 tale
136 4416 189 4473 est,
203 4409 337 4483 acsialiis
357 4409 448 4463 serbis
467 4408 592 4463 diceret:
618 4410 691 4466 Dum
711 4409 808 4468 reduxi
829 4409 865 4464 ad
906 4410 1083 4480 quibuscum
1099 4409 1257 4479 sitaliquid
1279 4406 1418 4473 mirabile.
1438 4405 1583 4475 indicqtpr
1598 4422 1711 4479 quqqe.
1723 4376 1829 4517 :el
1908 4480 1914 4491 ..

68 4499 232 4565 memoriam
248 4499 348 4570 legisse
362 4515 409 4553 ros
419 4500 478 4568 jam
488 4498 778 4569 meadietapauciora
788 4497 865 4552 vobis
906 4516 956 4569 per
970 4515 1003 4552 ea
1018 4499 1125 4569 aliquid
1138 4496 1352 4562 futurumsicut
1361 4494 1546 4561 insanatione
1556 4494 1610 4559 tilii
1619 4496 1806 4593 iffilssqg
1890 4538 1911 4567 ·.

68 4589 176 4662 scripsi,
187 4594 217 4646 et
228 4588 282 4645 boo
292 4590 540 4658 matermortua
555 4604 614 4655 qur
626 4589 691 4642 doto
705 4592 741 4643 ast
757 4589 829 4642 roilo
846 4604 864 4643 o
907 4593 1049 4651 ostensum
1066 4591 1116 4649 est,
1131 4585 1253 4653 Domino
1268 4585 1395 4639 dicente:
1410 4585 1476 4649 Nisi
1487 4586 1571 4653 sr'qnq
1580 4589 1608 4649 ot
1615 4584 1790 4663 pro&
1880 4574 1914 4669 L

66 4681 129 4741 lico,
141 4683 235 4751 qtsiot
251 4679 455 4749 ministeriosi
471 4677 574 4732 Christi
585 4678 718 4743 pentibus.
738 4676 865 4731 Gratiam
906 4679 952 4742 pio
967 4677 1105 4740 tritioritir,
1124 4691 1180 4728 tion
1194 4675 1306 4729 creditis
1320 4675 1409 4740 idean.
1427 4677 1478 4739 ιιι.
1496 4672 1550 4740 l'er.
1562 4671 1620 4737 boo
1633 4672 1782 4747 enit„
1878 4722 1913 4749 ··.

66 4767 112 4823 hia
125 4766 436 4838 appellatsapientiam,
452 4781 536 4835 quam
551 4764 745 4835 preonrnibus
755 4771 866 4834 aposto·
907 4764 980 4834 quod
995 4764 1053 4818 riso
1067 4763 1202 4831 miraculo
1214 4761 1344 4829 sanitatis
1355 4761 1385 4814 in
1394 4760 1452 4829 tilio
1466 4759 1554 4829 illitae,
1571 4754 1781 4837 perpaqq‘
1868 4758 1916 4843 '²³4¹

66 4855 101 4909 lis
112 4854 239 4924 accipere
252 4855 365 4919 meruit.
387 4860 418 4907 ut
431 4853 530 4909 beatus
547 4854 720 4923 Augustinus
733 4853 864 4911 dicit.Po-
905 4853 1091 4916 crediderunt.
1104 4858 1184 4923 pater
1196 4850 1326 4907 videlicet
1339 4849 1415 4904 illius
1429 4864 1494 4917 carp
1508 4848 1579 4917 sulp,
1596 4846 1776 4921 aiffltifi-
1861 4866 1914 4899 s.

65 4948 124 4999 teat
138 4948 168 4998 ει
179 4942 215 4998 de
229 4942 385 4999 ministerio
396 4943 570 5013 apostolatus
599 4942 727 5012 intelligi.
748 4943 863 5011 quodsi
904 4941 1020 4996 cabatur
1030 4942 1104 5010 quod
1117 4940 1244 5013 paucitas
1257 4939 1418 5008 iudeorum
1432 4936 1578 5007 creditura
1588 4942 1707 5004 esset
1738 4934 1774 5003 ip
1856 4936 1915 5017 {¹²²1

65 5029 156 5103 gratis
173 5045 191 5085 a
218 5027 278 5085 lieo
302 5029 435 5085 collatum
462 5038 513 5088 est.
530 5031 634 5101 Scripsi
659 5031 746 5094 robis,
760 5031 861 5101 inquit,
904 5032 1003 5087 benni.
1019 5031 1088 5085 Ecce
1102 5031 1214 5101 signum
1229 5028 1302 5099 quod
1318 5026 1507 5098 utrumqueiu
1525 5042 1557 5093 sq
1570 5024 1770 5093 conduct
1854 5020 1902 5083 3⁸25

65 5134 199 5191 pauens
210 5118 348 5190 pluribus,
365 5135 425 5189 qua.
438 5119 466 5175 in
481 5121 564 5174 corde
584 5136 645 5175 meo
659 5122 740 5177 firma
758 5120 863 5177 haben·
906 5119 1039 5191 quiddam
1058 5120 1166 5181 scilieet
1185 5117 1324 5181 miraculi,
1346 5122 1375 5171 et
1394 5114 1529 5187 quiddam
1556 5114 1670 5185 futuri.
1720 5104 1770 5167 At

64 5213 235 5277 turpropter
246 5207 367 5277 gratiam
383 5208 536 5279 sapientiae,
553 5225 614 5278 quae
629 5210 698 5264 mihi
711 5226 728 5263 a
746 5210 863 5265 Domino
905 5226 969 5263 vero
985 5209 1113 5279 prodigia
1127 5209 1260 5263 dicuntur
1275 5205 1355 5276 quasi
1370 5203 1528 5275 porodigia.
1543 5205 1588 5269 rel
1615 5203 1767 5276 parm

64 5296 100 5353 sd
113 5296 167 5353 boo
180 5296 248 5352 data
261 5302 314 5357 est,
327 5301 358 5351 ut
372 5296 448 5351 illam
461 5313 511 5367 pro
525 5299 679 5368 capacitate
702 5299 863 5354 auditorum
904 5298 1037 5359 dicentia,
1058 5314 1090 5351 eo
1104 5297 1177 5366 quod
1193 5295 1299 5367 aliquid
1318 5294 1347 5348 in
1362 5295 1488 5367 {uturum
1507 5298 1655 5366 tantumne
1666 5275 1763 5339 Odi
1873 5292 1901 5317 ²·

62 5386 266 5460 expmdorem3
282 5385 340 5441 sire
355 5387 442 5441 etiam
454 5393 485 5442 ut
491 5387 681 5445 ministerium
689 5391 863 5460 apostolatus
904 5387 1063 5455 ostendant,
1079 5387 1160 5457 quasi
1175 5386 1265 5471 digito
1274 5382 1460 5453 ostendendo.
1471 5381 1690 5467 Sigpqqutsm
1719 5366 1758 5429 ²3
1839 5376 1913 5469 ‚ff
