3818 6104
127 205 181 266 855
337 209 528 270 HAYMONIS
547 211 793 272 umuuusrau.
815 213 927 271 uulso.
948 212 1028 270 OPP.
1048 213 1141 270 PARS
1160 213 1183 268 1.
1203 239 1236 255 -
1257 209 1445 271 COMMDNT.
1466 207 1560 265 BIBL.
1707 207 1753 262 ctu

128 349 203 391 mus.
218 334 255 391 Et
268 335 345 392 utin
358 336 470 392 Christe
483 354 568 393 unum
582 354 733 410 personum
748 356 809 395 esse
829 339 927 394 creda·
936 346 960 400 Α
969 339 998 393 ἰη
1011 339 1105 393 divina
1121 337 1276 410 Scriptura,
1288 340 1317 391 et
1331 335 1437 407 de'ejus
1451 331 1621 397 sacerdotio,
1637 330 1677 384 itu
1688 329 1754 386 curi·

129 439 204 489 mus,
218 424 321 496 adjecit
336 439 343 474 τ
358 426 417 497 Ege
431 427 513 481 hodie
525 429 612 499 genui
624 435 668 495 te;
689 428 743 482 hoc
757 434 800 482 ast
814 428 926 482 dicere:
970 432 1030 482 stus
1052 428 1140 482 semel
1161 427 1344 498 semetipsum
1365 424 1468 479 obtulit
1492 419 1697 476 immolandum
1715 435 1755 491 pre

130 512 190 584 Ego
204 529 317 585 semper
325 515 532 571 etatemaliter
542 532 669 583 manens,
681 522 829 589 semperte
841 514 929 570 habeo
971 515 1060 571 uobis.
1077 516 1228 587 Sequitur:

130 601 233 657 Filium
244 609 413 659 coeternum
425 604 505 658 mihi.
517 605 606 659 Hodie
621 621 757 676 namque,
767 605 930 659 adverbium
1007 606 1061 673 Qui
1073 608 1103 658 in
1114 606 1208 658 diebus
1226 604 1320 656 carreis
1333 617 1390 655 saa
1404 616 1498 669 preces
1508 600 1759 668 supplicationesque

130 695 174 746 est
188 692 334 762 presentis
345 692 489 763 temporis,
502 693 576 763 quod
591 694 703 766 proprie
715 694 773 749 Deo
784 693 929 766 competit.
970 695 1008 748 nd
1020 710 1083 747 eum
1098 695 1147 761 qui
1156 694 1240 761 possit
1253 693 1338 745 illum
1347 691 1457 744 saluum
1465 690 1557 757 facere
1567 702 1587 742 a
1602 691 1698 748 marte,
1711 703 1760 744 cun

133 778 265 850 seqnitur
280 794 287 829 ²
972 784 1091 836 curuare
1099 783 1191 836 satida
1200 785 1225 835 et
1233 782 1366 848 iacrymis
1377 781 1502 845 afferens,
1517 775 1671 830 eaauditus
1679 778 1761 844 estpm

166 869 402 936 Quemadmodum
411 873 476 925 etia
485 873 542 925 atia
558 874 614 926 loca
623 873 707 926 dicit:
721 873 760 927 tu
769 888 796 926 es
809 871 933 926 sacerdos
973 887 1025 924 sua
1039 872 1202 925 reuerentia.
1215 869 1274 923 Hoc
1283 883 1339 922 uon
1354 867 1389 922 de
1401 863 1611 921 Melchisedech
1625 862 1694 917 dicit
1705 864 1762 934 npe-

131 960 164 1011 in
173 961 308 1012 sinnam
321 960 473 1014 secandum
485 961 611 1014 ordinem
621 961 824 1016 Melchisedech.
836 961 875 1015 Ex
887 976 933 1015 su·
973 959 1072 1023 stolus,
1083 958 1174 1013 cedde
1184 957 1306 1019 Christo,
1317 956 1411 1010 volens
1420 953 1526 1009 certius
1533 950 1694 1024 exprimere
1703 952 1762 1023 quot

130 1044 235 1117 perion'
249 1045 384 1101 versiculo
402 1047 457 1102 ista
472 1048 606 1118 pendent,
622 1048 671 1103 ubi
683 1049 753 1103 dicit
767 1047 930 1119 Apostolus,
972 1047 1096 1119 pontifex
1108 1052 1204 1102 noster
1214 1046 1318 1115 egisset
1332 1045 1363 1099 in
1376 1060 1428 1099 suo
1439 1059 1506 1097 vero
1521 1039 1691 1097 sacerdotio.
1703 1040 1762 1105 Quid

131 1134 198 1206 quia
208 1133 337 1190 Christus
349 1150 406 1190 non
421 1137 605 1208 semetipsum
620 1137 783 1192 clarificavit
793 1142 826 1192 ut
838 1136 933 1208 ponti·
973 1142 1016 1192 est
1030 1154 1036 1190 :
1054 1134 1089 1190 In
1103 1134 1202 1190 diebus
1216 1134 1309 1189 curuis
1322 1132 1399 1189 suae‘i
1413 1132 1473 1187 Hoc
1487 1135 1541 1196 cst,
1555 1129 1686 1202 quaudiu
1698 1128 1761 1184 habi·

131 1223 176 1278 iex
189 1223 280 1289 fleret,
297 1224 346 1279 sed
361 1223 437 1279 Deus
452 1224 536 1280 Pater
546 1225 595 1297 qui
611 1226 720 1280 locutus
735 1231 778 1280 est
793 1226 829 1291 ei,
845 1227 934 1280 Filius
973 1225 1044 1280 tavit
1056 1225 1085 1278 iu
1099 1240 1216 1296 corpore
1236 1223 1358 1288 mortali,
1378 1238 1484 1294 preces,
1501 1217 1761 1292 supplicationesque

132 1328 209 1367 meus
224 1329 251 1367 cs
266 1317 307 1379 tu,
324 1312 384 1384 ipse
393 1313 557 1369 clarificavit
567 1331 643 1380 eum,
655 1313 892 1385 quemadmodum
904 1318 935 1370 et
973 1331 1037 1369 cum
1059 1314 1181 1368 clamore
1205 1311 1297 1366 valido
1316 1316 1345 1364 et
1366 1310 1499 1381 lacrymis
1514 1309 1639 1362 offerens
1653 1306 1688 1360 ad
1702 1322 1760 1370 eun,

132 1399 163 1454 in
174 1400 230 1455 alio
244 1400 304 1455 loco
319 1401 389 1456 dicit
402 1401 462 1472 ipse
476 1402 512 1456 ad
527 1402 629 1458 Filium
645 1417 651 1450 :
671 1405 709 1457 Tu
723 1419 749 1457 es
763 1403 886 1457 sacculos
900 1405 933 1456 in
973 1403 1027 1457 hoc
1036 1402 1125 1456 estad
1135 1402 1224 1455 Deum
1234 1400 1358 1455 Patrem.
1369 1399 1436 1453 Dies
1445 1397 1540 1452 carnis
1550 1396 1667 1452 Domini
1678 1396 1758 1461 codri,

134 1493 279 1556 aurnum,
290 1494 342 1545 etc.
359 1488 600 1546 Considerandum
616 1496 710 1546 autem
724 1491 935 1547 Christumnon
974 1491 1034 1548 dies
1057 1496 1125 1545 sunt
1144 1488 1290 1560 inquibus
1308 1504 1422 1543 carnem
1442 1486 1611 1558 assumpsit,
1628 1486 1658 1540 in
1679 1483 1760 1556 quibu

134 1577 379 1632 essesacerdotem
390 1579 545 1634 secundum
555 1579 584 1634 id
593 1581 668 1651 quod
677 1580 791 1652 genitus
800 1586 866 1635 estu
875 1579 934 1634 Deo
975 1584 1101 1635 tentatus
1115 1584 1159 1634 est
1176 1584 1205 1633 et
1219 1594 1328 1650 passus,
1340 1581 1368 1631 et
1381 1577 1410 1631 in
1426 1575 1528 1648 quibus
1543 1575 1668 1630 mortale
1680 1589 1761 1646 carpus

133 1664 218 1722 Patre
229 1671 294 1722 ente
304 1667 400 1721 omnia
409 1669 520 1734 secula,
529 1674 686 1724 coeternus
694 1668 821 1740 gignenti
833 1673 862 1724 et
871 1650 1153 1724 con-Biuhubitavit.
1176 1666 1279 1721 Omnia
1293 1671 1388 1720 eutem
1404 1681 1464 1737 quae
1479 1664 1541 1736 ipse
1556 1664 1617 1735 egit
1635 1663 1666 1718 iu
1685 1679 1760 1730 mma,

135 1751 328 1809 substantialis
342 1771 425 1809 verus
439 1755 514 1811 Deus
527 1774 644 1813 manens
660 1759 735 1830 apud
750 1759 873 1820 Patrem,
885 1756 935 1811 sed
975 1774 1083 1831 preces,
1098 1755 1372 1828 supplicationesque
1386 1754 1501 1809 merant
1517 1770 1571 1824 pro
1590 1752 1711 1825 peccatis
1721 1752 1761 1808 hu·

135 1842 290 1898 secuudum
305 1842 358 1898 hoc
372 1845 448 1915 quod
462 1851 545 1901 natus
559 1852 603 1901 eet
616 1863 650 1901 ex
663 1853 745 1902 utero
760 1844 890 1917 virginali
906 1844 935 1898 iu
976 1847 1052 1901 meni
1066 1845 1189 1917 generis.
1206 1845 1292 1899 Sacra
1302 1860 1366 1899 vero
1376 1843 1524 1914 sanguinis
1536 1843 1601 1914 ejus
1613 1841 1761 1897 effusiccls·

134 1930 192 1986 tine
207 1936 367 2003 temporum
381 1931 465 1988 homo
483 1934 584 2000 tactus,
599 1951 706 1991 necnon
721 1940 836 2007 propter
855 1932 937 1987 victi·
977 1952 1040 1992 mor
1051 1935 1105 1990 tuit
1121 1933 1241 2000 validus,
1254 1933 1283 1987 in
1298 1949 1354 2004 quc
1370 1933 1519 1988 exauditus
1533 1938 1609 1988 esta
1624 1933 1683 1987 Deo
1696 1932 1761 1986 Pate

135 2036 212 2075 mam
226 2036 312 2093 quam
326 2038 377 2094 pro
391 2020 580 2080 nobisobtulit
590 2040 608 2079 a
617 2023 697 2080 uobis
708 2034 863 2095 acceptam,
874 2037 937 2076 car-
977 2041 1029 2097 pro
1040 2040 1092 2078 sua
1102 2021 1269 2088 reverentia,
1280 2023 1332 2076 hac
1343 2026 1385 2076 est
1399 2021 1561 2076 voluntaria
1571 2019 1762 2084 obedientiae

135 2125 201 2172 uem
210 2109 339 2165 videlicet
348 2127 382 2165 ac
390 2111 558 2182 sanguinem
568 2129 662 2168 suum.
674 2112 730 2168 Sed
742 2127 830 2183 quare
841 2125 938 2165 secun·
978 2112 1182 2184 perfectissima
1192 2109 1340 2164 charitate.
1352 2110 1452 2165 Nonne
1464 2125 1530 2164 cum
1542 2109 1678 2181 lacrynus
1686 2123 1762 2180 preces

134 2196 205 2252 dum
215 2197 342 2254 ordinem
352 2198 565 2263 Melchisedech,
582 2205 676 2256 etnon
689 2200 844 2256 secundum
859 2197 935 2253 ordi·
977 2198 1239 2264 fundebatdicens:
1251 2200 1349 2253 tristis
1356 2201 1500 2253 estanima
1506 2213 1569 2252 enea
1576 2199 1763 2267 usqueadmcr·

136 2301 203 2340 nem
210 2286 436 2357 Aaron,dicatur
445 2289 564 2344 existere
574 2290 714 2357 sacerdos,
722 2289 838 2344 diversa
847 2303 937 2342 causae
980 2295 1033 2343 tem
1046 2289 1154 2357 (ltatttr.
1163 2300 1226 2340 xxvi
1236 2305 1243 2355 ;
1253 2289 1338 2342 Marc.
1348 2289 1414 2356 xrv);
1424 2291 1468 2342 et:
1478 2290 1571 2349 Pater,
1583 2290 1609 2340 si
1615 2289 1762 2354 mummi.

31 2414 38 2419 -
138 2374 272 2429 existunt.
287 2375 322 2430 Et
344 2376 435 2447 prima
450 2377 564 2449 quidem
585 2384 638 2445 est,
654 2379 721 2448 quia
733 2375 938 2432 Melchisedech
980 2379 1222 2446 transferentium
1230 2377 1514 2442 istumameifflarc.
1525 2390 1590 2442 xiv,
1600 2372 1766 2440 Lucxnttit

136 2463 291 2520 secuudum
301 2464 403 2536 legalia
413 2467 546 2521 mandata
555 2483 611 2522 nou
620 2467 674 2522 tuit
683 2466 823 2531 sacerdos,
835 2464 884 2519 scd
893 2479 939 2518 se·-
980 2463 1765 2538 quiavoluntarieobediensiuitDeoPatriusqueadmcr·

138 2552 261 2608 cundum
274 2554 421 2625 cujusdam
435 2555 588 2626 singularis
597 2555 746 2610 sacerdotii
756 2553 937 2626 dignitatem,
979 2560 1048 2628 tque,
1056 2553 1198 2609 exaudivit
1209 2553 1289 2607 illum
1300 2552 1466 2608 DeusPater
1475 2553 1520 2607 die
1529 2553 1617 2607 tertia
1626 2548 1767 2608 eumsusci·

138 2657 241 2713 panem
250 2642 369 2698 offerens
379 2644 438 2699 Deo
450 2651 479 2699 et
490 2644 596 2711 vinum,
609 2649 638 2699 et
651 2661 708 2699 non
721 2644 868 2698 brutorum
879 2641 940 2695 ani·
979 2632 1075 2719 tipdo,
1081 2644 1163 2714 juxta
1169 2643 1244 2713 quod
1252 2639 1398 2696 Psalmista
1404 2641 1472 2696 dicit
1482 2659 1488 2694 :
1497 2642 1562 2696 Nan
1572 2643 1766 2696 dabissanctun

139 2731 256 2786 melium
268 2732 444 2803 sanguinem.
455 2733 488 2787 In
497 2734 578 2804 cujus
588 2733 686 2788 ordine
696 2731 846 2788 sacerdotii
858 2728 939 2785 Chri·
982 2720 1062 2788 iuben
1077 2733 1168 2786 uidere
1183 2733 1388 2798 corruptionem
1401 2731 1487 2796 (Psat.
1498 2735 1553 2799 xv).
1566 2730 1678 2785 Dicitur
1689 2733 1767 2782 auten

140 2824 202 2877 atus
213 2820 304 2875 iactus
318 2827 361 2875 est
374 2821 514 2888 sacerdos,
530 2838 588 2877 non
604 2822 777 2894 temporalis.
794 2819 843 2874 sed
858 2824 941 2874 aeter·
981 2821 1089 2877 fudisse
1098 2835 1194 2890 preces
1205 2818 1481 2891 supplicationesque
1493 2834 1551 2873 non
1562 2817 1665 2873 timore
1675 2817 1766 2882 mostis,

139 2925 195 2967 uus
206 2927 213 2964 ε
225 2925 278 2965 nec
286 2909 406 2966 aderens
422 2910 550 2966 victimas
564 2909 739 2982 legales,sed
751 2910 842 2964 instar
853 2907 938 2969 illius.
983 2926 1067 2981 quum
1089 2914 1191 2981 sponte
1211 2906 1389 2980 suscipiebat,
1404 2906 1453 2961 scd
1469 2907 1565 2978 potius
1579 2923 1667 2961 causa
1683 2909 1768 2961 nucha

140 3014 244 3071 panem
263 3003 292 3053 et
311 2998 416 3066 vinum,
430 3016 544 3055 carnem
569 3000 700 3055 videlicet
721 3015 754 3054 ac
776 2993 1769 3069 sunguinemflsalutis,roluntatempaternaedispensatiouispraeposuit

141 3102 237 3154 suum,
251 3086 286 3141 de
298 3085 399 3159 quibus
412 3087 472 3159 ipse
482 3089 552 3143 dixit
564 3105 570 3142 :
582 3089 652 3143 (lara
663 3105 724 3143 mea
734 3094 794 3142 uere
803 3092 840 3140 est
853 3086 938 3149 cidus,
982 3087 1120 3142 voluntati
1135 3086 1228 3140 carnis
1243 3102 1310 3151 suas,
1323 3089 1354 3140 ut
1367 3100 1463 3139 veram
1474 3084 1638 3139 ostenderet
1653 3084 1680 3138 in
1694 3083 1769 3154 seipso

142 3179 168 3230 et
178 3177 293 3241 sanquis
304 3190 381 3228 meus
390 3190 450 3229 uere
460 3181 497 3229 est
506 3181 587 3243 potus
598 3178 691 3245 (toan.
701 3179 750 3244 vv).
763 3176 821 3230 Ista
830 3188 942 3244 quoque
982 3181 1114 3231 naturam
1124 3173 1309 3228 humanitatis
1316 3171 1600 3229 nostrae.Notandum
1609 3179 1709 3236 autem,
1716 3171 1769 3243 qais

142 3261 200 3316 duo
217 3275 346 3327 munera,
367 3277 469 3332 panem
489 3262 618 3317 videlicet
631 3270 660 3317 et
679 3263 785 3330 vinum,
800 3263 943 3318 commisit
983 3263 1302 3320 reverentiasccundum
1313 3261 1512 3317 cassiodorum
1525 3263 1633 3334 duplici
1647 3261 1767 3316 modcsc·

143 3347 376 3405 Ecclesiaesuaein
387 3350 768 3419 memoriamsuiolierenda;
782 3351 857 3405 unde
867 3354 944 3422 patet
984 3352 1103 3425 cipitur:
1117 3351 1267 3422 aliquando
1277 3366 1442 3422 praemere.
1453 3351 1609 3422 aliquando
1618 3351 1765 3422 precinere

143 3435 456 3507 sacrificiumpecudum
470 3437 668 3510 perisse,quod
677 3439 843 3494 luitardinis
850 3441 944 3494 Aaron
983 3443 1108 3498 hisvero
1123 3439 1180 3511 pro'
1193 3455 1306 3494 summa
1325 3439 1442 3511 ponitur
1457 3440 1609 3506 charitate,
1625 3456 1679 3511 qua
1695 3439 1766 3496 iilius

144 3525 943 3599 etilludmanerepotius,quodfuitordinisMelchisedech:
986 3530 1039 3585 Dei
1053 3546 1104 3584 nos
1118 3528 1225 3592 dilexit,
1245 3534 1273 3583 et
1291 3545 1342 3600 pro
1357 3544 1469 3583 summa
1482 3528 1654 3597 obedientia,
1667 3528 1711 3601 qui
1725 3525 1766 3580 init

145 3615 213 3688 quie
226 3620 256 3671 et
266 3614 395 3671 Christus
407 3615 477 3671 illud
490 3615 689 3682 corroboravit,
702 3620 731 3671 et
744 3617 873 3673 Ecclesia
888 3634 945 3672 suae
986 3617 1120 3673 obediens
1132 3616 1210 3670 Petri
1224 3614 1358 3686 usquead
1374 3621 1505 3683 mortem.

144 3703 298 3759 tenendum
313 3703 438 3776 reliquit.
453 3705 583 3760 Securma
596 3711 690 3760 autem
713 3721 798 3760 causa
812 3711 864 3773 cst,
880 3705 946 3778 quia
1022 3707 1055 3760 tit
1067 3707 1178 3775 quidem
1192 3720 1256 3758 cum
1270 3708 1336 3757 esset
1350 3705 1437 3757 Filius
1447 3704 1506 3769 Dei,
1518 3704 1618 3759 didicit
1628 3720 1660 3759 ec
1669 3704 1708 3757 tu's
1719 3715 1765 3771 que

145 3791 348 3848 Melchisedech
356 3809 405 3848 rex
415 3800 444 3848 et
453 3794 583 3849 sacerdos
592 3794 879 3867 tuit,unctusqueluit
888 3811 945 3850 non
984 3811 1082 3865 passus
1099 3799 1137 3848 est
1151 3794 1344 3857 obedientiam,
1359 3797 1384 3845 et
1405 3798 1630 3860 censusumatus,
1646 3793 1726 3860 sactus
1736 3794 1764 3844 cst

146 3880 208 3936 oleo
219 3879 321 3935 visibili
335 3881 409 3936 sicut
419 3881 578 3937 secerdotes
594 3883 675 3953 legis,
686 3883 737 3938 sed
751 3883 812 3938 oleo
823 3883 946 3954 Spiritus
987 3883 1115 3937 omnibus
1128 3881 1378 3950 obtemperantibus
1392 3880 1446 3933 sibi
1459 3895 1545 3934 cama
1558 3881 1658 3934 salutis
1669 3884 1762 3940 derne,

146 3970 248 4026 macti.
263 3971 298 4024 Et
312 3969 441 4026 Christus
456 3971 508 4025 hac
518 3972 632 4042 gemina
643 3971 781 4042 dignitate
795 3971 946 4042 insignitus
986 3970 1221 4039 appellatusadeo
1229 3964 1760 4037 pentisecjuctaordiuemMelchisedecb

146 4065 252 4114 manet.
261 4059 335 4114 Nam
344 4059 420 4131 quod
430 4059 536 4131 regiam
547 4060 714 4131 dignitatem
724 4059 875 4131 possideat,
886 4060 946 4130 ipse
988 4060 1058 4114 Cum
1070 4063 1153 4123 esset,
1167 4057 1268 4129 inquit,
1279 4056 1366 4111 Filius
1375 4055 1426 4110 Dei
1440 4055 1471 4110 in
1481 4057 1612 4122 veritate,
1619 4055 1709 4111 dididt
1715 4052 1761 4108 obe

147 4147 310 4204 manifestat
317 4147 384 4202 dum
394 4148 475 4201 dicit:
487 4149 643 4216 chautem
652 4152 816 4203 constitutus
826 4165 889 4203 sura
898 4164 948 4204 rea
987 4147 1123 4203 dientiam
1134 4163 1167 4201 ex
1181 4147 1225 4200 his
1239 4144 1396 4216 opprobriis
1410 4149 1440 4199 et
1451 4145 1603 4200 tormentis
1615 4161 1674 4216 que
1684 4154 1759 4215 pam·

147 4237 182 4289 ab
191 4251 221 4290 eo
231 4237 288 4306 (Ps.
298 4233 341 4304 11).
352 4235 381 4288 id
394 4240 461 4289 esta
470 4235 527 4289 Deo
538 4236 631 4290 Patre.
644 4236 678 4290 Et
689 4243 753 4306 post
762 4236 946 4291 resurrectio·
964 4256 968 4266 ·
988 4243 1041 4302 est,
1058 4237 1129 4290 hunc
1143 4234 1328 4290 voluntariam
1342 4234 1403 4305 jam
1422 4232 1551 4288 exhibuit
1564 4234 1643 4290 Patri
1655 4231 1758 4287 obedien·

148 4337 213 4376 nem
227 4336 309 4376 suam
326 4321 398 4376 dixit
415 4341 421 4375 :
441 4323 513 4377 Data
527 4327 565 4376 est
583 4324 655 4377 ruini
673 4329 763 4378 annuis
779 4330 896 4393 potestas
915 4328 946 4379 iu
987 4325 1067 4384 tium,
1077 4329 1208 4396 expertus
1222 4323 1271 4377 illa
1283 4339 1316 4378 ex
1330 4329 1410 4393 parte
1424 4321 1622 4378 humanitatis.
1634 4316 1757 4377 Hanccbe

148 4411 211 4463 calo
226 4413 251 4463 et
269 4411 302 4463 in
317 4413 393 4462 terra
409 4410 515 4475 (Matth.
537 4414 643 4479 xxuu).
668 4412 818 4467 Psalmista
835 4429 947 4483 quoque
987 4413 1125 4469 dientiam
1138 4429 1224 4483 quam
1237 4411 1282 4465 hic
1293 4411 1423 4466 didicisse
1437 4411 1505 4466 dicit
1519 4412 1669 4483 Apostolus
1680 4408 1755 4464 Filium
1806 4476 1808 4481 Ι

147 4495 217 4551 dicit
226 4497 263 4552 ad
272 4497 362 4552 Deum
372 4497 830 4568 Petreszeus,judiciunstuuvn
841 4505 901 4570 reqi
910 4502 946 4556 da
988 4503 1049 4569 Dei,
1064 4503 1117 4557 hcc
1131 4506 1174 4556 est
1187 4500 1344 4556 voluntarie
1359 4499 1525 4570 suscepisse,
1547 4500 1604 4555 alia
1617 4501 1674 4554 loco
1686 4503 1754 4552 osten·
1806 4552 1808 4559 ,

148 4586 230 4657 (Psal.
243 4585 327 4656 uxta).
335 4586 417 4651 Quod
427 4601 492 4641 vero
506 4586 759 4654 sacerdosexistat,
776 4590 844 4643 satis
857 4593 944 4660 patet,
986 4592 1038 4657 dit,
1052 4590 1101 4646 uhi
1113 4591 1201 4646 dicit:
1220 4591 1290 4646 Cum
1304 4592 1336 4643 in
1350 4590 1443 4657 [arena
1458 4591 1508 4643 Dei
1521 4595 1599 4655 esset,
1612 4589 1754 4655 semetipsas

147 4676 279 4748 quoniam
294 4675 419 4748 seipsum
432 4674 535 4731 obtulit
547 4676 576 4731 in
590 4693 641 4731 ara
655 4676 745 4731 crucis
756 4693 806 4748 pro
817 4677 906 4741 nohis,
918 4682 947 4733 et
986 4683 1152 4745 cainaniuit,
1159 4674 1752 4748 sarmamseruiaccipiens,saetasqueaicdtstt

145 4780 220 4821 nunc
234 4766 398 4839 interpellet
412 4765 501 4820 Deum
522 4766 634 4820 Patrem
656 4782 707 4837 pro
721 4772 819 4821 nostra
836 4767 941 4834 salute.
987 4767 1065 4823 Patri
1083 4768 1218 4836 usquead
1233 4770 1349 4820 martem
1366 4766 1447 4835 (Pbit.
1465 4764 1509 4834 11).
1530 4764 1564 4820 Iu
1579 4782 1613 4822 eo
1628 4780 1687 4819 vero
1702 4753 1752 4833 qul

145 4852 226 4918 Quod
235 4855 321 4911 etiam
332 4861 434 4911 unctus
450 4854 556 4910 sitnon
569 4855 631 4911 cleo
642 4854 754 4921 risibili,
764 4856 812 4910 sed
825 4856 946 4928 plenitu·
987 4857 1027 4912 ait
1040 4876 1046 4910 :
1060 4857 1095 4911 Et
1105 4859 1326 4919 consummatus,
1337 4854 1366 4910 id
1376 4859 1420 4909 est
1430 4854 1572 4925 perfectus
1581 4854 1612 4909 in
1618 4845 1750 4909 sacerdotia

144 4939 210 4994 diue
223 4942 345 5015 Spiritus
359 4943 459 5008 sancti,
475 4944 625 4999 Psalmista
638 4943 719 4999 nobis
732 4944 836 5012 innuit,
849 4945 945 4999 dicens
986 4945 1117 5017 omnique
1132 4942 1293 4999 obedientia
1312 4943 1402 4998 sactus
1428 4949 1472 4998 est
1491 4943 1624 4998 omnibus
1644 4941 1751 5006 obunu

145 5027 281 5099 adipsum
293 5050 299 5086 :
312 5031 336 5086 Ο
347 5031 431 5097 Deus,
443 5036 527 5087 uuait
537 5039 561 5088 te
570 5035 652 5100 neas,
664 5035 734 5088 Deus
745 5039 820 5102 tuus,
832 5037 887 5089 cicc
898 5038 944 5089 la·
985 5034 1113 5089 rantibus
1127 5032 1181 5087 sibi
1198 5048 1284 5087 causa
1307 5031 1407 5086 salutis
1422 5039 1545 5099 reternae,
1561 5031 1679 5088 ostendit
1690 5035 1750 5098 quat·

145 5117 213 5170 titia
229 5134 285 5186 pre
303 5123 473 5174 consortibus
492 5124 735 5191 tuisqt’sat.xu1v),
752 5123 803 5178 hcc
818 5128 870 5190 est,
888 5123 944 5195 ple·
985 5128 1046 5178 tum
1060 5124 1171 5178 lucrum
1185 5120 1222 5175 sit
1246 5121 1308 5190 ejus
1331 5120 1434 5191 passio,
1455 5121 1518 5191 ejus
1539 5118 1698 5181 obedientia,
1710 5118 1750 5182 (1¹¹⁸

1804 4654 1808 4687 l

144 5203 273 5260 uitudine
287 5204 407 5276 Spiritus
432 5209 532 5264 sancti.
548 5211 644 5266 Tertia
658 5228 769 5284 quoque
790 5217 942 5277 causaest,
984 5211 1114 5266 comibus
1128 5206 1308 5263 credentibus
1325 5208 1431 5263 sufficit
1453 5209 1489 5263 ad
1504 5210 1627 5265 salutem
1639 5209 1749 5262 aumev-
1805 5236 1808 5255 ι

143 5308 232 5366 quare
245 5293 400 5349 secundum
412 5295 541 5351 ordinem
556 5300 767 5370 Melchisedech,
784 5307 812 5357 et
826 5318 882 5357 non
898 5319 943 5356 se·
985 5300 1119 5372 Sequitur
1134 5317 1140 5352 :

142 5383 266 5439 cundum
280 5383 408 5439 ordinem
419 5386 514 5439 Aaron
527 5385 656 5443 Christus
670 5391 781 5446 dicatur
798 5391 937 5456 sacerdos,
1015 5391 1052 5444 De
1062 5404 1126 5458 quc,
1137 5387 1165 5442 id
1174 5392 1278 5442 estnon
1288 5387 1324 5441 de
1330 5385 1546 5451 Melchisedech,
1558 5386 1608 5441 sed
1617 5386 1651 5442 de
1659 5376 1748 5438 curium

140 5471 269 5529 videlicet
282 5471 351 5545 quit
371 5472 445 5532 sicut
458 5471 494 5528 (10
513 5472 715 5542 Melchisedech
733 5481 820 5536 semel
834 5480 939 5555 legitur
979 5478 1309 5548 qrondisnobissermoet
1322 5469 1748 5546 ininterpretabilisudds'cendttb
