3818 6104
137 250 190 314 808
365 250 557 311 numeros
571 248 816 310 HALDERSTAT.
833 250 947 312 EPISO.
961 252 1042 314 ΟΡΡ.
1059 249 1152 312 PARS
1165 250 1190 322 i,
1207 284 1240 297 -
1257 249 1552 311 commentust.
1718 245 1769 312 tbi

134 379 276 435 Christum
287 396 344 435 non
358 381 544 435 resurrexisse
559 394 576 432 a
590 378 822 448 mortalemque
836 383 935 433 natum
944 381 968 440 A
978 379 1060 434 hrum
1075 386 1202 450 occupat.
1218 384 1247 433 et
1261 379 1426 451 plerumque
1435 383 1529 433 totum
1542 392 1645 448 eorpus
1658 377 1772 433 mortiti-

134 469 169 522 de
183 468 300 539 virgine.
312 470 342 523 si
357 469 431 522 enim
446 470 481 522 de
496 468 604 537 n'rgine
614 471 698 519 natus
707 482 763 519 non
776 471 828 528 est,
838 467 936 536 utique
977 474 1031 532 cat,
1051 469 1118 539 quia
1133 467 1222 537 magis
1233 484 1266 521 ac
1280 467 1371 536 magis
1386 467 1482 522 servit.
1494 466 1522 519 id
1541 472 1585 521 est
1600 466 1707 532 crescit,
1718 482 1789 522 aar&

133 557 378 619 needesemine,id
387 557 470 610 estde
481 555 613 627 progenie
623 553 935 612 uavtddescenditsed
976 572 1097 625 nemque
1121 555 1253 621 comedit,
1276 555 1316 609 ita
1343 571 1436 608 sermo
1469 554 1667 607 haereticorum
1692 554 1788 621 vitm

133 647 251 701 veritate
276 646 438 699 roboratum
457 645 537 697 illurn
554 642 710 697 desemine
729 643 856 696 mulieris
875 658 937 698 esse
976 643 1077 697 animm
1089 643 1221 707 eorrredit,
1236 643 1265 697 id
1286 648 1329 697 est
1352 642 1436 695 tidem
1450 641 1573 695 comedit
1586 647 1617 695 et
1630 642 1783 707 mortitleat

134 740 234 788 natum
249 735 310 787 sine
324 734 431 787 semine
445 733 506 795 riri,
524 739 660 787 ettamen
675 732 753 801 virgo
768 732 932 801 permansit.
977 732 1066 800 ipsam
1081 732 1204 785 animam
1219 747 1270 785 suo
1284 746 1380 784 errore
1398 745 1404 781 :
1420 735 1450 783 et
1471 730 1545 783 siout
1564 745 1665 785 canem
1679 730 1772 806 serpit,

170 826 203 877 In
223 840 278 889 orio
294 821 442 891 Evangelio
463 823 555 874 laboro
576 821 707 888 resurrecti
722 823 835 872 eirtculu
855 823 935 887 qrcasi
976 818 1005 873 id
1027 826 1071 873 est
1084 820 1184 873 crescit
1198 820 1232 872 de
1258 818 1384 873 membro
1399 818 1427 873 in
1451 817 1623 879 membrum,
1639 817 1680 871 ite
1700 834 1771 881 erro,

133 914 205 965 ritule
219 924 344 978 operans,
365 910 393 963 id
410 916 453 963 est
466 910 546 980 quasi
559 909 631 962 latro
645 915 695 961 aut
708 908 867 973 homicida;
890 910 935 961 sect
976 908 1077 962 crescit
1090 910 1125 962 de
1140 925 1196 962 uno
1213 908 1387 963 transeundo
1402 907 1431 961 in
1454 906 1603 976 plurimos.
1619 907 1660 961 Ec
1680 910 1762 977 gaila

133 1001 246 1054 verbum
265 1000 314 1052 Dei
326 1015 382 1052 non
400 1004 439 1051 est
453 1001 613 1064 alligatum,
630 997 658 1051 id
672 1002 717 1050 est
737 996 801 1049 licet
816 1012 868 1065 ego
881 996 934 1050 sim
977 996 1117 1051 haereticis
1131 997 1291 1066 vaniloquia
1304 997 1362 1049 sive
1374 995 1550 1065 inaniloquia
1563 994 1760 1057 habentibusat

134 1088 268 1156 alligatus
279 1101 405 1157 corpore,
422 1093 516 1139 tamen
528 1085 641 1139 verbum
656 1085 707 1139 Dei
722 1101 778 1138 non
794 1092 836 1138 est
846 1085 935 1154 illiga·
976 1087 1140 1154 llpmenmis
1158 1092 1183 1139 et
1209 1088 1341 1147 Philetus,
1360 1084 1407 1154 qui
1425 1101 1442 1137 a
1464 1084 1583 1139 veritate
1598 1083 1663 1137 fidei
1676 1088 1757 1141 eccm

133 1181 214 1244 tum;
230 1175 297 1245 quia
310 1192 423 1246 semper
434 1175 554 1245 prmdico
569 1176 676 1244 positus
691 1173 721 1226 in
733 1174 862 1226 vinculis.
977 1181 1056 1235 rurtt,
1073 1174 1130 1227 sire
1151 1174 1321 1229 ceciderunt.
1337 1176 1455 1227 <licentes
1471 1175 1700 1227 resurrectionem
1710 1176 1754 1237 jort

169 1264 384 1333 idee‚subaudis
396 1263 460 1333 quia
472 1262 586 1315 verbnm
597 1261 709 1315 Deinon
720 1265 763 1314 est
777 1262 933 1331 alligatum,
976 1264 1089 1329 literato.
1103 1263 1170 1317 Dure
1182 1262 1403 1316 resurrectiones
1417 1277 1435 1313 a
1447 1261 1569 1315 Dantino
1580 1268 1647 1315 sunt
1661 1262 1752 1331 prolate

134 1355 229 1407 omnia
251 1352 430 1406 incommoda
453 1355 573 1404 sustineo
590 1355 702 1418 propter
720 1352 823 1418 electos,
845 1350 872 1402 id
893 1356 936 1403 est
976 1356 1005 1403 et
1017 1367 1034 1403 a
1047 1349 1126 1404 nobis
1140 1351 1268 1405 credite:
1286 1349 1376 1419 prima
1392 1356 1436 1403 est
1446 1366 1508 1418 quae
1519 1350 1549 1402 stt
1560 1350 1589 1402 in
1602 1349 1752 1407 arrimaetin

135 1439 935 1512 propterillosquielectictprmdestinatisuntutsalntem
976 1439 1040 1504 side,
1056 1439 1169 1507 quando
1184 1440 1267 1492 bomo
1282 1439 1330 1506 qui
1346 1447 1474 1491 mortuus
1497 1444 1540 1491 est
1554 1439 1585 1491 in
1603 1437 1751 1504 infidelitate,

135 1534 353 1600 consequantur.
976 1528 1006 1580 in
1021 1527 1220 1591 inobedientia,
1237 1526 1266 1579 in
1280 1526 1427 1595 injustitia.
1439 1526 1629 1595 omnibusque
1640 1516 1747 1596 peccetis,

171 1618 244 1671 Nam
257 1621 282 1670 si
291 1620 457 1670 commortui
470 1632 576 1676 suarius,
588 1621 614 1668 et
624 1619 806 1678 concinentes,
819 1615 847 1668 id
858 1621 901 1669 est
911 1617 934 1668 si
976 1615 1052 1667 venit
1060 1615 1095 1667 od
1106 1615 1286 1683 baptismum,
1294 1620 1323 1666 et
1333 1630 1383 1683 per
1393 1614 1475 1667 sidem
1487 1630 1544 1683 qua
1554 1613 1676 1667 creditin
1684 1614 1750 1670 Deua

135 1705 402 1775 morimurpeccatis
414 1705 441 1758 in
453 1703 630 1774 baptismate.
639 1704 711 1757 sicut
719 1703 847 1757 Christus
856 1691 965 1758 mor-B
976 1703 1211 1771 omnipotentem.
1228 1709 1256 1755 et
1270 1703 1450 1771 pergratiam
1464 1702 1643 1772 baptismatis
1655 1704 1749 1773 resurgit

134 1798 201 1847 tuus
216 1798 260 1846 est
271 1808 355 1846 carne
370 1792 430 1847 sine
454 1796 578 1861 peccato,
605 1791 728 1844 vitemus
750 1792 848 1860 ntique
871 1808 935 1845 cum
976 1792 1012 1844 ad
1028 1792 1110 1844 sidem
1121 1799 1150 1844 ct
1163 1790 1361 1845 obedientiam.
1377 1793 1413 1844 lle
1425 1807 1481 1860 qua
1492 1791 1749 1846 resurrectiooedicit

134 1881 252 1936 illevita
266 1888 380 1942 eterna,
409 1880 432 1933 si
448 1879 571 1933 inbonis
590 1879 722 1949 operibus
747 1881 935 1949 permanseri·
977 1880 1128 1932 Dominus:
1145 1881 1473 1937 l'cnitlrora‹rtnrioccst
1489 1882 1748 1947 qriartdoumrtuiaa·

135 1986 209 2035 mus,
225 1974 255 2024 et
268 1970 478 2040 supervivemus
493 1968 521 2021 in
536 1984 596 2038 spe.
978 1970 1052 2021 dieat
1067 1984 1156 2023 eorem
1177 1969 1243 2020 Filii
1265 1969 1332 2027 Dci‚·
1353 1971 1440 2034 etqui
1454 1969 1610 2032 audierint,
1627 1968 1655 2022 id
1670 1969 1749 2038 estqui

169 2055 936 2123 Sisustinebimus,subaudistribulationesctpassiones
978 2056 1145 2119 obedierint,
1159 2059 1249 2108 rireot
1273 2057 1365 2123 (loeo.
1394 2060 1432 2119 vi.
1451 2056 1548 2109 Altera
1573 2063 1616 2110 est
1635 2057 1749 2126 genesi·

135 2161 186 2215 pro
201 2145 313 2200 Christo
327 2145 357 2198 in
372 2145 424 2198 boc
446 2144 556 2205 saeculo,
578 2144 650 2196 sient
664 2144 723 2213 ipse
737 2145 873 2198 sustinuit
886 2158 936 2214 pro
977 2143 1268 2214 corporumqniderit
1282 2145 1367 2197 indie
1378 2144 1490 2213 judicii,
1507 2145 1542 2199 de
1559 2161 1615 2214 qua
1633 2146 1708 2200 etiam
1721 2145 1750 2201 et

135 2231 226 2300 nobis,
236 2238 262 2286 ct
275 2234 505 2300 cortrcpnaln'mus
518 2247 582 2284 cum
592 2235 641 2283 illo
655 2232 683 2285 in
699 2239 804 2286 eterna
820 2233 937 2287 lreatitu·
977 2231 1121 2285 Dominus:
1131 2234 1202 2284 Venit
1212 2233 1279 2285 liora
1289 2234 1382 2298 inipso
1392 2236 1544 2299 urnncsqut
1551 2236 1583 2286 iu
1593 2236 1750 2287 ›noanneali

136 2320 221 2384 dine;
237 2322 262 2373 si
275 2321 475 2387 credererirnus,
493 2318 626 2371 subaudis
642 2318 721 2371 illum
733 2335 826 2372 coram
844 2320 936 2373 immi·
978 2325 1043 2373 sunt
1056 2323 1169 2373 audient
1186 2335 1272 2373 rocem
1290 2321 1355 2373 l'itii
1375 2322 1434 2384 Dei,
1457 2328 1487 2373 et
1499 2322 1652 2391 procedent
1666 2320 1749 2388 tilidl

136 2407 230 2474 nibus,
244 2413 269 2462 et
282 2410 329 2461 ille
339 2409 447 2475 impedit
464 2423 521 2471 rios,
536 2407 606 2459 sicut
621 2406 681 2477 ipse
692 2407 777 2460 dixit:
792 2410 845 2474 (nii
858 2424 938 2473 nepo·
978 2408 1074 2462 Deillu
1084 2410 1289 2463 resurrectione
1304 2425 1366 2479 qum
1379 2413 1411 2463 tit
1425 2411 1454 2463 in
1473 2411 1569 2465 anima
1584 2418 1613 2465 et
1621 2411 1649 2465 in
1664 2411 1749 2465 tidalo·

135 2500 207 2553 verit
221 2513 263 2550 roc
276 2512 371 2550 coram
384 2497 551 2560 territantes,
564 2498 664 2562 negabo
680 2512 743 2548 cirin
753 2512 846 2549 mrum
857 2500 937 2550 Patre
978 2496 1075 2565 quitur
1089 2497 1134 2551 trie
1151 2499 1302 2567 Apostolus
1317 2514 1402 2568 qnam
1420 2500 1590 2569 llymenaeus
1609 2505 1637 2554 et
1651 2500 1750 2554 Philetus

136 2586 314 2654 rneotltattlr.
329 2584 367 2651 x).
977 2584 1108 2639 dicebant
1119 2587 1178 2655 jam
1189 2603 1259 2640 esse.
1270 2587 1303 2640 Et
1313 2586 1440 2655 nunquid
1456 2603 1553 2640 verum
1569 2603 1626 2641 nou
1635 2586 1750 2641 dietat

172 2672 204 2726 Si
214 2688 270 2726 nen
285 2658 423 2726 creditum
437 2671 526 2737 illum,
543 2671 677 2725 subaudis
692 2672 793 2725 Filium
815 2675 861 2728 Dei
875 2690 936 2729 esse
980 2672 1080 2726 Verum
1089 2674 1197 2742 utique,
1207 2690 1298 2743 neque
1307 2681 1421 2744 propter
1433 2672 1750 2744 hacrepreheoduntmsb

137 2766 167 2817 et
176 2777 272 2816 verum
287 2759 387 2824 Deum,
405 2763 452 2814 alle
462 2763 551 2828 tirtelis
565 2766 669 2817 raanct.
678 2761 707 2813 id
721 2768 763 2814 est
773 2765 936 2818 vernsDeus
976 2762 1120 2831 Apostolo;
1132 2762 1181 2817 sed
1196 2768 1345 2832 propterea
1354 2762 1422 2832 quia
1434 2763 1519 2816 istam
1529 2763 1750 2818 solummodocm·

135 2850 405 2906 manetsieutDeus
415 2849 593 2919 omnipotens
604 2865 660 2902 non
669 2855 732 2918 eget
741 2852 933 2913 nostralaude,
977 2849 1139 2911 litabantur,
1149 2852 1268 2905 alteram
1280 2868 1341 2921 quae
1356 2852 1410 2905 erit
1422 2851 1451 2905 in
1463 2868 1581 2922 corpore
1595 2853 1747 2922 denegante

135 2939 175 2994 sic
185 2939 272 2993 etiam
287 2939 310 2992 si
329 2939 505 2991 adhaeremus
526 2939 565 2991 illi
582 2954 636 2991 non
658 2940 767 2993 crescit.
783 2955 874 3009 neque
889 2957 936 2994 re-
977 2938 1081 2992 Omnes
1088 2939 1162 2992 enim
1175 2944 1324 3008 sectaequae
1333 2955 1415 2994 suutrr
1429 2956 1554 2994 errorem
1569 2940 1749 2995 hominibnsire

135 3027 302 3082 cesserimus
316 3027 461 3087 decrescit,
472 3027 538 3096 quia
552 3043 664 3096 semper
678 3033 774 3081 monet
784 3028 868 3082 idem.
885 3031 935 3083 Ne·
944 3000 966 3059 C
976 3044 1070 3081 serere
1085 3035 1332 3099 praesumpserunt,
1348 3045 1404 3083 non
1416 3037 1592 3098 negaverunt
1603 3030 1682 3085 istam
1690 3046 1748 3084 men·

135 3130 201 3183 aare
217 3118 336 3182 seipsum
349 3132 405 3168 non
419 3120 512 3182 potest,
525 3115 552 3167 id
568 3122 611 3167 est
622 3130 726 3184 negare
741 3116 864 3185 seipsum
879 3134 935 3171 non
975 3115 1046 3169 tium
1061 3117 1306 3183 resurrectionem,
1331 3124 1364 3171 ut
1387 3117 1486 3172 beatus
1501 3119 1673 3188 Augustinus
1690 3118 1746 3179 dioil.

134 3203 196 3258 vult
211 3202 286 3272 quod
301 3202 409 3256 nonsit
428 3202 512 3265 Deus,
529 3209 559 3256 ut
584 3204 682 3257 beatus
696 3206 871 3272 Augustinus
890 3206 933 3260 di·
975 3205 1024 3258 sed
1039 3221 1201 3275 corporum.
1216 3222 1251 3259 ne
1270 3206 1394 3260 dicerent
1415 3207 1456 3260 eis
1480 3227 1485 3260 :
1518 3207 1548 3262 Si
1575 3223 1630 3261 non
1649 3210 1748 3276 resurget

136 3291 175 3346 cit
188 3308 193 3344 :
207 3306 259 3344 nee
273 3291 347 3343 enirn
362 3290 441 3342 decet
455 3290 544 3343 Deum
560 3296 592 3343 ut
604 3292 786 3361 semetipsum
797 3299 890 3362 neget.
975 3293 1170 3363 anirna‚quare
1182 3295 1249 3347 mihi
1261 3296 1329 3348 talia
1340 3294 1483 3363 loqueris?
1498 3296 1572 3359 Quid
1581 3296 1611 3350 in
1624 3296 1747 3351 metatore

171 3380 388 3434 Haceoormonc.
402 3381 549 3443 testificans
559 3395 652 3431 emam
665 3381 728 3446 Deo,
740 3380 768 3434 id
779 3392 822 3433 cst
832 3388 934 3435 testem
975 3381 1035 3434 sis?
1051 3381 1080 3434 Si
1095 3397 1150 3435 non
1166 3381 1232 3435 facis
1247 3398 1280 3435 ex
1295 3381 1433 3435 deteriore
1445 3383 1689 3455 meliorum,qnare
1696 3381 1746 3437 nili

135 3467 225 3522 Deum
236 3467 376 3521 invocans.
387 3469 452 3520 Noli
459 3468 547 3519 verbis
557 3469 727 3531 contendere,
740 3468 873 3523 subaudis
883 3486 934 3524 ne·
975 3468 1120 3538 loqueris?
1135 3470 1217 3523 llulti
1232 3476 1327 3523 nemen
1337 3471 1431 3524 caruis
1444 3472 1676 3527 resurrectionem
1688 3483 1747 3538 neg*

135 3572 190 3626 que
205 3572 269 3610 cum
284 3554 415 3625 gentibus
429 3571 518 3624 neque
529 3571 593 3608 cum
602 3555 704 3608 ludaeis
715 3575 721 3617 3
733 3558 770 3609 ad
781 3560 934 3612 riiln'lcm'm
975 3565 1087 3621 rerunt,
1109 3559 1182 3611 sicut
1204 3559 1373 3629 llyroenaeus
1388 3565 1417 3613 ει
1431 3560 1571 3627 Philetus,
1583 3559 1630 3632 qui
1644 3577 1659 3615 e
1671 3560 1716 3613 tide
1728 3560 1748 3609 et

70 3673 76 3680 ·
135 3648 248 3699 utt'leest
258 3645 437 3708 contendere,
451 3647 508 3696 nisi
516 3646 553 3698 ad
563 3645 765 3698 stibrcrsr'onem
778 3646 879 3699 siread
890 3647 936 3701 de·
964 3647 1111 3704 ,societate
1137 3647 1211 3701 beati
1229 3648 1308 3700 Pauli
1332 3648 1495 3701 recedentes
1511 3650 1683 3703 seminabant
1694 3660 1747 3700 erre

135 3734 293 3804 ceptionem
309 3735 497 3786 aridicnlimn.
515 3733 594 3802 Saepe
612 3732 680 3786 dum
695 3735 871 3789 contendunt
885 3735 935 3789 ho·
977 3752 1036 3787 rem
1052 3736 1213 3803 huiusmodi
1229 3736 1413 3805 :Quicunque
1422 3735 1582 3807 baptizatus
1594 3745 1636 3792 est
1654 3739 1747 3807 iamto-

134 3820 825 3890 minesdequsestionibusScripturarum,maxime
836 3824 876 3876 illi
888 3824 935 3894 qui
976 3824 1098 3877 surrexit
1115 3824 1144 3877 in
1162 3824 1266 3876 auium.
1291 3825 1355 3877 Non
1370 3829 1414 3877 est
1427 3842 1542 3879 necesse
1566 3833 1599 3880 ut
1611 3826 1700 3881 timeat
1710 3820 1746 3876 ell-

134 3909 276 3979 sepientes
290 3909 420 3963 ridentur
434 3925 494 3962 esse
509 3908 653 3978 decipiunt
672 3910 756 3963 corda
771 3911 933 3966 auditorum
976 3911 1048 3981 quis.
1061 3911 1127 3980 quia
1142 3927 1197 3965 non
1212 3912 1266 3965 erit
1280 3913 1448 3966 resurrectio
1462 3930 1624 3984 corporum.

133 3999 314 4068 simplicium,
345 3998 411 4068 quia
431 3998 597 4068 plerumque
620 3998 687 4050 talia
715 3999 860 4068 proterunt
873 4016 934 4070 quse
1010 3999 1061 4054 Sed
1076 4003 1191 4066 firnutm
1203 4003 1420 4067 surrdamrnlum
1434 4003 1484 4055 Dci
1492 4007 1557 4066 stet,
1566 4005 1664 4058 liabens
1675 4005 1746 4067 signs·

132 4093 233 4141 contra
255 4087 375 4140 salutem
402 4091 468 4140 sunt
481 4092 511 4139 et
524 4092 622 4139 contra
637 4086 792 4147 veritatem,
809 4104 866 4141 non
888 4104 935 4142 cu·
975 4091 1071 4142 culum
1087 4090 1144 4142 lior.
1162 4089 1247 4152 Quasi
1263 4089 1370 4143 diceret
1388 4089 1513 4160 aliquis.
1538 4091 1573 4145 Et
1594 4093 1655 4161 quis
1666 4085 1746 4161 poterit

133 4181 230 4228 rantes
245 4174 298 4226 nisi
314 4174 509 4228 tantummodo
524 4178 556 4228 ut
576 4174 727 4228 vindicant.
758 4177 891 4230 Attamen
910 4178 934 4231 si
975 4177 1169 4239 resisterceis,
1199 4178 1308 4231 Phileto
1323 4178 1428 4231 scilicet
1456 4185 1484 4232 et
1508 4179 1680 4250 Hymenaei
1700 4175 1748 4232 idel

134 4261 241 4331 aliquid
255 4262 456 4331 disputandum
471 4268 513 4315 est
527 4261 562 4315 de
573 4262 725 4332 Scripturis
736 4264 847 4326 divinis,
860 4265 934 4320 inter
974 4265 1093 4334 subjecit
1103 4266 1199 4319 statim
1216 4287 1222 4319 :
1240 4267 1364 4320 Firmum
1380 4272 1476 4320 autem
1491 4267 1702 4322 tundamentum
1712 4261 1748 4319 Dei

133 4348 274 4418 sapientes
289 4348 383 4417 potins
395 4348 507 4402 collatio
529 4355 572 4402 est
587 4349 716 4404 habenda
731 4367 794 4405 cum
811 4354 928 4421 ratione,
941 4347 1748 4426 Dstat·FirmnmtundamentumDeiappellattrdemtirnaa

133 4452 219 4506 quam
235 4435 376 4489 contentio
390 4452 454 4490 cum
469 4436 572 4490 tumre.
974 4443 1176 4512 quacredimus
1187 4443 1276 4496 Deum
1287 4443 1748 4513 omnipotentemsicutcredendmt

168 4524 336 4586 Sollicitam
345 4529 388 4578 est
397 4525 532 4589 studiose,
544 4540 613 4579 cura
624 4529 739 4594 teipsam
753 4533 930 4598 neelamitem,
973 4538 1024 4592 est,
1038 4538 1137 4601 etqua
1151 4531 1291 4585 credimus
1310 4533 1544 4587 resurrectionem
1569 4528 1748 4587 animemini!

133 4615 163 4670 id
173 4620 217 4669 est
227 4613 377 4685 probatum
393 4619 421 4669 et
431 4614 613 4678 laudabilem,
627 4616 751 4669 saltone
769 4620 821 4670 Dro
839 4635 933 4686 opera·
973 4619 1103 4691 praesenti
1124 4625 1154 4673 et
1171 4636 1320 4690 corporum
1345 4621 1373 4675 in
1388 4620 1492 4675 tuturo.
1509 4622 1589 4676 istud
1605 4622 1747 4676 lundense·

132 4708 211 4758 rium
225 4704 460 4771 itmonsusibilrm
484 4703 542 4756 sive
558 4703 843 4773 irreprehensibilem,
863 4713 931 4762 recle
973 4714 1034 4763 tum
1055 4715 1111 4762 stat
1124 4708 1155 4762 in
1167 4708 1298 4762 cordibus
1313 4710 1437 4763 fidelium
1453 4709 1562 4765 babens
1577 4711 1629 4765 boc
1641 4711 1747 4780 signem·

133 4798 299 4847 tractantem
313 4798 421 4846 etcum
433 4792 552 4846 veritate
563 4798 748 4862 exponentem
764 4795 875 4849 eertum
890 4813 933 4853 oc-
973 4797 1042 4861 lum,
1060 4797 1194 4852 subaudis
1208 4797 1283 4866 quod
1298 4798 1443 4867 sequitur:
1469 4799 1551 4853 A'oait
1573 4801 1702 4854 Dominus
1711 4793 1747 4863 tri

131 4883 234 4934 citatis.
973 4891 1039 4939 sunt
1048 4890 1115 4953 ejas.
1127 4883 1185 4939 lsta
1200 4893 1243 4939 est
1255 4885 1402 4955 impressio
1414 4885 1513 4954 sigilli,
1525 4886 1594 4956 quia
1602 4884 1747 4950 novitidel

168 4970 291 5035 Prosurm
301 4973 403 5034 etitem,
418 4969 446 5022 id
463 4975 507 5023 est
522 4969 677 5038 irreligiosa
696 4977 724 5023 et
738 4971 847 5024 veritati
862 4990 930 5027 con·
973 4974 1059 5043 clegit
1069 4974 1203 5028 Dominus
1213 4973 1278 5027 illos
1290 4974 1339 5044 qui
1350 4974 1385 5027 ad
1401 4974 1463 5042 ejus
1477 4974 1670 5030 haereditatem
1682 4968 1745 5045 pati·

133 5055 229 5117 traria,
242 5061 267 5109 ct
280 5059 441 5122 vaniloquia
452 5074 514 5127 quae
524 5058 630 5116 nnllam
648 5058 800 5113 utilitatem
815 5060 929 5129 habent,
972 5069 1050 5117 nent.
1074 5062 1111 5116 Et
1132 5064 1184 5117 troc
1197 5070 1241 5117 est
1253 5062 1427 5131 signaculum
1443 5064 1520 5129 fidei,
1535 5065 1605 5134 quia
1617 5064 1678 5119 aliis
1690 5072 1744 5115 rest·

131 5144 221 5197 devite
228 5148 258 5196 et
265 5142 340 5211 iuge.
352 5145 471 5207 Multum
481 5150 555 5199 enim
563 5150 709 5213 presiriunt
718 5151 754 5201 ad
763 5152 931 5216 lrrtpietatem
972 5151 1102 5205 dentibus
1117 5169 1134 5205 a
1148 5153 1212 5215 fide,
1229 5152 1268 5205 illi
1283 5151 1330 5221 qui
1349 5151 1428 5205 electi
1441 5158 1518 5216 sunt,
1531 5153 1744 5220 nullomodoptt·

130 5229 160 5284 id
176 5234 219 5284 est
234 5230 353 5283 multum
369 5232 520 5300 prevalent
530 5235 565 5288 ad
577 5235 815 5305 irreligiositatem
828 5241 932 5295 vanilo-
971 5245 1039 5293 sunt
1050 5241 1155 5294 seduci.
1173 5242 1244 5294 Nam
1261 5241 1310 5294 Dei
1321 5256 1501 5310 cognoscere,
1516 5242 1623 5312 eligere
1636 5249 1684 5296 est.
1694 5230 1743 5293 nsi

131 5318 206 5389 quia,
222 5323 249 5372 ct
262 5334 351 5372 sermo
363 5334 469 5379 mrttsn.
488 5320 514 5373 id
529 5328 572 5374 est
585 5340 677 5378 sermo
689 5327 883 5382 hereticorum
899 5334 930 5382 ut
970 5329 1011 5383 ite
1023 5336 1074 5392 est,
1090 5330 1119 5383 id
1134 5337 1177 5383 est
1190 5330 1213 5382 si
1227 5329 1364 5383 Dominus
1378 5330 1457 5400 eligit
1471 5330 1536 5384 iilos
1553 5332 1602 5402 qui
1617 5338 1680 5386 suot
1692 5328 1743 5396 ejm

129 5424 228 5462 cancer
241 5408 335 5475 serpit.
353 5406 432 5461 Sicut
445 5407 560 5462 morbus
578 5412 625 5480 qui
648 5415 806 5485 appellatm·
817 5433 927 5484 cancer,
970 5420 1089 5473 discedot
1103 5420 1305 5486 autumnitate,
1321 5418 1349 5471 id
1363 5423 1406 5473 est
1425 5419 1462 5473 ab
1476 5419 1640 5475 hominibus
1653 5412 1743 5487 iniquis·

129 5496 242 5570 quarrdo
259 5493 387 5552 natatur
399 5495 429 5551 in
442 5495 569 5553 membro
583 5497 716 5570 bominis,
731 5510 823 5560 totum
836 5521 927 5562 mem-
968 5518 997 5563 et
1009 5506 1035 5563 si
1047 5522 1106 5606 poa
1120 5508 1194 5564 rdet
1205 5522 1335 5578 corpore,
1343 5507 1446 5563 saltem
1460 5510 1624 5566 mantella
1632 5498 1744 5566 admei
