3818 6104
133 261 187 322 423
369 259 558 317 llAYMONIS
573 257 820 315 HALBERSTAT.
836 256 947 312 EPlSO.
965 254 1046 311 OPP.
1062 253 1154 309 PARS
1168 252 1191 307 l.
1208 280 1241 293 ·-
1256 247 1447 306 COMMENT.
1462 236 1556 304 BIBL.
1731 239 1780 299 iti

134 387 204 442 mihi
216 403 300 442 causa
314 386 424 442 mortis.
436 386 500 440 Non
510 384 586 439 enim
600 400 645 439 rne
658 383 760 439 occidit
773 382 844 438 illud
859 381 1045 451 mun-Agere
1057 377 1270 434 universitatem
1284 373 1426 435 vitiorum,
1439 370 1611 444 quaomnia
1624 383 1783 442 perconcta-

134 475 232 532 datum
242 477 313 548 legis
325 476 399 548 quod
413 491 464 545 per
473 491 502 528 se
513 473 616 527 bonum
629 479 680 537 est,
698 472 814 543 sedcgo
830 488 874 526 me
889 487 937 525 oc·
976 467 1144 541 piscantium
1158 466 1314 538 explentur.
1333 462 1449 517 Nullum
1462 460 1537 515 enim
1554 465 1704 532 peccatum
1719 472 1782 528 per·

30 636 31 639 Ἴ
134 565 200 633 cidi,
216 570 343 621 etcausa
357 580 426 619 mea
440 562 540 616 mortis
555 561 593 615 sui
609 559 935 630 transgrediendoillud.
980 558 1074 612 licitur
1087 556 1147 611 sine
1162 552 1400 625 coucupiscentia.
1415 549 1500 605 Verbi
1514 549 1609 621 gratia
1627 567 1634 603 ε
1651 546 1708 614 Qui
1721 545 1785 601 facit

134 654 347 725 Sedpeccatum
370 657 404 707 ut
431 656 567 723 appareat
589 655 745 722 peccatum,
769 648 939 722 perbonum
981 645 1174 709 homicidium,
1205 641 1378 712 concupiscit
1402 639 1483 695 illum
1502 637 1643 704 occidere,
1663 636 1710 692 cui
1731 634 1784 689 rim

135 739 938 811 mandatumlegis,opcrctumcsttitiliimortemPeccatum
981 735 1064 789 insert
1077 753 1083 788 z
1095 734 1135 788 sic
1146 733 1180 787 dc
1195 731 1305 787 caeteris
1317 729 1391 785 vitiis
1401 727 1630 800 intelligendum.
1640 726 1703 781 Non
1712 725 1784 779 caim

135 830 164 884 in
177 829 229 885 hoc
249 830 311 884 loco
325 828 494 899 intelligitur
508 825 637 882 diabolus
655 827 810 882 secundum
824 825 937 881 beatum
979 825 1051 892 quod
1066 826 1125 877 oolo
1143 823 1263 889 bocopo,
1279 821 1324 874 secl
1336 819 1408 890 quod
1426 819 1473 872 odi
1487 819 1597 872 rnatum
1615 815 1691 870 iliud
1704 814 1783 881 focio.

134 916 406 980 Ambrosiumsicut
418 921 446 970 et
459 916 488 969 in
503 915 706 986 superioribus.
716 916 779 970 Non
788 930 857 984 ergo
869 911 939 967 rutilii
980 912 1053 976 Quid
1067 910 1178 965 volebat
1190 907 1359 982 Apostolus?
1372 906 1492 962 Volebat
1506 921 1564 961 non
1576 903 1783 974 concupiscere,

137 1008 181 1061 lex
196 1010 314 1061 mortem
330 1011 445 1077 operata
461 1010 514 1069 cst,
528 1003 578 1059 sed
592 1003 732 1068 diabolus,
743 1008 776 1057 ut
789 1005 941 1074 appareret
980 1007 1118 1055 ettamen
1134 997 1359 1070 concupiscebat.

136 1100 292 1166 peccatum,
304 1094 395 1158 idest,
409 1093 541 1147 inimicus
553 1092 671 1146 humani
685 1090 797 1162 generis
808 1106 879 1157 esse,
890 1105 941 1161 per
1016 1090 1048 1146 Si
1061 1095 1155 1143 cutem
1167 1089 1239 1158 quod
1254 1088 1317 1141 nolo
1331 1087 1404 1140 illud
1418 1087 1501 1153 focio,
1510 1083 1540 1138 id
1554 1088 1598 1138 est
1608 1079 1774 1152 concupisco

136 1182 389 1252 transgressionem
412 1180 478 1235 boni
502 1179 629 1234 mandati
652 1184 784 1251 operatus
807 1184 851 1233 est
871 1176 941 1231 mihi
981 1182 1120 1234 consentio
1130 1180 1183 1245 legi
1193 1179 1327 1246 quoniam
1341 1175 1411 1228 bono
1424 1178 1473 1229 cst.
1485 1171 1566 1227 Licet
1577 1170 1797 1242 concupisce&

136 1276 277 1326 mortem:
294 1270 361 1341 quia
381 1269 417 1322 ad
432 1274 552 1322 mortem
570 1284 615 1322 me
629 1268 725 1323 traxit.
734 1267 826 1322 Aliter
840 1283 941 1322 secun-
982 1286 1032 1342 per
1047 1266 1230 1338 smgilitatem
1245 1254 1348 1330 carnis,
1361 1269 1458 1318 tamen
1482 1260 1548 1332 quia
1563 1265 1661 1315 mente
1675 1257 1797 1332 nolebffi

138 1360 206 1414 dum
230 1358 343 1413 beatum
360 1357 550 1429 Augustinum
573 1379 578 1413 :
599 1356 748 1412 Peccatum
775 1355 849 1428 quod
876 1360 942 1411 ante
982 1356 1189 1425 concupiscere,
1205 1351 1393 1409 concordabat
1414 1350 1470 1422 legi
1494 1349 1599 1405 dicenti
1617 1362 1625 1397 τ
1642 1349 1705 1404 A'on
1721 1362 1797 1417 co-

139 1446 231 1518 legem
247 1446 361 1510 latebat,
376 1451 404 1501 et
417 1443 601 1516 ignorabatur
611 1462 672 1500 esse
683 1451 838 1516 peccatum,
851 1451 883 1500 ut
895 1460 943 1515 ap·
983 1449 1111 1505 cupiscas.

139 1541 253 1605 pareret
267 1535 333 1607 quid
350 1540 432 1601 esset,
444 1551 495 1606 per
508 1536 762 1604 transgressionem
781 1533 850 1604 legis
864 1531 944 1587 duxit
1018 1534 1103 1590 Nuoc
1124 1537 1218 1586 autem
1230 1571 1237 1597 ,
1251 1529 1386 1586 subaudis
1409 1528 1501 1600 gratia
1525 1527 1578 1583 Dei
1604 1525 1797 1603 confortem]

140 1641 186 1679 me
209 1624 243 1678 ad
265 1629 405 1681 mortem:
427 1625 493 1695 quia
513 1623 614 1694 majori
641 1640 723 1695 poena
737 1623 839 1694 dignus
852 1621 903 1686 mi,
919 1619 944 1674 si
979 1627 1042 1693 jum
1059 1637 1114 1676 non
1129 1620 1365 1689 egooperoriltud
1378 1616 1550 1673 desiderium
1565 1615 1684 1688 peccati,
1697 1631 1797 1697 neq„l

141 1712 252 1784 peccari
270 1718 419 1784 postquam
433 1713 522 1783 legem
532 1711 657 1783 cognovi,
672 1712 738 1784 quia
749 1712 870 1766 scienter
881 1693 1150 1782 pec-Boosoupisco
1171 1709 1273 1763 aflectu
1295 1706 1408 1772 mentis,
1428 1707 1475 1761 sed
1486 1706 1559 1775 quod
1580 1705 1688 1758 inabitat
1700 1706 1732 1758 ia
1755 1733 1792 1776 m

141 1799 201 1855 cavi
210 1819 216 1854 :
225 1805 257 1855 ut
267 1803 407 1869 fiotsupro
417 1800 528 1853 modum
536 1802 946 1868 peccotispocrotumpcrruan—
983 1810 1135 1870 pcocatuor‚
1161 1798 1189 1852 id
1211 1801 1255 1852 est
1276 1797 1351 1852 mala
1365 1795 1540 1851 consuetudo
1555 1792 1688 1866 peccandi
1702 1809 1780 1865 qua„

142 1891 240 1945 &tum
252 1891 329 1958 trois.
345 1889 412 1942 Erat
422 1893 488 1942 aute
498 1888 593 1942 datam
603 1888 694 1959 legem
707 1888 796 1960 Moysi
811 1901 944 1958 magnum
986 1888 1058 1944 unxi
1071 1904 1103 1942 ex
1113 1886 1213 1952 Adam,
1229 1892 1363 1958 operatur
1376 1886 1405 1939 in
1417 1901 1463 1939 me
1477 1882 1742 1956 concupiscentiam.

142 1983 288 2051 peccatum
304 1977 440 2048 originale
465 1981 494 2031 et
516 1977 634 2045 actuale,
656 1992 711 2048 quo
726 1975 945 2047 cognoscebatur
1022 1983 1083 2039 Sm'o
1093 1982 1168 2035 enirn
1180 1982 1247 2048 quia
1259 1995 1315 2033 non
1325 1979 1474 2032 habitatin
1483 1993 1535 2042 mo,
1549 1976 1600 2031 boc
1612 1980 1651 2030 est
1664 1977 1693 2029 ia
1703 1991 1768 2037 corii

142 2067 329 2138 transgressio
357 2064 494 2120 naturalis
523 2066 603 2136 legis,
629 2066 678 2120 ssd
699 2065 774 2120 istud
799 2069 945 2137 peccatum
987 2063 1761 2136 ineeoonumuumdicitmonnabustinueterauit-

144 2154 266 2210 excrevit
280 2172 330 2226 per
343 2154 601 2225 praevaricationem
614 2153 724 2226 scriptae
738 2154 818 2224 legis,
833 2170 895 2224 quae
905 2152 947 2207 di·
987 2158 1045 2215 suit
1054 2173 1105 2230 pro
1115 2160 1204 2229 parte,
1213 2156 1322 2210 sicutet
1331 2152 1632 2223 MariainEvangelio:
1644 2153 1758 2219 Tauroni,

143 2243 184 2298 cit
199 2243 296 2316 (Exod-
313 2243 384 2311 xx):
401 2242 462 2297 Non
480 2244 591 2308 occides,
611 2258 667 2296 acra
690 2245 871 2307 concupisces,
891 2246 945 2297 etc.
987 2247 1128 2320 inquiens,
1140 2246 1292 2300 docuinam
1302 2259 1394 2298 meum
1406 2244 1497 2312 (loon.
1508 2241 1566 2309 xx),
1578 2241 1608 2295 id
1621 2244 1757 2312 estgcorpus

126 2365 134 2388 t
146 2330 257 2386 Etcum
268 2329 335 2385 dicit
348 2348 354 2383 :
366 2331 404 2385 Ut
414 2330 464 2385 liat
478 2345 565 2402 supra
578 2330 703 2393 modum,
714 2329 838 2384 ostendit
847 2345 948 2401 quem·
988 2335 1101 2392 Domini
1113 2334 1183 2401 mei;
1197 2334 1246 2388 sed
1258 2331 1449 2403 subjungens:
1462 2331 1516 2386 hoc
1525 2336 1570 2385 est
1580 2329 1610 2385 in
1620 2344 1697 2384 carne
1705 2342 1756 2392 net,

146 2421 211 2476 dam
219 2420 333 2474 modum
345 2425 373 2474 et
384 2435 544 2474 mensuram
556 2435 616 2473 esse
627 2417 742 2490 peccati.
761 2419 841 2474 Unde
853 2418 949 2474 Domi·
992 2423 1121 2497 exposuit
1133 2423 1192 2495 ipse
1205 2421 1272 2494 quid
1286 2426 1361 2476 esset
1377 2420 1450 2492 quod
1463 2419 1548 2475 dicit:
1560 2419 1623 2474 Non
1637 2416 1756 2473 habitatin

146 2527 200 2565 nus
213 2509 283 2564 dicit
294 2508 330 2564 ad
345 2507 487 2562 Abraham
502 2508 578 2576 (Gen.
589 2509 652 2578 xri:
669 2508 794 2563 Necdum
809 2508 948 2579 completa
989 2531 1034 2569 me
1063 2512 1176 2584 aliquod
1200 2511 1316 2577 bonum,
1335 2516 1364 2565 et
1379 2508 1663 2582 separavitallectum
1684 2501 1757 2560 meib

147 2603 215 2655 aunt
224 2604 338 2670 peccata
347 2597 592 2662 Amorrhaeorum3
607 2597 682 2650 etad
695 2597 807 2652 Judaeos
820 2613 826 2648 :
837 2598 947 2666 implete
989 2620 1005 2657 a
1020 2601 1168 2657 desideriis
1180 2600 1272 2655 earnis
1286 2599 1316 2653 in
1332 2615 1388 2671 qua
1402 2597 1472 2653 nihil
1486 2595 1757 2668 esthoni1quiasen·

149 2702 309 2743 mensurum
318 2693 436 2756 potrum
445 2692 599 2741 vestrorum
610 2688 716 2752 illeille.
729 2686 815 2757 xxm).
827 2685 946 2741 Omnem
989 2707 1039 2763 per
1050 2690 1207 2744 delectatur
1221 2688 1345 2742 carnalia
1360 2703 1446 2759 opera
1459 2687 1606 2757 perficere.

147 2792 214 2848 ergo
225 2792 386 2831 mensuram
399 2775 506 2849 peccati
517 2790 579 2847 quaa
590 2780 652 2829 erat
665 2781 730 2829 ante
745 2774 846 2844 legem,
858 2781 949 2830 trans·
1026 2780 1098 2834 Nom
1111 2780 1178 2832 celle
1193 2779 1299 2846 adjacet
1309 2777 1389 2838 anilii,
1400 2776 1429 2831 id
1440 2780 1492 2842 est,
1506 2775 1582 2830 inest
1593 2773 1661 2828 mihi
1670 2770 1758 2835 vallea

147 2865 241 2922 cendit
264 2864 455 2937 pravaricatio
478 2863 605 2919 mandati
627 2863 706 2934 legis.
724 2863 758 2918 Et
780 2863 836 2918 tale
861 2869 949 2918 estac
989 2868 1119 2922 voluntas
1140 2873 1183 2922 est
1202 2865 1314 2927 mentis,
1332 2871 1365 2920 ut
1386 2881 1444 2921 non
1466 2864 1659 2936 concupiscam
1681 2859 1757 2916 nunu

147 2956 172 3010 si
183 2955 290 3009 diceret
305 2973 310 3007 :
327 2953 393 3008 ldeo
405 2952 534 3008 diabolus
547 2952 658 3008 seduxit
673 2954 816 3007 hominem
827 2969 878 3025 per
889 2952 949 3007 dul·
990 2957 1064 3029 quod
1073 2973 1128 3010 non
1138 2955 1220 3009 velim
1231 2974 1237 3008 :
1247 2957 1376 3023 perlicere
1385 2958 1479 3008 autem
1490 2955 1593 3008 bearem
1603 2968 1657 3007 non
1668 2947 1756 3009 inumb

147 3042 273 3097 cedinem
289 3041 405 3112 peccati,
421 3049 454 3095 ut
468 3042 519 3095 fiat
533 3057 583 3112 per
595 3041 851 3112 transgressionem
866 3057 947 3095 man·
958 3049 980 3110 c
990 3046 1053 3119 quia
1062 3062 1117 3100 non
1125 3060 1238 3117 possum
1249 3060 1304 3098 non
1310 3039 1757 3114 concupiscerePen‘ectumbonuu

148 3130 208 3184 dati
222 3146 309 3200 supra
323 3130 437 3183 modum
451 3145 569 3201 peccans
583 3136 738 3201 peccatum,
756 3130 784 3183 id
799 3136 852 3199 est,
870 3131 949 3185 dete·
991 3141 1102 3191 estnon
1117 3135 1209 3190 solum
1229 3149 1285 3189 non
1297 3132 1443 3204 perficere,
1453 3131 1502 3186 sed
1517 3147 1570 3186 uec
1583 3129 1755 3202 concupiscam·

147 3218 207 3272 rius
222 3223 251 3272 et
266 3217 418 3272 maximum
435 3224 590 3287 peccatum,
606 3219 682 3274 velut
695 3218 795 3274 beatus
809 3219 950 3291 Hierony·
990 3225 1051 3280 lion
1070 3226 1145 3278 enim
1165 3223 1236 3292 quod
1250 3224 1310 3279 nolo
1326 3223 1428 3275 boucam
1443 3220 1492 3274 boc
1509 3221 1592 3287 facio,
1609 3213 1757 3291 quianolcu

148 3322 212 3360 mus
225 3305 294 3361 dicit
310 3325 315 3361 :
331 3312 477 3376 peccatum
493 3307 644 3378 peccatius.
990 3312 1195 3384 concupiscere,
1214 3316 1243 3366 et
1257 3307 1438 3381 concupisc03
1453 3308 1505 3365 Sed
1518 3310 1593 3378 quod
1606 3311 1667 3363 nolo
1678 3304 1757 3361 amm

183 3395 291 3451 Scimus
301 3397 376 3449 caim
386 3397 454 3464 puio
466 3398 508 3449 lec
518 3398 656 3463 spiritatis
665 3402 704 3450 est
711 3415 720 3461 ;
732 3412 777 3464 ayo
787 3400 880 3451 autem
889 3412 951 3451 cota
991 3403 1040 3457 boc
1052 3417 1114 3470 opo,
1130 3400 1197 3472 quia
1210 3399 1385 3471 concupisco.

148 3486 223 3539 natis
229 3483 480 3551 autumaverimus
490 3484 541 3537 stab
545 3484 703 3553 peccatoEx
714 3485 949 3556 personageneris
1025 3490 1058 3546 Si
1066 3493 1158 3543 cotem
1166 3490 1238 3558 quod
1248 3489 1311 3542 nolo
1322 3488 1486 3556 titudinem,
1498 3486 1527 3542 id
1539 3492 1584 3543 est
1593 3485 1618 3541 si
1627 3479 1758 3553 0011pr

45 3608 55 3625 .
146 3572 262 3628 humani
277 3573 403 3645 loquitur
416 3572 462 3627 hic
476 3573 637 3643 Apostolus,
654 3578 683 3626 et
700 3573 947 3645 insequentibus:
991 3585 1019 3633 et
1036 3577 1161 3633 delector
1170 3577 1199 3631 in
1209 3575 1369 3631 carnalibus
1377 3576 1607 3646 desideriis,jum
1617 3579 1759 3642 concocta

146 3662 190 3717 rel
205 3663 290 3717 etiam
312 3678 347 3716 ex
370 3678 491 3733 persona
510 3662 702 3733 cujuscunque
722 3662 844 3718 hominis
859 3664 950 3736 poeui·
992 3683 1041 3721 ror
1051 3669 1124 3722 illud
1134 3666 1304 3722 desiderium
1315 3664 1533 3721 rationabilitate
1548 3660 1760 3719 menusetinea

146 3751 265 3806 tentiam
278 3751 398 3822 agentis,
410 3755 440 3805 et
452 3766 485 3804 cx
498 3754 558 3805 toto
571 3751 655 3805 corde
669 3750 705 3806 ad
721 3751 871 3807 Dominum
885 3769 949 3808 con·
990 3756 1078 3819 tione,
1089 3757 1134 3810 aad
1147 3757 1219 3824 quod
1234 3756 1339 3809 habitat
1355 3755 1385 3808 in
1399 3771 1442 3810 rae
1454 3759 1607 3824 peccatum,
1619 3753 1647 3807 id
1660 3755 1698 3807 est
1707 3741 1760 3802 mul!

147 3840 290 3895 vertentia.
303 3841 359 3894 Lex
370 3840 445 3894 enim
458 3840 547 3912 Moysi
558 3840 693 3912 spiritalis
704 3846 758 3904 est,
770 3840 837 3912 quia
847 3840 949 3911 spiritu
992 3844 1166 3899 consuetudo
1182 3843 1324 3915 peccandi.

147 3929 202 3985 alia
215 3936 355 4002 praecepta
365 3929 459 3991 babet,
472 3946 506 3984 ea
518 3930 620 3985 docens
635 3947 696 4002 quoa
711 3930 876 3985 adsalutem
890 3928 950 3984 ani·
1027 3935 1139 3988 limenio
1149 3936 1239 4001 icitur
1254 3934 1336 4000 legem
1347 3932 1420 3986 miti
1429 3933 1531 3985 colenti
1538 3931 1630 3998 secere
1641 3922 1761 3987 bonoad

146 4037 199 4075 mre
209 4020 353 4091 pertinent
362 4020 405 4075 vel
415 4021 501 4076 etiam
511 4019 646 4091 spiritalis
662 4020 776 4082 dicitur,
789 4019 856 4090 quia
866 4018 950 4090 spiri·
991 4037 1047 4076 non
1057 4020 1253 4092 concupiscam
1263 4021 1397 4089 quonium
1407 4019 1480 4073 mibi
1489 4019 1599 4070 mutam
1608 4018 1762 4085 adjectam

146 4107 244 4163 taliter
256 4125 287 4162 se
300 4108 361 4163 vult
374 4108 494 4178 intelligi
509 4124 526 4161 a
540 4106 631 4162 nobis.
643 4109 700 4178 Ego
715 4113 811 4162 autem
827 4107 950 4162 carnalis
992 4108 1111 4166 suetudo
1131 4109 1261 4164 videlicet
1284 4124 1370 4180 prara
1390 4113 1420 4161 et
1437 4105 1662 4177 concupiscentie
1673 4093 1761 4176 pactifi-

147 4212 221 4260 sum,
232 4197 262 4250 id
277 4202 321 4250 est
333 4195 460 4251 mortalis
474 4212 537 4249 sum
550 4195 651 4260 adhuc,
668 4195 788 4268 ideoque
801 4195 830 4250 in
849 4211 950 4251 carna·
992 4199 1067 4256 Ordo
1078 4198 1226 4253 verborum
1240 4203 1284 4253 est
1296 4216 1302 4252 :
1314 4197 1382 4251 mihi
1398 4195 1501 4252 volenti
1517 4195 1611 4250 facere
1624 4185 1761 4251 bonumir·

146 4282 220 4337 libus
235 4283 382 4337 desideriis
397 4290 425 4337 et
438 4283 673 4353 concupiscentiis
695 4301 773 4355 apem
797 4301 880 4356 pono,
901 4301 949 4339 re·
991 4289 1071 4345 venio
1100 4288 1190 4359 legem
1213 4287 1316 4342 bonam
1341 4291 1371 4342 et
1391 4285 1501 4355 utilem,
1516 4284 1588 4339 acsi
1608 4283 1706 4340 diceret
1720 4270 1763 4332 sit

149 4371 293 4426 nundatus
313 4370 365 4426 sub
380 4376 502 4442 peccato.
519 4371 632 4426 Primus
646 4373 740 4439 borno,
757 4380 871 4446 accepta
886 4374 949 4429 dul·
992 4377 1084 4433 verbis
1100 4396 1106 4431 :
1123 4378 1196 4441 Quia
1209 4375 1358 4431 delectatio
1372 4374 1464 4429 carnis
1485 4380 1514 4428 ot
1532 4373 1674 4445 suggestio
1686 4356 1762 4425 dubii

147 4459 245 4516 cedino
260 4459 339 4514 retiti
354 4459 440 4531 pomi,
455 4459 581 4514 vendidit
595 4461 779 4533 semetipsum
795 4462 907 4518 diabolo
922 4463 951 4518 in
993 4467 1143 4539 impellunt
1157 4482 1201 4520 me
1216 4465 1252 4520 ad
1264 4465 1381 4529 malum,
1390 4463 1494 4518 volenti
1506 4461 1576 4517 mihi
1585 4462 1675 4517 facere
1684 4459 1762 4514 boui!

147 4565 269 4616 servum,
281 4565 344 4604 cum
359 4547 527 4615 liberasset,
541 4549 735 4621 etomnisqui
750 4552 951 4623 concupisceu·
993 4555 1105 4612 invenio
1120 4556 1210 4626 legem
1225 4553 1315 4626 Moysi
1336 4569 1398 4625 quae
1417 4551 1544 4624 precipit
1564 4550 1700 4607 declinare
1711 4537 1762 4601 ut&

147 4640 187 4695 tia
207 4637 314 4695 carnali
327 4639 483 4694 delectatur
499 4656 505 4691 :
522 4644 552 4693 et
564 4638 712 4700 dulcedine
727 4639 833 4711 peccati
848 4640 952 4694 fruitur
994 4652 1023 4701 ot
1036 4645 1128 4700 iacere
1143 4645 1225 4699 bona.

147 4729 258 4786 diabolo
268 4734 296 4785 ei
309 4734 422 4802 peccato
441 4744 472 4783 ὅθ
487 4727 582 4782 vendit
595 4726 640 4782 cui
656 4743 686 4782 ὅθ
700 4727 843 4800 supponit·
1029 4733 1202 4790 donauctor
1227 4734 1303 4787 caim
1326 4732 1380 4799 legi
1399 4732 1447 4785 Dei
1463 4731 1617 4786 secundum
1633 4730 1761 4785 {meacm

184 4820 260 4887 Quod
274 4822 349 4874 enim
364 4833 469 4889 operor,
483 4834 538 4872 non
552 4819 688 4885 intelligo.
713 4818 866 4873 Personam
880 4819 951 4874 duo-
994 4826 1143 4885 liominom,
1155 4821 1184 4876 id
1200 4827 1244 4876 est
1257 4819 1409 4876 secundum
1422 4817 1669 4875 rationabilitatem
1677 4808 1761 4873 mulii·

148 4923 212 4962 rum
226 4908 373 4963 hominum
399 4907 521 4963 assumit
548 4906 578 4961 in
604 4906 649 4960 his
675 4905 767 4962 verbis
790 4908 950 4979 Apostolus,
992 4913 1048 4967 Lex
1063 4911 1132 4966 dicit
1149 4930 1155 4965 :
1171 4912 1234 4966 Non
1249 4909 1438 4980 concupisces,
1449 4914 1540 4979 etego
1551 4892 1761 4963 condelectarili

148 4995 291 5050 interioris
308 4996 448 5061 uidelicet,
467 4997 495 5051 id
510 5002 553 5051 est
567 4995 682 5063 mentis,
698 5000 728 5051 et
751 4997 906 5058 exterioris.
922 4999 951 5055 id
992 5001 1058 5074 quia
1080 5001 1145 5055 nolo
1168 4998 1373 5070 concupiscere,
1396 4997 1515 5069 ideoque
1536 4996 1612 5070 quod
1625 4997 1697 5052 illam
1709 4986 1763 5048 ida·

150 5087 194 5137 est
205 5082 306 5137 camb.
318 5083 391 5147 Quid
401 5084 572 5155 operabatur
580 5085 752 5157 Apostolus?
765 5086 950 5158 Concupisce-
992 5096 1060 5157 ctat,
1076 5090 1198 5145 delectat
1212 5095 1242 5144 at
1255 5104 1310 5143 me.

149 5171 199 5226 bat
208 5178 307 5226 contra
316 5172 387 5241 legis
398 5179 567 5245 preceptum
581 5190 587 5224 :
600 5191 684 5247 quam
696 5175 950 5248 concupiscentiam
1033 5180 1110 5234 Video
1121 5183 1215 5233 autem
1229 5179 1317 5232 oliam
1334 5179 1418 5245 tapam
1433 5178 1465 5232 in
1476 5177 1610 5232 ancmbrr's
1623 5179 1695 5236 aneis,
1709 5176 1764 5237 fil*

150 5275 207 5315 non
220 5259 405 5330 intelligebat,
420 5261 513 5325 idest,
529 5279 585 5317 non
599 5265 782 5336 approbabat,
796 5282 853 5321 non
867 5266 951 5338 elige-
992 5275 1125 5338 pacatam
1140 5269 1193 5336 lept
1215 5269 1316 5322 mentis
1338 5283 1412 5329 aare,
1428 5265 1457 5321 id
1472 5271 1515 5322 est
1540 5252 1765 5323 rationabilitatis

148 5350 206 5415 bat,
237 5365 329 5420 neque
354 5350 487 5419 perficere
514 5351 639 5424 optabat.
660 5356 821 5412 Notandum
851 5363 946 5412 autem
988 5356 1138 5415 intentioni
1152 5356 1264 5422 mentis,
1277 5361 1302 5410 et
1316 5358 1500 5425 captivantem
1513 5360 1601 5411 mein
1614 5338 1763 5426 esemel·

149 5439 241 5495 multa
252 5437 298 5493 bic
312 5437 390 5508 loqui
403 5438 568 5510 Apostolum
579 5456 612 5494 ex
634 5457 755 5513 persona
771 5445 883 5517 generis
892 5446 946 5502 hu·
986 5447 1015 5503 id
1030 5453 1082 5513 est,
1097 5446 1238 5518 captivare
1253 5444 1395 5500 volentem
1416 5444 1445 5500 in
1460 5445 1523 5516 lege
1538 5446 1622 5502 maloe
1641 5439 1766 5501 conandi·

149 5527 228 5586 mani
241 5528 276 5584 de
290 5525 524 5599 concupiscentia,
534 5544 586 5601 par
597 5545 681 5601 quam
691 5533 825 5591 debemus
839 5535 945 5592 intelli·
986 5536 1070 5605 dinis,
1086 5538 1235 5606 quaestio
1246 5536 1380 5591 membris
1388 5536 1466 5590 meis.
1482 5534 1586 5607 legem
1602 5533 1768 5592 membrorum
