3840 6098
150 268 201 330 287
366 276 555 334 narnonls
574 277 818 335 HALBERSTAT.
839 279 951 336 EPlSC.
972 276 1051 335 OPP.
1070 276 1163 333 PARS
1181 277 1204 333 Ι.
1228 306 1260 318 -
1280 274 1465 333 ΟΟΜΜΕΝΤ.
1484 274 1576 332 BIBL.
1733 270 1788 333 ‘288

148 398 241 453 minus
258 400 374 465 malum,
395 417 431 455 ne
452 403 544 472 majus
558 405 712 473 peccatum,
726 402 754 455 id
769 403 1029 463 esthomici-Asto
1053 401 1081 454 in
1107 401 1162 454 fine
1185 400 1282 454 mundi
1304 405 1371 454 sunt
1394 399 1560 470 suscepturi.
1577 416 1592 449 a
1611 398 1681 453 Ecce
1701 398 1788 465 veuit,
1816 470 1819 475 Ι

148 486 225 542 dium
240 487 356 543 veniret.
371 508 382 539 a
398 489 426 544 Si
442 489 505 559 quis
521 490 632 560 linquit)
644 490 799 560 legitimam
809 491 948 545 dimiserit
966 550 970 555 ,
988 489 1057 544 dicit
1072 489 1202 543 Dominus
1226 489 1408 552 exercituum,
1425 492 1454 542 et
1468 488 1531 559 quis
1546 486 1649 558 poterit
1663 486 1788 558 cogitare

102 616 105 620 Δ
149 590 277 642 uxorem,
289 581 318 631 et
331 577 415 630 aliam
426 578 547 643 duxerit,
559 583 674 646 excepta
688 594 772 632 causa
786 579 945 634 fornicatio·
988 578 1062 631 diem
1087 578 1222 632 adrentus
1237 577 1319 647 ejus?
1340 578 1373 632 Et
1393 577 1454 647 quis
1477 576 1563 630 stabit
1585 575 1618 630 ad
1635 575 1787 630 videndum

149 663 202 728 nis,
219 666 384 721 maechatur.
401 684 415 718 a
432 666 466 719 Et
479 666 585 737 operiet
599 667 735 736 iniquitas
748 668 946 723 vestimentum
987 666 1098 720 euml»
1115 666 1165 720 llle
1180 666 1214 720 de
1228 681 1283 736 quo
1297 681 1383 735 supra
1396 664 1483 718 dixit:
1497 682 1511 716 a
1527 665 1627 719 Statim
1642 663 1736 718 reniet
1751 664 1788 718 ad

151 753 221 822 ejus,
239 753 266 806 id
285 759 329 807 est
350 769 473 819 carnem,
488 771 544 824 qua
559 755 653 808 anima
674 756 803 810 induitur
816 757 889 810 sicut
901 774 949 811 ve·
987 753 1126 825 templum
1141 769 1224 808 suum
1239 752 1408 817 dominator,
1420 759 1448 806 et
1462 752 1579 822 augelus
1589 751 1785 805 testamentis

150 837 281 893 stimanto
296 857 405 912 corpus,
423 846 455 894 ut
467 840 496 895 in
511 857 566 911 quo
580 843 711 914 peccavit,
728 843 831 915 inipso
845 845 948 915 punia-
988 842 1059 897 Ecce
1071 841 1157 905 venit,
1168 841 1331 913 nullamque
1340 840 1423 895 faciet
1437 856 1555 904 moram,
1568 846 1597 894 et
1610 839 1673 909 quis
1683 839 1788 910 poterit

147 930 204 982 tur.
223 947 234 977 ι
256 927 400 983 Custodite
414 929 543 1000 spiritum
559 935 693 997 vestrum,
709 936 739 986 et
751 933 839 987 nolite
853 934 947 1005 despi·
987 931 1111 1002 cogitare
1125 948 1188 985 cum
1209 938 1315 1001 quanta
1331 929 1423 1001 gloria
1442 936 1470 983 et
1490 929 1638 998 majestate
1652 934 1788 983 verianus

148 1030 221 1069 cere.
236 1033 247 1065 i
264 1017 336 1080 Quia
349 1017 459 1089 (inquit)
469 1034 570 1072 uxores
579 1036 635 1073 non
646 1022 763 1090 potestis
772 1022 833 1076 sine
843 1039 946 1094 magno
987 1019 1045 1074 sit?
1073 1020 1102 1075 Si
1123 1034 1205 1074 nemo
1227 1024 1320 1090 potest
1332 1018 1466 1088 cogitare,
1483 1018 1545 1089 quis
1567 1017 1671 1088 poterit
1688 1016 1787 1070 ferre?

54 1156 58 1163 ,
148 1108 261 1173 peccato
275 1105 427 1169 dimittere,
446 1107 584 1160 custodite
598 1108 707 1162 animas
721 1115 837 1176 vestras,
853 1117 879 1164 et
895 1129 944 1165 no·
990 1131 1001 1158 a
1018 1109 1080 1180 lpse
1095 1109 1168 1162 euim
1184 1109 1263 1178 quasi
1279 1107 1352 1179 ignis
1366 1108 1499 1171 conflans·
1524 1126 1534 1157 i
1551 1121 1673 1160 000οθ03
1687 1121 1789 1176 lima·

147 1189 197 1244 lite
210 1192 352 1264 despicere
367 1210 477 1258 uxores,
488 1195 512 1248 si
522 1211 668 1266 pauperes,
681 1198 724 1251 rel
739 1197 763 1250 si
776 1198 870 1269 aliqua
880 1205 948 1253 sunt
987 1200 1072 1250 tores.
1086 1197 1163 1266 Ignis
1173 1196 1248 1251 enim
1258 1196 1287 1251 in
1296 1201 1446 1266 conspectu
1460 1195 1521 1264 ejus
1531 1193 1650 1261 ardebit,
1661 1203 1715 1248 etc.
1728 1195 1789 1249 Hoc

148 1279 275 1335 foeditate
290 1282 439 1336 deformes.
987 1285 1052 1356 igne
1064 1292 1266 1340 consumentur
1277 1285 1363 1355 ligna,
1378 1285 1484 1347 fenum,
1497 1282 1610 1353 stipula.
1624 1283 1682 1336 Nec
1694 1283 1788 1338 solum

92 1372 96 1380 '
186 1386 199 1420 a
215 1368 355 1423 Laborare
376 1371 480 1425 fecistis
496 1373 645 1426 Dominum
661 1373 690 1426 in
705 1374 880 1429 sermonibus
898 1393 946 1431 re·
987 1374 1042 1427 erit
1054 1375 1134 1444 quasi
1149 1374 1231 1443 ignis,
1255 1373 1302 1426 sed
1318 1372 1415 1436 etiam,
1434 1390 1447 1423 a
1464 1375 1492 1425 et
1506 1371 1586 1442 quasi
1600 1370 1687 1424 herba
1702 1369 1788 1423 fullo-

148 1455 225 1518 stris,
241 1462 270 1510 et
284 1457 411 1513 dixistis:
426 1461 458 1515 ln
471 1477 525 1531 quo
538 1477 602 1515 eum
617 1461 733 1516 fecimus
749 1463 899 1518 laborare?
913 1467 946 1521 ln
987 1477 1064 1525 num,
1082 1482 1093 1511 i
1107 1478 1168 1532 quae
1184 1460 1318 1516 Hebraice
1332 1461 1436 1514 dicitur
1450 1459 1555 1525 borith,
1566 1475 1621 1529 (100
1635 1463 1727 1514 ‘'0⁸20ss
1742 1458 1788 1511 ¹¹i·

149 1562 183 1601 eo
200 1562 263 1600 cum
273 1547 404 1603 diceretis
418 1569 423 1603 :
437 1550 535 1605 Omnis
546 1552 595 1621 qui¹
604 1552 670 1606 facit
679 1553 795 1618 malum,
804 1555 893 1610 bonus
903 1562 946 1610 est
987 1551 1075 1604 mium
1089 1550 1218 1604 sordibus
1228 1550 1336 1604 infectae
1348 1550 1487 1603 lavantur.
1500 1546 1561 1601 Illis
1575 1548 1649 1602 enim
1660 1547 1709 1619 qui
1723 1563 1788 1618 gra·

147 1632 177 1685 in
192 1642 341 1705 conspectu
359 1636 480 1702 Domini,
494 1644 523 1692 et
536 1641 607 1695 tales
621 1641 646 1695 ei
661 1642 781 1713 placent.
799 1645 857 1697 llut
869 1648 945 1698 certo
985 1639 1056 1693 viter
1070 1643 1264 1711 peccaverunt,
1281 1639 1334 1693 erit
1353 1638 1425 1708 ignis
1440 1637 1566 1691 conflans
1590 1642 1618 1689 et
1640 1653 1762 1690 exurens
1778 1654 1785 1688 ε

147 1719 195 1775 ubi
209 1728 252 1776 est
263 1724 336 1778 Deus
348 1725 465 1794 judiciii
478 1745 490 1778 i
504 1728 643 1783 Reversus
655 1732 774 1801 populus
786 1732 820 1786 de
833 1733 975 1810 captivi-B
985 1727 1041 1782 illis
1058 1744 1122 1781 vero
1136 1728 1183 1799 qui
1196 1727 1268 1782 levia
1279 1732 1393 1800 peccata
1406 1726 1617 1790 commiserunt,
1631 1725 1687 1779 erit
1699 1723 1788 1779 barba

146 1813 216 1876 tate,
233 1828 296 1865 cum
311 1812 419 1869 videret
437 1821 551 1870 cunctas
573 1835 623 1888 per
638 1819 787 1874 circuitum
804 1821 944 1890 nationes,
985 1814 1134 1870 fullonum.
1150 1815 1222 1869 Hinc
1245 1831 1295 1886 per
1316 1815 1418 1870 Isaiam
1440 1814 1543 1868 dicitur
1561 1832 1567 1866 1
1585 1831 1598 1864 (r
1616 1813 1645 1868 Si
1664 1812 1789 1867 abluerit

146 1914 209 1970 quae
218 1899 301 1955 idolis
310 1902 478 1967 serviebant,
490 1904 620 1977 ipsosque
632 1907 727 1962 hostes
737 1914 766 1962 et
774 1910 945 1979 praedatores
985 1904 1122 1959 Dominus
1136 1904 1233 1958 sordes
1248 1904 1371 1957 filiarum
1382 1903 1457 1963 Sion,
1468 1907 1497 1957 et
1505 1903 1671 1973 sanguinem
1684 1901 1788 1955 Hieru-

116 1983 121 1991 ’
145 2005 212 2042 suos
226 1989 372 2048 Chaldaeos
383 1993 488 2048 divitiis
503 2000 531 2048 gt
544 1996 684 2066 prosperis
697 1998 821 2067 gaudere
834 2016 945 2054 succes.
986 1993 1074 2047 salem
1089 1993 1188 2047 laverit
1201 1992 1237 2046 de
1248 1991 1340 2045 medio
1351 1992 1411 2060 ejus
1425 1990 1634 2062 spiritujudicii
1645 1993 1675 2043 ei
1684 1989 1788 2060 spiritu

145 2075 232 2141 sibus,
244 2079 394 2150 omniaque
408 2098 470 2151 qua
484 2081 557 2137 bona
572 2087 708 2154 putantur
721 2085 750 2138 in
765 2087 865 2140 saeculo
880 2104 945 2157 pos·
986 2080 1104 2134 0000οἰ0·
1119 2103 1131 2129 ·
1148 2081 1202 2145 Qui
1217 2080 1292 2134 0000
1313 2078 1788 2150 101091030οῗθῦῙΘἮῙΗῘΠΡἪἮΟ·

145 2164 237 2219 sidere
251 2184 256 2219 :
269 2183 376 2222 severo
391 2171 438 2240 qui
453 2171 510 2224 reri
523 2172 573 2225 Dei
586 2174 707 2227 cultores
720 2181 810 2236 erant,
820 2181 945 2245 egestate
986 2186 1059 2230 rum,
1070 2169 1170 2241 spiritu
1178 2168 1278 2239 judicii
1286 2168 1495 2240 purgabuntur3
1508 2167 1785 2239 quiverosanguina

147 2259 176 2308 et
199 2256 333 2311 servitute
355 2259 485 2330 opprimi,
510 2261 762 2332 scandalizabatur,
784 2269 812 2317 et
835 2264 946 2318 dicebat
985 2258 1111 2322 11000οῐ,
1134 2258 1265 2329 granbus
1289 2257 1453 2311 criminibus
1476 2256 1571 2311 insecti
1591 2261 1667 2323 Simia
1683 2256 1741 2327 spir
1744 2254 1788 2310 itu

145 2354 203 2394 non
224 2357 285 2396 esse
307 2343 358 2398 Dei
378 2346 589 2415 providentiam,
608 2348 657 2401 sed
671 2366 737 2404 casu
752 2351 845 2405 omnia
860 2352 942 2407 fieri:
985 2347 1095 2400 ardoris
1109 2353 1263 2401 exurentur
1277 2352 1309 2400 ut
1322 2352 1487 2416 100Γὲ0οῑ00·

146 2427 277 2499 quodque
289 2432 369 2502 pejus
380 2439 432 2496 est,
448 2434 537 2489 matos
552 2434 682 2491 dicebant
693 2438 804 2508 plaeere
814 2440 881 2506 Deo,
894 2439 944 2495 bo.
1023 2453 1035 2486 a
1046 2436 1080 2489 Et
1090 2435 1198 2489 sedebit
1205 2435 1329 2488 conflans
1337 2440 1365 2488 et
1376 2433 1532 2488 emundans
1539 2437 1698 2503 argentum,
1710 2452 1720 2484 ι
1732 2433 1788 2486 hoc

145 2531 197 2570 nos
211 2517 366 2590 displicere.
380 2521 439 2576 Hoc.
448 2521 534 2576 David
547 2526 683 2596 propheta
695 2527 805 2597 plenius
816 2529 943 2600 exsequi-
985 2529 1035 2588 est,
1049 2524 1220 2578 intellectum
1231 2527 1259 2577 et
1270 2523 1422 2593 eloquium,
1431 2526 1463 2576 ut
1473 2521 1607 2593 quidquid
1618 2522 1733 2576 003000
1743 2525 1787 2576 θδῑ

145 2609 201 2668 tur,
220 2606 315 2662 dicens
327 2626 356 2663 se
367 2627 453 2681 prope
462 2612 615 2679 dubitasse,
626 2621 656 2670 et
669 2616 830 2687 prolapsum
845 2618 942 2684 fuisse,
984 2618 1085 2667 stanno
1096 2612 1138 2665 rel
1148 2611 1273 2682 plumbo,
1284 2611 1395 2665 camino
1408 2610 1520 2665 Domini
1535 2616 1679 2676 exuratur,
1690 2615 1718 2663 et
1731 2626 1785 2681 pu*

145 2709 209 2749 cum
219 2697 325 2752 videret
335 2716 431 2769 pacem
442 2709 629 2771 pcccatorum,
640 2705 811 2776 tandemque
822 2706 940 2778 adjecit:
984 2718 1047 2754 rum
1062 2718 1163 2755 aurum
1179 2703 1384 2771 argentumque
1400 2704 1553 2753 remaneat.
1573 2719 1585 2750 ι
1602 2699 1637 2752 Et
1651 2697 1787 2769 purgabit

61 2810 66 2819 ’
145 2783 248 2854 «Ergo
259 2785 319 2841 sIne
329 2804 414 2843 causa
425 2790 577 2859 justificari
591 2808 751 2859 cormeum,
763 2799 792 2848 et
804 2795 858 2848 lavi
868 2795 943 2850 inter
983 2790 1056 2843 iiiios
1079 2789 1153 2853 Levi,
1169 2795 1197 2843 ei
1221 2788 1324 2842 COiabii
1345 2804 1393 2842 000
1416 2788 1496 2858 quasi
1516 2803 1627 2852 000001,
1653 2792 1682 2840 ei
1703 2786 1787 2857 (100οἰ

143 2871 307 2930 innocentes
321 2893 422 2932 alanus
436 2895 523 2934 meas,
540 2903 548 2927 .
562 2881 624 2944 Quo
636 2882 733 2937 morbo
746 2900 835 2954 genus
844 2885 943 2940 huma.
983 2884 1142 2948 argentum,
1158 2883 1185 2932 et
1202 2884 1286 2932 erunt
1299 2877 1418 2932 Domino
1439 2877 1586 2930 offerentes
1600 2875 1739 2929 sacrificia
1755 2876 1786 2929 in

142 2976 210 3016 num
223 2962 342 3032 laborat,
363 2971 392 3020 et
406 2967 566 3038 huiusmodi
581 2968 709 3042 deplorat
725 2973 939 3042 querimoniam,
979 2966 1098 3036 justitia.
1117 2985 1131 3020 a
1145 2966 1179 3020 In
1193 2966 1259 3021 liliis
1273 2965 1340 3021 Levi
1355 2982 1451 3020 omnes
1465 2964 1667 3019 sacerdotalem
1681 2963 1788 3018 intelli-

950 3056 1075 3126 cgimus
1089 3056 1261 3116 ordinem,a
1286 3054 1386 3124 quibus
1406 3053 1544 3124 judicium
1570 3053 1694 3123 incipiet,
1717 3052 1787 3123 quia

361 3213 365 3221 x
448 3109 565 3166 CAPUT
583 3110 635 3166 m·
981 3144 1117 3215 scriptum
1130 3151 1172 3200 est
1185 3162 1190 3196 :
1205 3162 1218 3193 a
1233 3144 1354 3215 Tempus
1367 3148 1410 3196 est
1423 3149 1453 3197 ut
1466 3140 1583 3212 incipiat
1593 3140 1732 3211 judicium
1750 3142 1786 3195 de

180 3252 191 3283 r
209 3233 279 3288 Ecce
294 3250 345 3304 ego
365 3235 447 3290 mitto
461 3237 593 3306 angelum
609 3253 714 3302 maura,
729 3244 757 3292 et
774 3240 942 3311 praepambit
981 3231 1064 3301 domp
1079 3231 1189 3286 Domini
1203 3251 1209 3298 ;
1228 3252 1239 3282 ι
1256 3237 1285 3284 et
1298 3231 1365 3284 alibi
1378 3249 1384 3282 :
1397 3248 1411 3283 a
1426 3232 1450 3284 n
1464 3229 1625 3283 sanctuario
1639 3244 1702 3282 meo
1718 3227 1787 3282 inci-

141 3319 216 3375 viam
235 3328 301 3376 ante
321 3323 420 3378 faciem
440 3340 543 3378 meam.
567 3343 579 3375 a
600 3325 679 3379 llane
704 3328 879 3398 prophetiam
906 3330 941 3385 de
982 3321 1075 3392 pite.»
1092 3321 1121 3376 Si
1138 3325 1233 3374 autem
1248 3336 1326 3373 sacer
1341 3319 1408 3373 ordo
1424 3319 1546 3372 flammis
1561 3316 1726 3388 purgandus
1741 3322 1786 3371 est

140 3412 248 3465 Joanne
263 3409 394 3483 Baptista
414 3413 589 3483 premissam
610 3430 671 3468 esse
686 3414 746 3486 ipse
760 3416 897 3472 Dominus
911 3419 941 3473 in
982 3415 1011 3463 ei
1030 3410 1173 3470 00100000·
1195 3408 1261 3479 quid
1283 3409 1318 3461 ‘¹0
1337 3407 1445 3461 fitteris
1468 3406 1616 3461 dioendum
1642 3411 1695 3472 ‘sb
1711 3422 1785 3476 <1⁰⁰⁸

141 3499 291 3569 Evangelio
307 3500 430 3571 exponit,
446 3501 541 3555 dicens
561 3521 567 3555 :
592 3520 605 3553 r
622 3503 673 3557 llic
687 3509 731 3557 cst
751 3504 786 3558 de
801 3521 855 3576 quo
870 3508 940 3562 scn'-
980 3497 1085 3552 nullius
1099 3497 1278 3551 commendat
1291 3495 1468 3567 000008ὶοῐο
1483 3494 1658 3549 sanctitatis?

140 3593 221 3658 ptum
236 3593 279 3641 est
295 3606 300 3640 :
318 3587 389 3643 Ecce
407 3589 487 3644 mitto
502 3591 633 3659 angelum
650 3607 744 3645 meum
759 3600 825 3648 ante
840 3595 940 3650 faciem
1018 3605 1031 3638 a
1048 3585 1083 3640 Et
1097 3585 1217 3657 placebit
1231 3586 1351 3638 Domino
1364 3584 1531 3638 sacrificium
1544 3583 1616 3638 Juda
1627 3588 1656 3637 et
1669 3584 1786 3638 Jerusa-

139 3683 229 3738 tuam,
246 3682 274 3730 et
288 3677 458 3747 praeparabit
472 3678 543 3731 riam
567 3684 645 3733 tuam
668 3687 734 3734 ante
757 3686 794 3735 ta.
812 3702 825 3733 a
842 3684 895 3738 sed
910 3684 939 3739 jn
980 3675 1046 3740 lem,
1058 3675 1131 3729 sicut
1142 3675 1202 3728 dics
1216 3673 1318 3737 saeculi,
1336 3677 1365 3726 et
1378 3673 1451 3726 sicut
1463 3673 1530 3725 anni
1546 3672 1664 3743 antiqui.
1678 3691 1693 3721 a
1709 3674 1783 3727 Cura

140 3763 291 3834 Evangelio
307 3765 357 3818 uei
376 3766 469 3820 Patris
482 3783 534 3820 vox
548 3773 590 3821 est
607 3769 642 3821 aa
658 3768 759 3824 rutum
775 3772 915 3841 loquentis
931 3792 937 3827 ι
978 3763 1098 3835 (inquit)
1109 3763 1159 3816 filii
1175 3762 1240 3818 Levi
1254 3762 1366 3833 purgati
1381 3761 1495 3825 fuerint,
1512 3765 1580 3814 tuno
1593 3762 1712 3832 placebit
1728 3762 1784 3816 Da

139 3853 185 3907 hic
198 3869 263 3907 vero
273 3853 402 3908 Christus
415 3854 541 3926 loquitur
553 3857 587 3910 de
600 3858 707 3912 Joanne
719 3877 725 3910 :
739 3859 807 3913 Ecce
822 3876 873 3931 ego
886 3863 940 3926 (in.
980 3853 1057 3908 mino
1072 3853 1238 3907 sacrificium
1254 3854 1328 3925 quod
1352 3854 1469 3908 offertur
1482 3869 1532 3923 pro
1546 3851 1618 3906 luda
1633 3855 1663 3903 et
1684 3850 1784 3904 llieru·

138 3941 208 4012 quit)
225 3941 336 3997 mittam
351 3944 482 4014 angelum
497 3962 601 4008 meum,
618 3946 666 4017 qui
682 3947 851 4018 praeparabtt
865 3949 938 4004 viam
981 3942 1078 4004 salem,
1096 3942 1183 3996 idest
1198 3960 1248 4013 pro
1264 3944 1308 3997 his
1324 3943 1372 4014 qui
1388 3942 1540 3997 Dominum
1553 3939 1724 3994 confitentur
1739 3938 1783 3991 fa·

138 4032 312 4086 antefaciem
321 4035 937 4092 meam.Pr‹emisitenimSalvatorJoannem
979 4030 1073 4084 elisei
1092 4030 1192 4090 verbis,
1215 4031 1317 4101 quique
1334 4047 1431 4102 pacem
1455 4032 1517 4101 ejus
1542 4034 1635 4082 mente
1652 4032 1782 4080 contem·

138 4125 241 4174 antese
251 4120 280 4174 in
291 4119 401 4175 deserto
410 4122 563 4192 predicare
573 4121 743 4192 baptismum
754 4125 935 4194 penitentia.
978 4118 1101 4189 planius·
1115 4120 1192 4183 Quod
1206 4125 1301 4174 0οῐθο
1318 4121 1447 4191 sequitui
1461 4137 1466 4171 ³
1486 4139 1497 4169 ⁸
1520 4119 1598 4172 500οῑ
1611 4115 1671 4169 dies
1685 4115 1781 4170 saeeilii

139 4205 221 4272 Quod
235 4224 300 4261 vero
312 4209 456 4278 sequitur:
471 4229 485 4259 ι
498 4210 532 4263 Et
542 4210 637 4263 statim
648 4211 741 4265 veniet
751 4212 786 4265 ad
801 4212 937 4282 templum
978 4216 1007 4261 et
1021 4209 1092 4262 sicut
1106 4209 1173 4263 anni
1188 4208 1307 4279 antiqui,
1327 4229 1337 4258 ι
1351 4209 1403 4262 huc
1418 4207 1559 4276 significat
1573 4204 1647 4275 quod
1660 4204 1735 4257 sicut
1752 4205 1782 4259 in

138 4310 221 4347 suum
236 4295 404 4356 dominator,
420 4312 505 4366 quern
519 4313 568 4350 ros
585 4298 709 4367 quaeritis
724 4305 753 4353 et
766 4301 883 4369 angelus
898 4305 936 4354 te·
978 4297 1116 4368 principio
1130 4298 1296 4368 placuerunt
1306 4296 1433 4361 Domino,
1445 4297 1484 4349 sic
1497 4299 1560 4366 post
1573 4300 1719 4364 peccatum
1731 4310 1783 4365 per

138 4383 271 4436 stamenti
285 4399 368 4453 quem
384 4400 432 4438 vos
444 4383 536 4438 vultis.
557 4404 568 4435 x
586 4386 628 4440 lta
641 4387 677 4441 de
693 4403 723 4440 se
738 4387 865 4442 Christus
879 4369 1171 4456 Do-Dpu'anitentiam
1188 4385 1300 4456 purgati
1315 4386 1424 4456 placere
1435 4385 1580 4455 incipiant.

138 4469 243 4538 minus,
258 4472 338 4542 quasi
359 4471 394 4526 de
416 4472 471 4525 alio
492 4473 570 4544 loqui
589 4473 697 4546 incipit,
712 4482 844 4530 consueto
860 4493 936 4531 more
1015 4496 1027 4522 ι
1044 4474 1081 4528 Et
1097 4475 1226 4527 accedam
1247 4475 1281 4527 ad
1297 4491 1345 4528 vos
1358 4475 1387 4528 in
1400 4474 1517 4544 judicio,
1534 4480 1560 4527 et
1576 4489 1624 4527 ero
1639 4473 1720 4527 testis
1736 4491 1782 4527 ve·

138 4559 358 4630 Scripturarum.
381 4559 445 4631 ipse
458 4565 500 4614 est
516 4560 591 4615 enim
603 4562 773 4629 dominator,
787 4564 835 4635 qui
849 4565 937 4619 domi·
976 4563 1021 4617 lox
1034 4562 1167 4616 maleficis
1181 4568 1210 4615 et
1224 4563 1368 4628 adulteris,
1385 4570 1414 4616 et
1426 4562 1557 4632 perjuris,
1571 4567 1601 4615 et
1615 4562 1662 4632 qui
1673 4563 1781 4617 calum·

137 4655 223 4703 natur
231 4650 308 4704 omni
317 4654 463 4715 creaturae,
475 4650 535 4720 ipse
545 4651 842 4721 angelusTestamenti
855 4653 933 4717 Novi,
978 4650 1092 4703 alantur
1107 4649 1264 4703 mercedem
1286 4649 1463 4710 mercenarii,
1479 4649 1576 4703 viduas
1599 4652 1629 4702 et
1644 4649 1778 4720 pupillos,

136 4738 197 4809 ipse
210 4740 378 4809 quarendus
388 4743 416 4793 et
428 4739 630 4794 desiderandus
642 4738 677 4792 ab
691 4741 830 4805 omnibus,
841 4742 888 4813 qui
900 4742 936 4796 ab
977 4744 1006 4793 ct
1019 4738 1183 4809 opprimunt
1197 4738 1387 4808 peregrinum,
1404 4755 1455 4793 nec
1471 4737 1627 4792 timuerunt
1640 4754 1695 4802 me,
1710 4737 1781 4792 dicit

136 4827 260 4897 antiquis
269 4827 518 4899 patribussemper
527 4827 747 4898 exspectabatur.
757 4829 936 4899 Praeparante
976 4827 1112 4882 Dominus
1126 4827 1309 4881 exercituum.
1328 4847 1339 4877 i
1355 4826 1490 4880 Terribile
1507 4826 1585 4880 valde
1599 4830 1651 4889 est,
1670 4843 1683 4876 a
1699 4842 1779 4879 acce-

136 4931 203 4984 ergo
221 4915 329 4969 Joanne
354 4916 382 4968 in
404 4915 535 4970 cordibus
555 4916 700 4970 bominum
715 4917 787 4971 viam
803 4917 931 4982 Domino,
976 4916 1040 4969 dam
1056 4915 1091 4967 ad
1108 4931 1154 4968 ros
1165 4914 1194 4967 in
1205 4915 1321 4984 judicio,
1332 4922 1360 4969 et
1374 4932 1421 4968 ero
1434 4914 1515 4968 testis
1527 4915 1615 4968 velox.
1627 4932 1640 4966 a
1653 4912 1717 4984 Ipse
1728 4915 1779 4984 qui

136 5002 233 5055 statim
248 5003 322 5056 venit
334 5004 369 5056 ad
383 5005 519 5073 templum
530 5021 623 5069 suum,
636 5005 719 5060 idest
732 5005 766 5058 ad
783 5005 933 5061 Ecclesiam
973 5005 1057 5075 judex
1068 5009 1120 5066 cst,
1133 5003 1186 5057 erit
1200 5009 1228 5057 et
1243 5004 1333 5065 testis,
1346 5005 1412 5074 qaia
1417 5003 1558 5073 judicabit
1572 5004 1645 5056 facta
1658 5019 1777 5074 operum

136 5106 216 5144 suam
227 5090 387 5144 dominator
397 5091 541 5154 Dominus,
552 5093 609 5147 sive
618 5093 654 5146 ad
664 5093 840 5164 singulorum
850 5095 935 5148 corda
975 5094 1109 5157 extenua
1124 5092 1183 5162 ipse
1197 5093 1278 5146 testis
1290 5092 1344 5146 erit
1359 5092 1471 5146 latentis
1481 5091 1657 5145 conscientiae
1669 5093 1777 5148 inaltifr-

136 5177 381 5249 fidelium,quibus
392 5178 673 5250 loquiturApostolus
685 5198 691 5235 :
705 5181 873 5252 ‹Teniplum
884 5182 933 5236 Dei
975 5181 1024 5246 cis,
1041 5180 1176 5234 adulteris
1197 5186 1226 5234 et
1246 5181 1375 5251 perjuris.
1391 5181 1455 5234 llaec
1470 5179 1586 5233 crimina
1603 5180 1709 5234 occulte
1725 5199 1778 5251 pa·

137 5271 265 5322 sanctum
280 5271 324 5320 est
337 5267 411 5336 quod
423 5267 489 5321 estis
504 5284 561 5321 ros.
576 5287 587 5319 ι
601 5268 709 5323 Hebraei
720 5269 773 5323 boc
783 5269 857 5340 quod
868 5269 934 5324 dici·
974 5274 1050 5322 trata
1059 5267 1237 5338 proferentur
1249 5268 1276 5321 in
1292 5268 1425 5322 medium.
1438 5269 1600 5338 Sequuntur
1610 5273 1639 5320 et
1653 5267 1777 5337 illaque

135 5365 200 5412 tur:
218 5373 232 5408 r
248 5355 329 5409 Mitto
341 5356 471 5425 angelum
487 5372 591 5414 meum.
611 5375 624 5409 a
640 5358 674 5410 ad
692 5358 781 5411 Etiam
797 5357 931 5411 referunt.
975 5356 1124 5413 manifesta
1136 5364 1203 5411 sunt
1219 5375 1224 5408 :
1242 5357 1289 5427 qui
1304 5356 1512 5410 calumniantur
1527 5355 1683 5408 mercedem
1700 5372 1776 5409 mer·

135 5443 217 5512 Quod
234 5459 297 5497 vero
318 5444 446 5513 sequitur
463 5459 469 5493 :
492 5446 624 5501 «Statim
641 5446 733 5500 veniet
747 5447 782 5499 ad
797 5447 933 5517 templum
974 5445 1090 5510 cenarit,
1106 5462 1169 5500 cum
1185 5445 1259 5499 dicat
1275 5446 1408 5499 Dominus
1426 5465 1432 5497 ε
1456 5445 1592 5498 «Merces
1608 5443 1776 5499 mercenarii

133 5532 302 5597 dominator,
315 5549 329 5584 a
342 5532 519 5589 Antichristo
533 5539 674 5606 coaptant,
689 5550 771 5606 quem
785 5550 837 5605 pro
852 5534 933 5589 Chri·
974 5534 1049 5606 apud
1059 5533 1208 5589 teomnino
1218 5540 1409 5599 nonmaneat;
1428 5534 1501 5587 »sed
1510 5533 1644 5587 viduaset
1652 5533 1777 5604 pupillos
