3840 6098
46 272 97 333 ⁵11
273 276 464 335 alamanis
477 278 722 371 HALBERSTAT.
736 280 847 337 FPISO.
865 279 945 337 OPP.
964 276 1057 335 PARS
1068 277 1092 334 1.
1108 305 1141 318 -
1157 272 1343 332 cannam.
1359 270 1452 328 BIBL.
1633 268 1687 326 tlt

44 399 115 469 ejus,
130 402 160 454 et
171 400 343 456 ascensionis
358 401 496 469 adcoelos,
514 409 543 457 et
561 404 697 459 adventus
711 405 787 460 illius
806 406 1060 472 adAroaftrmalrit
1075 419 1130 468 aas,
1146 401 1172 455 id
1193 404 1236 455 est
1255 396 1398 455 roborabit
1418 397 1448 452 in
1466 411 1519 451 sua
1541 394 1645 450 fldeet
1656 394 1688 449 in

42 486 190 558 judiciam.
205 487 273 553 Qua
286 490 448 545 testimonia
462 492 592 546 Christus
604 497 669 547 ante
684 494 843 564 passionem
885 493 966 547 bonis
991 491 1131 564 operibus,
1152 506 1237 559 itaqua
1257 493 1289 543 in
1309 491 1404 556 (imm,
1423 484 1453 539 id
1473 488 1517 540 est
1538 482 1688 555 usquead

45 591 127 631 suam
140 576 278 646 praedixit,
294 582 323 633 et
332 580 427 633 omnia
438 581 469 634 in
482 587 572 635 morte
587 598 638 635 sua
652 583 840 648 confirmavit,
885 581 959 635 diem
973 580 1073 635 mortis
1082 584 1192 644 restra,
1202 578 1246 631 rel
1264 591 1355 646 usque
1369 574 1405 628 ad
1418 573 1493 628 diem
1503 572 1615 644 judicii,
1625 573 1688 627 aaa

44 662 197 720 Videamus
207 681 295 722 unum
304 667 500 722 testimonium
515 685 548 722 ex
563 669 669 735 multis,
681 677 710 726 et
721 671 844 726 conside·
885 674 1013 726 crimina.
1030 671 1092 724 Non
1106 667 1174 722 dicit
1185 666 1246 721 sine
1260 668 1385 736 peccata,
1399 662 1449 718 sed
1469 663 1531 716 sine
1553 658 1686 727 crimine,

44 767 140 809 remus
149 754 291 826 quomado
301 755 371 811 illud
389 756 528 828 praedixit,
542 762 571 812 et
585 760 726 829 quomodo
739 761 841 814 condr—
884 759 913 813 id
928 760 1044 814 estsine
1059 756 1172 829 capitali
1187 758 1310 826 peceato,
1325 751 1429 824 quoda
1442 766 1531 821 regno
1547 749 1687 804 calorum

46 842 149 911 mavit3
160 841 243 915 longe
254 849 321 899 ante
331 845 492 917 passionem
503 847 670 917 suam‚dixit
679 847 840 920 discipulis:
884 852 1005 919 separat.
1018 849 1091 902 Nam
1105 845 1199 900 nullas
1212 844 1298 898 homo
1314 847 1359 895 est
1372 845 1569 912 superterram
1579 836 1631 909 qui
1646 837 1688 892 ia-

44 931 109 986 ane
118 933 295 988 ascendimus
303 934 524 1004 Hierosolymam
538 941 562 989 at
575 939 844 991 consummatarum·
884 937 940 990 siut
954 936 1058 991 bonum
1074 939 1102 990 et
1115 949 1173 988 non
1187 936 1350 1004 percensui
1359 929 1388 984 in
1398 927 1492 993 verbo,
1506 925 1601 981 autin
1611 925 1689 996 cogi·

45 1022 142 1074 amnia
154 1036 213 1090 qma
226 1024 330 1090 scripta
342 1028 408 1077 surrt
422 1039 472 1092 prr
479 1026 625 1092 prophetas
635 1026 667 1078 de
677 1027 747 1079 Filio
758 1027 843 1079 hami·
884 1025 1000 1080 tutione.
1022 1023 1101 1078 Unde
1124 1027 1153 1077 et
1172 1022 1295 1076 loannes
1315 1017 1356 1073 ait
1372 1016 1423 1073 :Si
1436 1017 1593 1070 dixerimus
1616 1016 1688 1082 qaia

44 1110 99 1172 nis,
125 1114 190 1176 eia,
210 1126 301 1182 usqua
325 1111 393 1166 dum
417 1111 466 1175 ait,
496 1118 521 1166 at
548 1115 592 1166 dia
616 1118 699 1168 terlio
720 1120 842 1182 resurpat
880 1116 1090 1181 peccaturrtaan
1105 1103 1688 1175 trahamus,nasipsosseducimus,atcariias

46 1196 119 1264 (Lao.
135 1197 227 1263 xv111l.
243 1198 289 1255 Sic
296 1200 399 1266 omnia,
413 1200 461 1255 illo
470 1201 599 1256 veniente
608 1204 840 1274 Hierosolymam,
883 1204 915 1255 in
929 1203 1003 1255 italis
1015 1217 1070 1254 narr
1085 1206 1123 1254 ast
1134 1201 1243 1268 tllaan.
1260 1198 1290 1255 ll.
1305 1194 1385 1260 Quod
1399 1198 1494 1249 autem
1509 1190 1579 1245 dicit
1597 1205 1687 1244 :con-

45 1287 186 1358 templata
197 1292 274 1354 sunt,
286 1288 351 1360 quia
362 1289 483 1343 traditus
494 1297 537 1345 est
542 1292 682 1362 gentibus,
697 1293 787 1346 Pilato
796 1294 844 1347 sci·
884 1289 1009 1344 firmabit
1022 1306 1069 1343 ros
1087 1304 1175 1360 usque
1194 1286 1224 1342 in
1237 1286 1333 1351 finem,
1354 1284 1409 1338 hoc
1423 1280 1562 1353 exposuit,
1577 1277 1687 1333 subne-

42 1373 164 1441 linotet
184 1376 322 1432 militibus
346 1378 407 1447 ejus
430 1379 530 1434 illusus
552 1387 605 1447 est,
625 1382 741 1447 occisus,
759 1387 787 1436 et
799 1383 843 1437 die
885 1384 963 1433 otens
979 1397 985 1431 ε
1002 1382 1035 1434 ln
1055 1380 1100 1433 die
1114 1379 1247 1432 aduamm
1261 1376 1375 1430 Domini
1388 1373 1478 1426 nostri
1490 1370 1554 1425 lesa
1565 1367 1685 1433 Christi,

44 1462 130 1517 tertia
140 1466 305 1521 resurrexit.
321 1467 402 1522 Unde
415 1469 482 1523 dicit
496 1471 646 1540 Apostolus
658 1490 664 1525 :
677 1472 755 1527 Sicut
766 1473 843 1526 testi·
885 1468 996 1540 quando
1020 1468 1080 1539 ipse
1103 1467 1196 1521 veniet
1215 1465 1332 1520 reddere
1350 1460 1502 1532 unicuique
1525 1455 1687 1512 secundum

44 1549 172 1607 maniam
188 1553 303 1621 Christi,
314 1554 392 1610 idest
403 1558 792 1628 evangeliumnonnrmatum
801 1567 844 1616 est
884 1573 970 1627 opera
983 1571 1043 1610 sua.
1056 1556 1227 1610 Dureautem
1240 1549 1469 1607 suntroeationes
1481 1561 1553 1602 :aaa
1567 1549 1688 1616 eaque

44 1638 76 1695 in
86 1638 173 1707 vobis,
187 1640 240 1697 hoo
249 1647 301 1710 est,
312 1645 449 1699 creditum
466 1652 509 1700 est
523 1663 540 1700 a
555 1647 641 1714 vobis,
659 1655 687 1703 et
698 1651 843 1704 confirma·
884 1647 917 1700 at
930 1645 1049 1715 singulis
1063 1644 1234 1709 hominibus,
1246 1638 1401 1713 quandoab
1415 1638 1468 1691 hac
1478 1635 1536 1690 rita
1549 1649 1603 1706 per
1612 1646 1689 1687 mor-

44 1732 106 1783 tum
121 1728 265 1786 inveniris
287 1732 424 1799 cordibus,
446 1737 513 1806 quia
537 1737 631 1792 omnia
650 1739 763 1794 creditis
778 1756 874 1824 veraB
884 1741 943 1790 tem
957 1735 1082 1807 corporis
1094 1736 1243 1788 transeunt
1249 1729 1367 1786 vocatia
1381 1725 1517 1783 Domina:
1529 1718 1689 1777 alternarit

44 1819 423 1890 essequaibieontinentur.
441 1828 483 1880 lta
503 1831 534 1878 at
549 1827 622 1881 nihii
640 1829 713 1882 cobis
728 1829 797 1882 desit
811 1833 843 1883 in
882 1825 1022 1896 generalis
1044 1825 1074 1878 in
1094 1824 1140 1878 die
1150 1820 1260 1895 judicii,
1286 1819 1398 1893 quando
1420 1830 1527 1880 ornnes,
1542 1818 1605 1867 tam
1618 1810 1688 1866 boni

44 1907 108 1960 alla
116 1911 221 1975 pratia,
236 1909 265 1963 id
280 1914 323 1964 est
336 1925 429 1982 neque
439 1913 467 1967 in
478 1914 542 1979 side,
558 1930 650 1985 neque
664 1915 693 1969 in
704 1916 841 1982 doctrina,
883 1930 968 1986 quam
983 1913 1059 1979 mali,
1073 1914 1108 1967 ad
1121 1912 1258 1984 judicium
1268 1908 1455 1973 vocabuntur,
1468 1908 1496 1959 et
1510 1918 1582 1974 quos
1591 1900 1689 1954 inista

44 2010 136 2066 neque
145 1995 175 2050 in
184 1996 347 2054 diversitate
358 2000 530 2071 linguarum,
545 2005 781 2074 nequainrirtute
793 2008 843 2061 rni-
883 2003 975 2074 prima
984 2003 1128 2056 vocatione
1138 1999 1277 2055 invenerit
1287 1998 1362 2052 Deus
1373 1993 1552 2065 omnipotens
1560 1988 1638 2043 bene
1646 1987 1689 2041 la·

45 2083 216 2161 raculorum.
233 2086 357 2152 Quaestio
367 2090 457 2144 oritur
471 2092 501 2145 in
512 2092 564 2146 hoc
579 2092 639 2147 loco
654 2093 694 2147 :si
704 2095 842 2150 Corinthii
883 2089 1026 2156 borautes,
1038 2090 1100 2144 illos
1110 2089 1207 2160 utique
1217 2089 1247 2143 in
1258 2085 1382 2141 secunda
1394 2098 1451 2138 non
1462 2076 1574 2136 vacabit
1583 2077 1623 2131 ad
1633 2076 1688 2130 hoe

45 2171 145 2228 divites
152 2180 235 2230 erant
244 2175 309 2230 tacti
322 2176 351 2232 in
362 2179 437 2233 omni
449 2179 531 2234 verbo
544 2186 573 2235 et
584 2180 611 2234 in
627 2182 704 2236 omni
716 2184 841 2250 seientia,
884 2185 917 2233 ut
930 2179 1045 2233 damnet
1063 2195 1126 2233 cum
1150 2168 1286 2249 reprobis,
1308 2174 1357 2246 qui
1379 2169 1504 2227 audituri
1526 2171 1618 2222 sunt!
1635 2166 1686 2228 lle,

44 2264 74 2316 et
85 2261 109 2317 si
125 2266 205 2318 tanta
216 2264 310 2336 gratia
321 2273 402 2322 erant
417 2269 525 2339 repleti,
547 2275 579 2323 ut
594 2270 664 2324 nihil
679 2271 718 2325 eis
733 2272 843 2328 deesset
884 2270 1035 2331 maledicti,
1051 2271 1082 2321 in
1100 2271 1191 2336 ionem
1205 2271 1351 2331 aternum,
1362 2261 1413 2316 sed
1428 2259 1521 2332 potius
1536 2263 1571 2311 ut
1586 2270 1688 2311 remu·

42 2349 151 2420 gratia,
163 2350 236 2407 siout
244 2353 463 2426 insequentibus
473 2357 584 2423 dicitur,
602 2375 689 2428 quare
699 2363 842 2432 apostolus
883 2363 963 2411 neret
974 2373 1036 2412 cum
1053 2356 1157 2422 electis,
1174 2354 1276 2428 quibus
1289 2353 1416 2408 dicturus
1435 2354 1499 2404 est:
1523 2349 1626 2413 Venite,
1642 2347 1688 2401 ba-

42 2438 74 2493 in
96 2438 332 2513 subsequentibus
349 2444 435 2515 hujus
456 2446 581 2517 epistolae
604 2448 672 2502 locis
686 2449 761 2505 dieat
780 2451 842 2506 illos
883 2448 986 2501 nadieti
999 2448 1091 2500 Patris
1105 2448 1168 2507 anai,
1179 2444 1311 2513 percipite
1326 2456 1444 2510 rapnam
1461 2438 1535 2493 nobis
1544 2440 1687 2506 paratam

44 2527 234 2585 contentiosos
244 2547 315 2600 esse,
327 2533 479 2605 etinsuper
488 2535 583 2602 addat,
594 2537 629 2590 ad
644 2540 840 2594 verecundiam
882 2537 916 2589 ab
931 2539 1038 2603 oripine
1050 2536 1152 2588 rnundi
1161 2534 1270 2606 (Mutila.
1282 2536 1357 2600 xxv).
1368 2531 1400 2586 In
1412 2527 1541 2584 omnibus
1550 2523 1633 2580 enim
1644 2539 1690 2577 ve·

42 2623 165 2672 rosham
179 2618 259 2674 dico?
268 2620 336 2686 Qua
346 2622 398 2676 hoc
410 2623 493 2678 moda
507 2625 625 2679 solvitur
639 2626 734 2682 :Sicut
744 2628 773 2681 in
784 2645 842 2683 om·
882 2638 932 2676 rax
946 2622 1102 2694 apparebit,
1113 2622 1187 2676 sicut
1200 2619 1348 2692 sequentia
1362 2613 1598 2672 manifestabunt.

43 2704 126 2761 nibus
136 2706 262 2763 ecclesiis
271 2708 327 2765 duo
337 2716 405 2765 sunt
417 2727 523 2781 genera
536 2713 841 2781 hominum,bonorum
918 2713 1017 2766 Fidelis
1032 2713 1111 2778 aeos,
1131 2727 1181 2780 per
1200 2726 1281 2780 quarn
1299 2709 1388 2763 vocati
1408 2709 1470 2760 aslis
1484 2704 1689 2758 insacietatem

43 2793 150 2851 scilicet
163 2801 191 2850 et
205 2797 355 2865 malorum,
372 2799 412 2854 ita
426 2801 500 2871 apud
516 2801 679 2856 Corinthios
693 2809 760 2858 tunc
771 2810 843 2859 tem·
884 2802 951 2854 Filii
972 2804 1030 2870 ojus
1051 2803 1115 2854 lesu
1137 2800 1250 2855 Christi.
1271 2796 1374 2852 Fidelis
1389 2796 1473 2850 Pater
1485 2791 1605 2857 dicitur,
1620 2790 1691 2862 qaia

43 2883 216 2954 poriserant.
231 2886 357 2942 Primum
373 2905 449 2959 ergo,
466 2891 616 2960 Apostolus
626 2891 782 2947 alaudibus
792 2911 844 2948 eoe-
885 2905 967 2943 verax
982 2895 1025 2943 est
1039 2900 1067 2943 et
1074 2889 1228 2960 completor
1241 2887 1285 2942 sui
1299 2884 1446 2940 sermonis.
1458 2879 1597 2937 Promisit
1610 2879 1688 2935 enirn

44 2970 87 3042 pit
103 2978 134 3027 at
145 2974 302 3043 gratiarum
317 2976 436 3042 actione,
453 2979 598 3050 alloquens
613 2997 661 3034 eos
677 2982 722 3051 qui
738 2982 769 3036 in
787 2983 842 3037 tide
884 2978 1003 3033 Abrahae
1012 2979 1143 3035 daturum
1154 2994 1183 3032 se
1193 2977 1234 3032 illi
1246 2984 1351 3031 terram
1367 2969 1606 3046 peregrinationis
1616 2984 1687 3036 suae,

45 3058 183 3133 bonisque
197 3063 328 3133 operibus
349 3067 464 3136 perfecti
478 3073 570 3135 amnt,
585 3068 761 3124 abundantes
775 3043 872 3125 diri-C
884 3074 912 3122 et
927 3068 1000 3139 quod
1015 3068 1044 3122 in
1063 3067 1169 3121 semine
1189 3068 1250 3137 ejus
1264 3062 1461 3119 benedicenda
1472 3063 1573 3115 essent
1587 3073 1690 3114 omnes

45 3145 93 3200 tiis
116 3149 299 3220 spiritalibus,
319 3158 351 3208 ut
374 3155 427 3226 ipsi
440 3172 552 3227 semper
565 3157 595 3210 in
610 3157 711 3211 melius
725 3159 843 3228 profice·
883 3162 991 3227 gentes,
1006 3156 1035 3210 id
1058 3162 1102 3210 est
1121 3157 1151 3210 in
1166 3155 1287 3221 Christo,
1304 3151 1508 3223 complevitque
1527 3147 1602 3203 illud
1615 3146 1691 3202 siem

44 3241 119 3303 rent,
139 3237 234 3311 sicque
250 3243 428 3313 postmodum
447 3244 557 3299 fortiter
575 3246 660 3316 coepit
673 3246 842 3317 redarguere
884 3246 967 3299 modo
983 3242 1361 3300 cernimusPromisitnobis
1371 3238 1626 3312 perFiliumsuum
1640 3251 1689 3289 re-

45 3321 166 3399 illosqui
180 3328 210 3384 in
224 3330 279 3386 ilde
299 3331 441 3398 errabant,
457 3333 701 3406 dissensionesque
718 3336 841 3389 semina·
882 3350 970 3403 gnum
985 3335 1132 3401 coelarum3
1150 3349 1233 3387 verax
1252 3329 1399 3403 apparebit
1412 3328 1511 3399 utique
1522 3324 1593 3397 quia
1606 3323 1690 3379 dabit

44 3410 123 3480 bant,
135 3432 213 3472 more
228 3418 391 3490 peritissimi
407 3421 505 3474 medici
521 3438 617 3491 agens,
630 3423 677 3493 qui
691 3423 792 3478 vulnus
801 3441 843 3478 se·
883 3422 952 3476 illud
967 3422 1057 3487 nobis,
1074 3423 1096 3475 si
1112 3421 1350 3493 permanserimus
1365 3419 1392 3473 in
1404 3417 1459 3471 lide
1469 3416 1541 3486 ejus.
1559 3412 1689 3468 Societa-

43 3503 165 3560 aandum
180 3506 286 3574 videns,
306 3508 355 3563 sed
379 3525 485 3579 aegrum
507 3510 637 3564 timidum
657 3528 717 3565 esse
730 3514 842 3584 oonspi-
883 3515 941 3564 tem
950 3511 1164 3578 hic,secundum
1174 3508 1364 3569 Ambrosium,
1378 3503 1589 3560 fraternitatem
1602 3499 1689 3556 debe·

43 3590 130 3660 ⁰50⁰&
139 3594 188 3650 diu
201 3596 377 3668 palpatione
391 3598 527 3664 membra,
541 3597 688 3670 subitoque
703 3602 839 3671 percutit:
883 3616 946 3654 mus
968 3600 1103 3671 accipere.
1119 3598 1232 3663 Fidelis,
1249 3597 1351 3668 inquit,
1368 3595 1443 3650 Deus
1454 3592 1538 3647 Pater
1552 3595 1585 3645 et
1600 3604 1688 3645 vem

43 3694 122 3736 more
145 3682 232 3736 eliam
251 3684 357 3750 arietis,
384 3685 431 3756 qui
450 3686 572 3756 primum
588 3687 735 3742 humiliato
750 3690 841 3760 capite
882 3690 985 3759 estqui
995 3688 1073 3742 dabit
1082 3688 1177 3742 omnia
1190 3686 1264 3741 bona
1276 3685 1374 3757 patria
1386 3682 1515 3747 caelestis,
1531 3695 1586 3751 per
1598 3692 1687 3751 quem

42 3766 156 3834 incedit,
173 3771 222 3826 sed
232 3772 411 3843 postmodum
423 3774 533 3829 sortiter
543 3776 615 3829 serit.
630 3776 840 3832 Primumenim
883 3777 972 3830 Derim
987 3777 1099 3831 Patrem
1115 3776 1204 3830 vocati
1224 3776 1292 3830 estis
1306 3775 1336 3829 in
1351 3774 1525 3836 societatem,
1540 3768 1572 3823 id
1591 3773 1639 3824 est
1654 3766 1687 3822 in

41 3855 167 3913 laudavit
178 3856 412 3927 bonos,etdeinde
419 3865 557 3934 percussit
569 3866 840 3921 malosverecundm
881 3864 1085 3919 fraternitatem
1095 3865 1158 3920 Filii
1171 3867 1232 3936 ejus
1240 3866 1253 3919 J
1257 3881 1307 3919 esu
1318 3863 1466 3930 Christi,ut
1476 3859 1567 3916 amus
1577 3858 1686 3913 frames

43 3945 149 4002 etenim
160 3950 338 4017 mentes,nisi
352 3951 841 4026 iuerintpalpandoreprehensans
881 3954 947 4008 Jesu
962 3954 1065 4007 Christi
1080 3960 1108 4007 et
1122 3953 1172 4008 lilii
1187 3954 1258 4024 aius,
1274 3969 1331 4008 non
1343 3957 1544 4024 pernaturam,
1561 3946 1616 4002 sed
1634 3962 1687 4018 per

41 4038 75 4089 ut
87 4050 121 4090 ex
133 4036 197 4092 aliis
209 4037 294 4095 rebus
308 4041 426 4097 audiant
441 4043 513 4114 quod
525 4043 553 4097 in
566 4042 787 4099 consolationem
797 4061 842 4098 su·
881 4042 1071 4113 adoptionem.
1087 4043 1141 4096 Per
1153 4042 1254 4097 Filium
1270 4057 1353 4096 suum
1368 4039 1474 4119 vocant
1485 4053 1539 4092 nos
1552 4034 1686 4091 adlidem

41 4127 842 4203 mant,perinorepationemduramprotinusaddespcra-
882 4144 973 4198 suam,
991 4134 1021 4183 ut
1031 4130 1068 4183 sit
1081 4129 1140 4201 ipse
1152 4130 1234 4184 nobis
1249 4130 1342 4192 Pater,
1359 4134 1387 4183 et
1402 4127 1490 4182 simus
1503 4141 1557 4179 nos
1576 4123 1684 4179 iratres

42 4211 149 4267 tionem
164 4215 278 4271 eadunt.
289 4219 514 4285 desposcentibus
522 4222 716 4275 revelationem
728 4223 841 4275 domini
881 4218 944 4273 Filii
960 4219 1200 4290 ejusQuicunque
1210 4218 1286 4272 enim
1294 4219 1323 4271 in
1331 4217 1421 4271 Deum
1430 4213 1571 4269 veraciter
1579 4210 1683 4277 credit,

42 4302 133 4352 nostri
162 4302 225 4357 lesu
251 4303 363 4359 Christi.
394 4305 535 4360 Revelatio
564 4308 754 4363 ruanifestatio
787 4315 838 4375 est,
882 4308 997 4377 ejusque
1008 4307 1144 4361 voluntati
1154 4305 1339 4377 obtemperat,
1351 4305 1411 4377 ipse
1421 4299 1685 4374 utiquefraterDo-

42 4385 171 4443 Christus
183 4405 250 4461 ergo
265 4391 348 4447 modo
365 4391 545 4448 absconditus
564 4402 607 4449 est
621 4397 838 4466 quodammado,
847 4396 872 4453 D
882 4395 950 4449 mini
966 4397 1054 4449 nostri
1068 4394 1137 4449 Jesu
1153 4395 1259 4450 Christi
1273 4401 1326 4462 est,
1340 4410 1396 4448 non
1410 4409 1461 4465 per
1470 4396 1619 4458 naturam,
1632 4387 1682 4445 sed

42 4479 71 4529 et
84 4491 141 4531 non
154 4484 280 4551 apparet,
298 4481 366 4553 quia
379 4498 435 4535 non
448 4483 560 4538 ridetur
573 4484 680 4538 anobis
694 4485 747 4539 nisi
759 4502 839 4539 men·
881 4485 1056 4554 pergratiam
1067 4484 1235 4556 adoptionis,
1244 4484 1382 4555 sicutipse
1391 4477 1659 4551 dicitinEvangelio
1675 4494 1682 4529 :
1860 4540 1877 4552 ·

40 4568 81 4619 te.
96 4564 349 4624 Videbiturautem
362 4570 392 4625 in
407 4571 451 4625 die
462 4573 572 4643 judicii,
587 4574 699 4643 quando
711 4590 741 4627 se
753 4575 841 4629 mani·
881 4575 1046 4646 Quicunque
1055 4575 1153 4628 iecerit
1161 4572 1498 4635 saluritateml’atrismei,
1515 4570 1681 4638 quiincatis
1847 4600 1915 4659 τῃ

40 4651 156 4711 satiabit
167 4655 298 4714 omnibus
318 4658 480 4715 hominibus
494 4667 551 4715 tam
570 4663 665 4717 electis
691 4679 775 4734 quam
795 4681 840 4718 re·
881 4667 1071 4731 ast,ipsamaus
1087 4666 1187 4731 frater,
1198 4679 1285 4727 soror,
1302 4666 1425 4716 etniater
1439 4656 1680 4727 ast(Matth.sr1l;
1824 4697 1847 4733 ε
1874 4708 1906 4751 Γ

39 4743 144 4814 probis,
173 4745 246 4803 siout
266 4747 336 4803 dicit
361 4748 516 4820 Scriptura,
542 4750 598 4805 imo
626 4752 768 4823 Propheta
790 4770 841 4824 per
881 4751 967 4806 etad
990 4751 1121 4805 mulieres
1145 4756 1209 4822 post
1229 4749 1486 4804 resurrectionem:
1507 4747 1558 4814 Ite,
1578 4744 1678 4817 inquit,
1808 4812 1826 4837 ι
1837 4740 1900 4840 3‘

40 4832 214 4905 scripturam
236 4835 376 4893 :Videbit
391 4839 483 4893 omnis
508 4856 571 4894 earo
593 4841 716 4895 salutare
734 4841 795 4908 Dei,
812 4847 841 4895 et
880 4844 1008 4895 nrarrtiala
1023 4842 1162 4908 fratribus
1176 4843 1243 4894 mais
1259 4840 1366 4908 (diutili.
1384 4837 1487 4903 ιιιιιιιι).
1870 4832 1879 4854 ’

41 4924 109 4975 tunc
132 4922 212 4978 dabit
234 4925 330 4981 electis
354 4928 475 4998 gloriam
500 4945 584 4999 quam
606 4930 646 4984 ais
661 4930 797 5000 promisit,
811 4937 840 4985 et
917 4931 1026 4986 Obsecro
1037 4926 1587 4997 autemiias‚sratres,prrnamanliamini
1593 4925 1681 4980 nostri
1765 4944 1851 5017 ’,Ὗ

40 5005 125 5062 vitam
137 5009 199 5065 sine
211 5012 268 5067 tine
283 5030 444 5069 mansuram
459 5035 465 5083 ;
482 5017 556 5070 unde
578 5019 729 5088 Apostolus
743 5019 813 5072 alias
830 5036 835 5070 :
878 5022 941 5073 λιι-ιι
955 5020 1067 5084 Christi,
1079 5024 1110 5072 ut
1121 5020 1242 5086 idipsum
1252 5019 1351 5071 dicatis
1359 5031 1461 5079 orama,
1472 5018 1498 5068 ct
1511 5030 1572 5069 nan
1581 5016 1682 5069 sintin
1744 5046 1831 5101 „a

40 5094 154 5162 Mortui,
170 5098 271 5170 inquit,
288 5106 351 5156 estis
362 5111 469 5172 peceato
479 5110 502 5157 et
514 5109 669 5159 ritareslra
679 5108 838 5160 abscondita
879 5108 952 5160 roais
961 5106 1120 5160 schismata.
1132 5106 1273 5159 llactcnus
1283 5102 1406 5158 laudarit
1416 5102 1479 5156 illas
1488 5100 1697 5172 quipermaa·
1721 5132 1788 5156 x
1798 5157 1823 5177 q,

40 5187 79 5237 est
92 5199 156 5238 cam
167 5185 274 5241 Christo
288 5191 319 5243 in
334 5190 396 5243 Itao.
413 5192 481 5244 dum
500 5198 595 5247 autem
615 5194 739 5248 Christus
751 5210 837 5263 appa·
878 5200 977 5249 serunt
986 5195 1122 5248 veraciter
1132 5195 1161 5247 in
1172 5193 1341 5257 side,amodo
1353 5190 1519 5246 veraexhao
1531 5190 1598 5245 loco
1614 5188 1777 5246 inei-x
1797 5240 1817 5259 ³
1907 5182 1919 5251 ,ί

40 5274 131 5325 ruerit
141 5275 199 5328 vita
222 5280 321 5340 uestra,
344 5282 409 5332 tanc
422 5284 446 5333 at
460 5297 504 5334 ros
521 5284 689 5350 apparabitis
703 5300 767 5337 eam
779 5287 837 5352 apso
878 5281 920 5353 pit
932 5282 1101 5353 redarguere
1120 5283 1193 5347 illos,
1210 5282 1258 5353 qui
1274 5281 1424 5335 divisiones
1436 5279 1513 5351 (quta
1526 5278 1813 5346 schismatak,
1899 5256 1913 5333 i·

38 5362 257 5430 inploriatiial.
275 5367 405 5437 ln),quia
421 5369 500 5423 eritis
523 5371 596 5424 sicut
620 5372 714 5442 angeli
738 5371 788 5427 Dei
809 5373 836 5425 in
876 5389 966 5441 graece
985 5373 1172 5442 appellantur)
1192 5370 1378 5435 seminabant,
1398 5368 1753 5439 dicentessepotiu²
1798 5393 1809 5428 r
1897 5342 1903 5393 ’5

38 5446 117 5512 cralo,
134 5451 253 5523 atquod
267 5454 420 5525 majus'ast
439 5476 445 5510 ε
463 5459 573 5513 Similes
591 5462 745 5519 aiarirnus,
768 5478 836 5528 qao·
878 5461 950 5515 alios
973 5459 1267 5532 hominumaquibus
1290 5458 1513 5538 baptizabantur,
1538 5455 1619 5511 sicut
1644 5466 1805 5510 sc==
1889 5440 1919 5527 j‘i·

37 5541 117 5597 niam
130 5543 282 5598 ridebimus
296 5549 457 5600 camsieati
470 5549 560 5615 asttll
576 5551 656 5603 loon.
672 5564 721 5619 rm.
746 5550 836 5616 Quint
877 5549 994 5657 quentia
1015 5550 1207 5618 manifestant,
1227 5565 1313 5625 quam
1333 5547 1481 5605 ssli⁰sD0h
1496 5545 1710 5619 Q¹¹⁸PF⁰P23
1786 5557 1802 5592 ¹
1876 5546 1918 5665 [Κ
