3840 6098
121 288 173 350 99
490 274 830 351 9199999999.
848 274 1410 354 9.9991.;9919199.19999.
1705 292 1759 359 nv

121 414 258 490 utrosque
276 416 312 475 ab
325 413 403 477 omni
425 417 609 487 adversitate,
634 416 805 492 generaliter
824 423 918 474 autem
928 424 952 481 Α
963 424 1013 493 put
1025 424 1068 481 991
1082 418 1208 481 omnium
1230 418 1382 477 electorum
1413 424 1441 477 et
1466 412 1593 477 omnium
1612 408 1759 503 virtutum,

121 502 210 585 pascit
240 496 270 560 91
287 507 378 567 reiicit
394 513 485 563 totum
508 506 646 563 mundum
672 504 733 561 cibo
764 506 915 579 corporali.
962 526 1115 584 omnesque
1126 510 1249 575 electiet
1259 527 1358 569 omnes
1369 512 1486 567 virtutes
1498 517 1566 566 9991
1575 526 1676 583 corpus
1686 508 1759 605 ajuq,
1846 560 1852 571 .

119 590 195 648 11999
207 594 296 649 etiam
312 588 374 669 ejus
382 594 466 676 arhor
477 602 571 669 potest
580 591 710 673 intelligi,
720 594 864 669 quiasicut
874 613 920 651 ar·
962 599 1002 654 ita
1015 590 1232 677 diaboluscaput
1241 584 1417 659 estomnium
1427 601 1610 679 reproborum
1621 598 1761 677 omnium·

118 678 171 736 bor
184 680 221 737 ad
237 682 289 739 hoc
304 684 450 758 plantatur
463 688 495 739 ut
508 684 631 739 fructum
642 682 741 740 allerat
757 682 918 756 plantatori,
962 670 1016 765 q³ue
1026 684 1169 752 vitiorum,
1184 704 1338 761 omnesque
1353 678 1464 767 reprobi
1475 674 1609 749 etomnia
1619 690 1686 745 vitia
1696 704 1760 746 cor·

118 768 160 824 119
179 787 257 832 mors
283 770 390 831 Christi
401 773 436 828 ad
453 770 507 829 hoc
522 772 665 835 celebrata
681 779 724 829 991
736 772 766 828 19
780 790 872 840 cruce,
888 780 922 835 ut
962 784 1015 853 pus
1029 760 1105 833 illius
1120 772 1280 841 suntetad
1295 776 1450 859 1999191919Ι
1463 779 1760 841 99191199199999199-

116 856 243 914 fructum
251 861 921 936 9919119919919999119919911999919999190999-
963 864 1001 921 119
1025 866 1128 922 9919919
1155 862 1277 923 huminis
1294 864 1361 922 Adae
1384 863 1471 922 semel
1494 866 1525 922 in
1543 852 1684 940 baptis'm'o
1705 861 1761 945 iu't

114 942 192 1022 ritur
206 960 295 1021 quare
317 946 419 1006 dixerit
444 948 606 1025 Apostolus,
625 952 808 1021 cornpluntuti
823 968 920 1005 999999
961 954 1513 1031 destruaturuniversitasvitiorumque
1528 962 1570 1011 est
1584 956 1760 1033 9999999119-

115 1036 306 1097 similitudini
318 1043 416 1094 mortis
430 1036 497 1111 ejus,
515 1037 596 1094 idest
609 1038 723 1105 Christi,
737 1034 833 1094 91999
850 1040 918 1095 sim-
960 1044 1016 1097 boli
1033 1062 1038 1096 :
1056 1049 1088 1098 ut
1102 1043 1176 1097 ultra
1187 1059 1244 1098 non
1259 1042 1549 1112 serviamusdiabol03
1563 1044 1759 1101 9119999999-

106 1122 231 1205 pliciter
242 1127 426 1200 complantati
442 1146 541 1189 sumus
555 1130 640 1185 morti
656 1130 727 1203 ejus.
748 1128 823 1184 llors
843 1131 918 1185 enim
960 1132 1026 1188 dum
1042 1131 1191 1203 Origenem
1206 1148 1307 1203 corpus
1317 1134 1423 1205 pcccati
1435 1140 1527 1207 potest
1550 1134 1685 1207 appellari
1698 1134 1761 1190 uui·

111 1212 225 1269 christi
240 1217 270 1270 in
282 1214 335 1271 hoc
348 1218 408 1272 loco
424 1217 573 1290 dupliciter
597 1223 691 1290 potest
713 1217 842 1291 intelligi.
859 1223 918 1279 tam
960 1221 1077 1277 versitas
1093 1221 1234 1283 vitiorum,
1252 1237 1313 1295 quae
1338 1221 1444 1276 1991991
1463 1240 1550 1277 unum
1569 1240 1670 1295 corpus
1685 1238 1756 1299 quo-

105 1302 256 1383 spiritalis
267 1303 921 1380 videlicetquamcorporalis.similitudinimor·
962 1309 1112 1365 dammodo
1122 1310 1244 1382 peccati:
1258 1310 1369 1385 singula
1379 1311 1548 1366 autemvitia
1557 1310 1684 1365 membra
1693 1308 1761 1367 suut

102 1392 154 1446 119
168 1393 234 1471 ejus
247 1392 401 1473 corporalis
415 1396 648 1469 complantamur.
661 1395 772 1467 quando
788 1395 860 1450 sicut
873 1396 919 1451 ille
962 1398 1153 1457 universitatis
1168 1417 1173 1428 ·
1192 1415 1277 1473 quam
1290 1398 1416 1473 praecipit
1425 1399 1578 1473 Apostolus
1593 1396 1700 1455 destrui
1710 1402 1761 1475 per

104 1484 250 1539 mortuus
265 1486 308 1537 est
321 1500 436 1556 corpore
450 1500 500 1556 pro
509 1484 701 1561 peccatoribus
720 1500 770 1538 nos
782 1483 920 1543 morimur
963 1486 1155 1553 abolitionem,
1166 1486 1195 1542 id
1206 1494 1249 1542 est
1258 1504 1308 1560 per
1318 1486 1486 1545 deletionem
1499 1488 1674 1543 cessationis.
1685 1482 1761 1549 Bane

104 1576 246 1643 peccato.
263 1570 296 1627 ln
308 1573 361 1629 hoc
375 1572 449 1628 enim
465 1579 506 1629 est
520 1568 685 1641 similitudo,
702 1573 768 1646 quia
785 1573 832 1633 ille
845 1590 920 1631 mor·
963 1582 1057 1635 autem
1074 1574 1143 1630 dicit
1168 1574 1323 1648 Apostolus
1343 1573 1430 1631 semel
1453 1581 1598 1631 mortuum
1612 1593 1673 1631 esse
1688 1583 1764 1651 veta·

103 1663 187 1714 1999
201 1668 246 1716 991
268 1677 394 1735 corpora,
410 1679 461 1717 nos
481 1660 566 1718 vitiis.
593 1662 684 1718 Aliter
707 1679 714 1718 :
736 1644 921 1721 similitudini
962 1680 1023 1719 reni
1038 1662 1194 1734 huminem,
1209 1670 1240 1719 ut
1257 1664 1408 1721 admoneat
1425 1680 1476 1719 nos
1491 1680 1588 1721 cavere
1604 1662 1763 1723 criminalia

95 1748 220 1803 :nortis
237 1750 299 1822 9199
314 1744 449 1822 spiritalis
462 1750 696 1825 complantamur,
708 1751 820 1827 quando
834 1751 951 1834 mori-B
963 1760 1077 1831 peccata
1095 1773 1100 1806 z
1115 1753 1180 1825 quia
1194 1752 1267 1807 sicut
1283 1752 1412 1807 Christus
1424 1754 1511 1808 semel
1523 1758 1653 1808 mortuus
1667 1758 1721 1821 est,
1735 1758 1764 1829 91

99 1850 185 1891 auur
209 1836 403 1895 criminalibus
426 1836 557 1912 peccatis.
581 1837 632 1895 Ille
655 1838 730 1896 enim
754 1838 782 1894 in
804 1837 921 1894 veritate
960 1836 1765 1917 jarnnonmoriturituetnossisemelmortuisumuspcc-

83 1933 249 1984 mortuus
267 1922 391 2000 peccato,
407 1929 455 2001 qui
469 1946 615 2005 nunquam
637 1928 771 2005 peccavit.
787 1928 838 1985 Cui
852 1928 922 1984 veri·
963 1936 1026 1987 cato
1043 1931 1071 1985 in
1087 1929 1332 2002 baptismate,non
1342 1931 1600 2003 possumusiterum
1613 1924 1762 2009 baptizari.

83 2016 168 2069 tati
183 2032 243 2079 non
264 2034 414 2089 possumus
436 2018 622 2091 complantari
639 2026 668 2074 91
693 2020 842 2093 conjungi,
857 2014 924 2091 quia
1002 2018 1140 2087 (luterum
1158 2024 1283 2073 99991999
1307 2024 1354 2084 991,
1373 2017 1507 2073 subaudis
1521 2023 1634 2091 peccato
1648 2016 1677 2073 19
1691 2012 1762 2097 hap-

85 2102 246 2175 quandiu
254 2120 352 2162 sumus
362 2108 390 2162 in
400 2106 454 2163 hoc
465 2108 578 2169 mortali
587 2125 749 2185 corporeas
757 2114 816 2163 toto
825 2125 921 2163 carere
962 2105 1240 2174 Ι11999919911199199
1262 2112 1299 2160 991
1326 2123 1343 2160 9
1363 2106 1523 2176 9999919111
1543 2104 1763 2163 991911999991-

73 2192 242 2267 ⁴peccatis
251 2194 403 2256 levioribus
423 2214 480 2252 non
498 2215 658 2273 possumus,
669 2198 742 2254 sicut
755 2197 822 2253 dicit
835 2182 921 2252 loan—
962 2195 1051 2251 fectus
1065 2201 1109 2250 est
1119 2192 1292 2249 ubomnibus
1302 2196 1423 2267 peccatis
1438 2214 1443 2250 :
1461 2198 1632 2269 quapropter
1639 2194 1723 2257 dehet
1731 2212 1762 2251 se

79 2296 165 2337 ries
181 2300 188 2338 :
203 2282 410 2353 Sidircrimus,
422 2286 563 2361 inquiens,
575 2290 793 2359 qutopecrctum
805 2302 861 2341 uon
874 2284 922 2339 ha·
963 2284 1152 2347 9991919999
1159 2286 1261 2340 iterum
1269 2286 1377 2356 polluat
1387 2301 1417 2340 se
1427 2274 1619 2340 criminalibus
1629 2278 1761 2359 peccatis,

83 2370 210 2429 beram
219 2389 269 2427 nos
285 2362 921 2442 199999919919999,91999119911999119999991
963 2373 1030 2449 quia
1049 2390 1104 2428 non
1123 2372 1226 2445 poterit
1237 2375 1339 2428 iterum
1353 2373 1502 2444 justificari
1516 2384 1567 2450 per
1578 2366 1760 2449 baptismum.

85 2462 209 2527 (1999.
223 2460 256 2532 1).
268 2460 348 2517 runc
357 2461 433 2523 enim
444 2463 657 2523 similitudinem
669 2464 767 2517 mortis
777 2464 922 2536 ejusassu·
997 2463 1029 2519 Si
1043 2462 1687 2539 9919999999191999999999911919191999999
1699 2460 1764 2549 hap-

99 2546 229 2605 :nimus
244 2549 410 2627 spiritualis,
426 2553 538 2623 quando
550 2554 611 2623 ejus
625 2552 729 2606 auxilio
747 2551 811 2606 19911
826 2546 921 2605 crimi-
963 2551 1253 2622 tismatispeccato,eo
1264 2551 1646 2623 modoquosuperiorsermo
1658 2548 1759 2618 texuit,

101 2634 200 2692 119119
210 2644 326 2716 peccata
338 2656 392 2694 non
409 2639 621 2705 committimus,
639 2647 668 2695 et
686 2640 725 2694 sic
748 2638 921 2717 complanta·
963 2642 1514 2709 99119999991991999191199991999999
1535 2639 1763 2694 9999119191919

101 2716 188 2781 mur
200 2726 233 2781 in
251 2726 383 2798 99999911
399 2728 500 2787 saeculo
525 2728 704 2792 similitudini
727 2729 827 2784 mortis
849 2730 920 2800 ejus,
964 2727 1032 2785 coelo
1046 2734 1110 2801 post
1121 2728 1284 2801 generalem
1299 2726 1545 2792 resurrectionem.
1560 2727 1762 2798 Sciantesquod

94 2822 179 2871 tam
195 2814 351 2888 corporalis
367 2832 452 2894 quam
468 2816 633 2889 spiritualis,
650 2822 681 2874 ut
695 2816 768 2872 sicut
782 2816 828 2872 1119
842 2831 922 2873 mor·
963 2818 1089 2873 11919199
1102 2832 1247 2885 resurgens
1259 2832 1277 2870 o
1290 2812 1531 2883 99991919,1919919
1544 2816 1763 2893 sepulcro,quod

92 2908 187 2960 tuus
200 2912 246 2960 est
259 2922 387 2981 corpore,
403 2914 432 2962 et
445 2912 575 2963 mortuus
585 2906 767 2962 estomnihus
782 2905 918 2979 peccatis:
963 2905 1074 2980 proprie
1087 2904 1163 2960 19999
1178 2910 1221 2960 991
1234 2910 1420 2972 mortuorum,
1446 2904 1488 2959 vel
1507 2902 1543 2960 ab
1558 2902 1677 2967 inferno,
1699 2908 1763 2975 jam

93 2986 188 3069 quia
216 3010 362 3071 nunquam
392 2998 524 3075 peccavit,
542 2994 698 3053 moriamur
717 3001 746 3057 et
765 3012 817 3051 nos
831 2995 921 3050 omnl-
964 3010 1021 3050 999
1038 2997 1169 3055 99991199,
1187 2978 1764 3059 9999911119119999991999199111991199

92 3079 171 3143 bus
187 3079 313 3167 peccatis
327 3082 530 3151 criminalibus,
547 3083 652 3139 erimus
665 3080 763 3158 utique
781 3044 955 3157 complan·C
965 3083 1076 3138 laborat
1089 3081 1275 3154 Apostolusin
1289 3081 1341 3148 hoc
1356 3081 1426 3145 loco,
1439 3088 1471 3136 ut
1483 3082 1614 3136 ostendat
1625 3080 1765 3136 credenti·

89 3170 171 3225 tau
188 3176 218 3225 91
232 3170 374 3243 conjuncti
390 3170 588 3227 resurrectioni
601 3172 662 3244 ejus
672 3172 701 3226 in
716 3170 846 3245 gloriam
861 3186 924 3225 cum
966 3170 1102 3242 bus,quio
1115 3170 1139 3225 si
1153 3169 1240 3224 semel
1250 3168 1444 3225 remissionem
1456 3174 1633 3241 peccatorum
1649 3184 1765 3241 accepe-

91 3262 298 3328 apporucrit,
322 3262 427 3323 91991199
449 3264 474 3314 91
488 3263 604 3329 9919999,
619 3262 753 3329 quonium
771 3257 923 3313 9119119999
965 3261 1024 3317 9191
1036 3276 1093 3315 999
1107 3276 1189 3331 posse
1203 3275 1251 3314 eos
1267 3256 1371 3314 iterum
1385 3258 1530 3330 baptizari,
1543 3260 1616 3314 sicut
1636 3257 1765 3325 Christus

92 3362 185 3401 eum
199 3350 287 3402 919911
298 3354 336 3403 991
348 3338 443 3421 (loon.
458 3355 509 3413 111).
964 3365 1021 3407 non
1032 3344 1125 3422 potuit
1137 3349 1208 3402 mori
1219 3345 1272 3403 nisi
1280 3348 1415 3403 semelltt
1423 3347 1630 3403 sicutchristus
1639 3338 1760 3418 surgens

153 3434 212 3490 Hoc
224 3439 339 3491 99199199
354 3441 421 3506 quia
436 3443 511 3492 99199
530 3436 609 3492 bomo
624 3442 716 3491 999199
730 3439 816 3491 919991
830 3440 921 3491 99991-
964 3456 981 3493 9
997 3437 1117 3494 mortuis
1131 3439 1191 3509 jam
1206 3452 1263 3491 non
1281 3437 1410 3503 moritur,
1427 3436 1574 3491 11991999
1594 3452 1708 3509 semper
1720 3422 1767 3491 de·

90 3526 473 3593 11999991911991999199
487 3540 584 3595 corpus
595 3528 709 3595 percuti,
734 3530 759 3579 91
774 3528 850 3579 ultra
867 3542 922 3581 non
964 3525 1064 3583 bemus
1077 3527 1171 3580 vivere
1184 3524 1415 3596 virtutibusquia
1425 3524 1520 3579 anima
1530 3524 1764 3597 quaepeccaverit,

89 3617 279 3668 serviamus
288 3614 539 3684 peccatolleterem
550 3615 740 3682 hominem,ut
748 3612 816 3669 dicit
824 3612 924 3669 beatus
965 3616 1104 3673 criminali
1132 3620 1246 3686 peccato
1275 3616 1422 3670 morietur.
1452 3614 1532 3679 Quod
1561 3620 1656 3668 autem
1686 3608 1764 3680 (11911,

89 3702 311 3774 Augustinus,
335 3704 484 3759 voluerunt
499 3702 613 3775 quidam
634 3701 792 3774 intelligere
811 3717 924 3774 corpus,
964 3722 1039 3760 99999
1052 3708 1098 3760 itti
1113 3709 1255 3757 91199999
1265 3702 1592 3765 dominobr'tar,mortem
1608 3700 1767 3773 intelligere

85 3802 226 3845 novum
242 3806 307 3846 vero
320 3780 444 3847 animam
459 3811 464 3845 :
480 3790 528 3847 sed
543 3808 600 3847 non
615 3793 745 3847 convenit
765 3791 845 3859 illud,
859 3790 925 3862 quia
966 3807 1113 3866 possumus
1128 3792 1287 3863 dupliciter,
1295 3792 1353 3847 sive
1367 3797 1486 3846 mortem
1497 3780 1671 3863 corporalem
1681 3796 1767 3863 atqua

85 3890 225 3950 corpus
240 3880 362 3936 exterior
376 3879 461 3936 homo
476 3898 493 3936 a
510 3882 651 3954 plerisque
666 3880 834 3953 appellatur,
851 3880 925 3935 inte·
968 3882 1162 3955 temporalem,
1180 3898 1241 3952 quae
1257 3880 1292 3935 ad
1306 3886 1418 3953 tempus
1439 3880 1583 3935 dominata
1598 3885 1641 3934 991
1655 3876 1690 3947 91,
1705 3866 1767 3950 ipso

84 3970 182 4022 rior
194 3984 262 4024 9999
277 3968 381 4024 anima.
395 3970 454 4024 1199
470 3984 535 4026 9999
546 3970 575 4037 in
583 3971 643 4025 loco
654 3970 926 4025 veteremhominem
968 3971 1158 4044 permittente,
1169 3970 1227 4023 sive
1238 3959 1380 4023 diabolum
1392 3968 1440 4040 qui
1450 3967 1476 4023 ei
1486 3969 1571 4023 etiam
1579 3968 1701 4039 quodam
1710 3984 1768 4023 mo·

83 4062 204 4112 vocat
218 4058 305 4112 vitam
315 4058 590 4114 etconversationem
602 4059 704 4113 veteris
716 4056 924 4121 hominishdae,
968 4061 1003 4115 do
1017 4059 1151 4114 dimissus
1166 4062 1210 4113 991
1228 4056 1366 4112 dominari
1391 4073 1441 4141 per
1455 4052 1600 4110 ministros
1615 4070 1692 4135 suos,
1706 4054 1768 4135 ipso

87 4156 187 4214 quae
200 4135 344 4210 9999111999,
362 4146 389 4200 11
416 4152 460 4201 991
484 4153 606 4210 mortua,
621 4147 712 4201 occisa
736 4150 779 4200 est
795 4144 883 4201 semel
896 4142 925 4200 in
966 4147 1159 4222 permittente.
1185 4146 1305 4215 Intravit
1325 4152 1420 4200 autem
1438 4140 1565 4200 diabolus
1579 4140 1609 4200 ln
1624 4160 1672 4199 cor
1684 4138 1767 4211 19199

82 4224 305 4305 baptismate.
332 4234 496 4306 Quicunque
523 4235 598 4289 enim
624 4234 756 4306 originali
783 4234 875 4289 adbuc
898 4239 928 4288 et
967 4243 1001 4292 ut
1011 4228 1136 4292 traderet
1160 4236 1304 4292 Christum
1321 4234 1394 4303 1199.
1412 4238 1487 4303 xxvi).
1502 4232 1565 4306 Ipsa
1580 4234 1666 4289 etiarn
1681 4220 1771 4290 suasit

84 4320 284 4378 actualibus
294 4324 416 4396 peccatis
426 4330 540 4378 tenetur
549 4322 754 4394 obnoxiusque
765 4324 854 4378 Adam
866 4324 982 4423 per-DJ
987 4325 1073 4382 udaeis
1081 4331 1110 4379 91
1116 4324 1252 4389 Ρ11919,91
1265 4340 1329 4379 cum
1337 4322 1542 4395 crucifigerent.
1552 4322 1632 4391 Quod
1642 4322 1771 4393 diabolus

81 4413 258 4475 petraria,
274 4414 318 4467 991
330 4413 415 4468 etiam
431 4412 567 4485 pluribus,
584 4419 663 4466 vetus
684 4412 769 4467 homo
782 4418 825 4467 est
840 4418 869 4467 et
883 4428 928 4466 se·
968 4430 1047 4469 mors
1061 4414 1220 4485 appellatur
1228 4414 1276 4485 qui
1288 4419 1408 4469 mortam
1423 4413 1518 4469 attulit
1530 4396 1772 4479 mundo,ostendit

89 4508 199 4570 quar
205 4500 286 4570 Adae,
298 4500 457 4574 quiavitam
470 4506 498 4556 et
510 4500 750 4556 conversationem
758 4500 819 4572 ejus
833 4502 929 4556 imita·
969 4502 1092 4557 loannes
1106 4501 1236 4573 inquiens
1252 4520 1257 4555 :
1274 4504 1307 4557 Et
1321 4505 1561 4557 999999111199999
1577 4504 1665 4571 11999.
1681 4506 1734 4565 vll.

85 4584 229 4643 turni
239 4588 381 4660 quidergo
397 4592 510 4643 mortua
526 4594 569 4643 est
580 4594 609 4643 91
623 4588 716 4643 deleta
725 4589 929 4645 illaconversa-
1007 4590 1083 4658 Quod
1108 4594 1183 4645 99199
1207 4596 1343 4659 mortuus,
1359 4590 1494 4645 subaudis
1512 4578 1650 4654 Christus,
1663 4592 1772 4658 peccato

91 4672 178 4747 tio,
192 4666 256 4751 quae
272 4683 352 4732 vetus
366 4678 451 4732 homo
470 4676 639 4733 diciturtut
652 4676 817 4732 1991999199
831 4694 929 4749 corpus
970 4684 1098 4733 mortuus
1113 4683 1151 4732 991
1164 4678 1318 4743 9999911919
1328 4678 1482 4734 versiculus
1497 4679 1539 4732 ita
1553 4674 1771 4749 distinguendus

92 4767 240 4830 peccari,
250 4766 359 4837 Corpus
370 4772 498 4820 nostrum
513 4782 615 4838 corpus
630 4766 737 4837 peccati
751 4767 930 4837 est,quianos
972 4772 1058 4822 estut
1072 4766 1195 4837 primurn
1212 4767 1323 4822 dicatur
1335 4769 1409 4836 quod
1429 4768 1505 4821 enim
1521 4770 1650 4820 mortuus
1667 4772 1715 4833 991,
1739 4781 1773 4823 99

95 4846 215 4908 trahit
230 4853 267 4907 ad
283 4858 429 4925 peccatum
440 4871 491 4926 per
501 4855 710 4925 suggestionem
728 4855 821 4909 carnis
832 4860 932 4909 91999·
972 4854 1073 4910 deinde
1083 4854 1393 4926 subsequatur,pcrcato
1403 4859 1531 4908 mortuus
1541 4854 1715 4919 9919999111
1730 4860 1774 4911 991

93 4942 331 5013 cupiscentum
344 4942 553 5014 pravamQuod
567 4958 667 5017 corpus
680 4960 736 4998 non
752 4944 792 4998 ita
807 4944 933 5015 praecipit
973 4930 1085 5014 semper
1098 4948 1227 4997 mortuus
1241 4942 1293 4996 1911
1303 4942 1496 5015 peccato,quia
1509 4958 1655 5014 uunquam
1669 4956 1774 5014 pecca-

100 5028 280 5101 Apostolua
294 5030 402 5086 destrui
414 5038 446 5087 ut
459 5030 644 5093 annihiletur,
659 5030 706 5087 sed
717 5038 749 5087 ut
763 5032 889 5104 quiescat
898 5031 933 5086 ab
972 5032 1021 5087 vit.
1040 5031 1122 5087 Solus
1138 5031 1266 5085 Christus
1281 5031 1367 5084 semel
1389 5035 1516 5086 mortuus
1537 5038 1581 5087 991
1603 5037 1727 5104 peccato,
1741 5030 1772 5089 id

106 5110 213 5191 opere
227 5118 425 5191 peccatilhm:
441 5122 515 5175 enim
532 5122 612 5192 quasi
631 5114 796 5184 destruitur,
809 5123 875 5178 dum
888 5137 933 5176 re·
974 5125 1018 5174 est
1032 5135 1151 5190 semper,
1174 5117 1240 5187 quia
1259 5132 1404 5191 nunquam
1417 5119 1550 5190 peccavit.
1568 5119 1676 5178 Aliter:
1691 5120 1772 5187 Quod

111 5202 256 5263 frenatur
271 5213 301 5262 et
320 5209 475 5264 retrahitur
488 5224 505 5264 a
519 5215 631 5282 peccato
648 5216 676 5264 91
690 5210 765 5275 mala
780 5210 931 5275 voluntate,
975 5208 1103 5263 Christus
1115 5214 1243 5260 mortuus
1253 5207 1584 5280 estcorporaliter,samel
1594 5216 1722 5265 mortuus
1731 5216 1776 5266 991

112 5307 212 5369 quam
233 5297 378 5352 desiderat
395 5299 559 5372 adimplere,
575 5315 627 5354 nec
643 5299 818 5370 permittitur
830 5297 934 5353 servire
974 5304 1087 5371 peccato
1104 5302 1209 5361 nostro,
1224 5311 1280 5349 non
1294 5295 1424 5367 amplius,
1443 5296 1483 5352 ita
1505 5303 1534 5352 91
1547 5314 1599 5353 999
1614 5298 1701 5354 semel
1715 5314 1774 5354 mo·

120 5390 252 5451 peccato.
267 5385 360 5441 Aliter
375 5406 381 5441 :
399 5376 548 5443 Peccatum
566 5388 644 5442 enim
671 5387 715 5444 hic
729 5404 878 5461 possumus
892 5387 933 5441 in·
974 5384 1065 5438 rimur
1075 5383 1105 5436 in
1120 5382 1300 5455 baptismate.
1316 5384 1468 5441 Possumus
1484 5392 1578 5442 tamen
1593 5394 1657 5459 post
1671 5382 1775 5459 baptis-

124 5470 256 5557 telligere
278 5473 433 5535 diabolum.
450 5478 499 5551 qui
522 5482 566 5532 est
581 5482 685 5531 auctor
698 5477 814 5551 peccati.
830 5489 932 5546 corpus
973 5486 1062 5530 mum.
1081 5473 1104 5526 si
1119 5474 1336 5544 peccaverimus,
1346 5477 1418 5530 mori
1432 5482 1593 5553 peccat0,et
1603 5474 1775 5546 perdignum

131 5560 261 5635 99999199
268 5556 481 5622 universitatem
490 5566 633 5623 vitiorum.
650 5562 928 5621 Sicutchristusca-
972 5553 1166 5633 poenitentiam
1177 5576 1325 5634 resurgere
1336 5580 1342 5617 :
1353 5565 1427 5633 quud
1439 5560 1771 5627 9919991911919111999.
