3840 6098
147 279 200 333 545
399 229 413 244 ρ
474 274 665 333 EXPOSITIO
681 277 725 371 ¹IN
746 277 823 331 EPP.
845 275 872 329 S.
894 272 1012 326 PAULI.
1035 303 1066 313 -
1087 273 1126 329 IN
1145 275 1256 330 EPIST.
1277 275 1289 330 1
1308 275 1358 330 AD
1376 274 1457 330 COR.
1732 275 1783 334 5⁴6

148 403 240 456 minus
255 419 311 457 non
331 400 499 472 loquebatur
513 416 563 471 pei·
585 402 669 454 eum?
684 403 795 472 Utique.
814 400 867 453 Sed
883 399 944 452 ideo
954 400 977 457 A
988 397 1101 451 liatione
1113 399 1193 468 pellis
1202 399 1333 469 genitalis
1343 399 1460 454 membri
1470 400 1655 470 loquitur,sed
1664 403 1784 457 circum-

147 491 255 544 dixitse
267 490 368 553 dicere,
378 496 406 543 et
414 505 468 542 non
478 488 628 541 Dominum
643 491 707 559 quia
716 491 767 543 lior
778 493 945 558 praeceptum
989 485 1076 538 cisum
1091 487 1213 557 appellat
1230 487 1348 542 liberum
1364 487 1398 541 ab
1415 506 1508 552 uxore,
1533 495 1561 542 et
1575 490 1782 560 praeputiatum,

148 594 203 630 non
218 579 379 631 continetur
390 578 418 630 in
429 576 576 645 Evangelio
586 577 690 630 dictum
708 595 725 630 a
739 579 865 636 Domino,
876 577 948 629 sicut
989 590 1102 627 uxor-em
1121 575 1280 629 habentem.
1297 578 1491 642 Circumcisus,
1509 578 1599 647 inquit
1613 586 1726 633 vocatus
1742 584 1786 633 est

149 665 217 719 illud
226 665 445 736 superiuS‚quoil
457 663 619 718 nondebeat
632 666 673 718 vir
682 666 824 719 dimittere
834 680 947 717 uxorem
990 663 1061 731 quie,
1077 664 1105 716 id
1120 672 1171 728 est,
1188 682 1243 718 nnn
1257 666 1362 719 liabens
1374 684 1496 733 uxorem,
1508 683 1564 720 non
1579 668 1700 722 adducat
1713 685 1785 738 iirae·

149 769 226 807 suam
237 752 660 821 nisicausafornicationisdiq:
676 752 949 820 issratersidelislia-
990 752 1108 821 putium,
1129 753 1155 806 id
1171 760 1283 807 estnon
1299 755 1383 808 ducat
1398 772 1524 821 uxorein,
1541 762 1640 810 utnon
1655 757 1692 810 sit
1713 773 1786 827 prae·

151 842 188 894 brt
197 857 310 895 acrorem
322 842 468 907 infidelem,
479 842 535 893 sive
547 857 601 894 iion
610 841 807 903 credentem,et
817 841 870 893 liae
880 856 949 893 uxor
990 841 1125 910 putietus,
1135 842 1182 895 sed
1194 843 1329 897 alienusa
1342 845 1482 913 conjugio.
1490 847 1522 899 lii
1533 849 1668 912 praeputio
1681 848 1786 912 aliquis

152 931 290 984 consentit
304 930 433 983 habitare
448 946 511 982 curn
526 930 582 985 ille.
601 930 626 982 id
643 935 694 989 est,
712 931 734 982 si
748 928 855 983 nomini
869 928 949 982 Chri·
989 936 1099 983 iioiaius
1113 936 1149 982 est
1161 936 1172 983 ἰ)
1186 931 1212 983 id
1227 938 1269 985 est
1284 949 1338 985 non
1351 933 1456 986 habens
1467 949 1591 997 uxorem,
1601 950 1654 987 non
1664 937 1786 989 cirmini·

151 1020 241 1072 stiano
260 1036 317 1073 non
337 1018 470 1080 detrabit,
489 1035 545 1071 non
559 1020 682 1071 itiiiiittat
699 1022 777 1071 ittam
791 1036 798 1068 :
820 1017 887 1086 quia
901 1033 948 1070 ac·
990 1020 1110 1082 eiciatur,
1124 1019 1150 1071 id
1163 1025 1214 1082 est,
1226 1037 1281 1073 non
1293 1022 1435 1090 relinquat
1444 1037 1559 1076 uxorem
1571 1039 1661 1088 suam,
1672 1022 1728 1076 nisi
1737 1023 1787 1077 illa

152 1107 242 1160 cidere
257 1107 375 1167 solebat,
385 1113 416 1160 ut
430 1106 489 1160 viro
504 1105 635 1159 credente
646 1106 747 1159 mulier
756 1105 875 1159 infidelis
884 1122 948 1176 per·
989 1104 1060 1159 sorte
1075 1112 1152 1159 casta
1167 1124 1330 1177 permanere
1346 1109 1508 1164 deciererit.

152 1196 271 1260 sisteret,
286 1201 314 1249 et
331 1197 497 1266 plerumque
512 1211 598 1248 uxore
612 1195 752 1260 credente,
775 1195 815 1248 uir
830 1195 951 1248 infidelis
1027 1197 1207 1248 Circumcisae
1232 1198 1365 1259 nihilist,
1382 1198 1408 1250 id
1424 1205 1475 1262 est,
1496 1202 1610 1253 castitas
1625 1201 1684 1255 sine
1707 1200 1788 1256 bonis

153 1282 950 1354 maneret.ldeotaliapraeecepitllpostolus,utsinomini
992 1283 1124 1352 operibus
1147 1284 1217 1336 niliil
1244 1291 1296 1352 est,
1314 1290 1342 1337 et
1355 1285 1469 1354 insuper
1489 1287 1557 1340 sides
1578 1289 1637 1341 sine
1657 1289 1787 1358 operibus

153 1373 312 1427 Christiano
337 1389 393 1426 non
414 1373 584 1436 detraheret,
601 1388 656 1425 non
676 1372 831 1425 dimitteret
849 1371 950 1442 aliquis
992 1371 1082 1424 otiosa
1098 1378 1149 1434 est,
1166 1377 1189 1425 et-
1204 1376 1370 1439 piirputi'iini
1385 1374 1457 1426 nilii't
1470 1379 1515 1434 eit,
1532 1374 1559 1427 id
1575 1377 1787 1446 estconjugium

153 1461 254 1514 sociam
273 1478 364 1514 suain.
992 1458 1098 1528 absque
1113 1476 1195 1529 opere
1210 1459 1292 1513 bono.
1319 1460 1348 1514 Si
1362 1460 1447 1514 fuerit
1471 1462 1532 1531 quis
1554 1463 1743 1529 circumcisus,
1759 1464 1789 1518 id

186 1550 380 1615 Sanctificatus
393 1552 430 1600 cst
454 1552 528 1601 enini.
544 1552 589 1601 rii·
603 1550 722 1615 infidelis
740 1564 791 1615 prr
805 1551 950 1601 nitidiorem
992 1555 1035 1600 est
1050 1553 1152 1611 castus,
1170 1548 1226 1601 sire
1241 1549 1395 1614 caelibatus,
1415 1550 1489 1619 quod
1504 1551 1617 1619 estsine
1633 1568 1728 1617 uxore,
1741 1568 1789 1606 ca·

154 1638 267 1701 fidelem.
282 1635 347 1689 Jam
366 1637 418 1690 hoc
433 1643 565 1690 evenerat
580 1636 607 1689 in
634 1637 730 1690 multis
754 1642 818 1706 post
839 1636 950 1690 Domini
992 1636 1136 1704 rueritque
1151 1635 1230 1689 bonis
1245 1636 1386 1706 operibus,
1400 1638 1470 1691 niliil
1486 1639 1510 1691 ei
1521 1640 1635 1709 prodest
1645 1658 1695 1694 sua
1707 1640 1789 1694 casti·

154 1727 355 1785 ascensionem,
369 1733 401 1778 ut
412 1742 461 1795 per
475 1726 621 1778 mulierem
631 1726 752 1787 fidetem,
760 1725 950 1778 sanctificatus
959 1710 982 1768 Β
991 1729 1045 1778 tas.
1058 1725 1178 1778 Sietiain
1189 1725 1274 1777 fuerit
1287 1727 1462 1795 conjugatus.
1473 1733 1502 1780 et
1510 1743 1566 1780 non
1577 1728 1708 1782 habuerit
1718 1728 1790 1782 bona

154 1821 225 1869 esset
236 1815 279 1867 vir
287 1814 407 1868 infidelis
417 1814 557 1868 credendo
568 1813 596 1867 in
608 1814 841 1875 Chi·istum,illius
850 1813 950 1884 praedi·
994 1829 1087 1882 opera,
1102 1813 1266 1881 conjugium
1286 1813 1362 1866 illius
1377 1831 1427 1867 nec
1443 1815 1565 1884 prodest,
1582 1833 1632 1870 nec
1654 1817 1735 1870 obest
1748 1817 1784 1870 ei.

155 1902 263 1956 catione
274 1908 304 1955 et
315 1902 387 1955 bono
403 1901 539 1970 exemplo,
552 1918 612 1970 quae
626 1901 661 1954 de
677 1902 797 1971 superba
810 1901 882 1954 sacta
892 1907 953 1954 erat
993 1902 1043 1955 sni
1058 1903 1207 1953 obseruatio
1224 1904 1420 1955 inundaturum
1436 1905 1492 1968 lici,
1505 1904 1627 1973 prodest.

156 1992 267 2044 humilis
277 1998 306 2044 ct
320 1990 446 2061 subjecta
461 1990 529 2053 viro,
546 1996 574 2042 et
590 2006 639 2059 per
650 1990 740 2043 sirum
757 1991 877 2051 fidelem,
894 2007 953 2043 inu·
1032 1991 1222 2057 Cir-iisniiisque
1236 1994 1267 2043 in
1289 2007 1343 2057 qiiii
1357 1995 1494 2044 roratione
1519 1997 1627 2045 uocatus
1642 2001 1689 2057 est,
1706 1993 1742 2047 ad
1756 1995 1791 2047 li·

156 2080 206 2133 lier
218 2079 340 2134 infidelis
354 2081 462 2133 salvata
472 2085 515 2131 est
527 2078 953 2149 similiterquondamnlti'aquin
995 2079 1067 2136 deni.
1088 2081 1160 2131 inea
1180 2084 1351 2146 permaneat,
1380 2079 1623 2145 siiecumuxoie,
1649 2081 1705 2134 sire
1731 2082 1792 2136 sine

156 2172 207 2234 atii·
221 2173 307 2223 vestri
320 2170 463 2222 immundi
472 2173 558 2221 essent
571 2186 664 2222 :iunio
673 2174 767 2222 aritini
777 2173 866 2222 saiicti
875 2173 950 2230 sunt,
995 2182 1088 2219 uxore.

157 2256 251 2320 idest,
268 2257 291 2310 si
310 2256 393 2311 ambo
412 2257 540 2310 infideles
555 2257 662 2321 essetis,
676 2258 719 2309 vel
735 2258 781 2310 ille
797 2256 844 2326 qui
864 2256 953 2309 fidelis
1032 2255 1144 2317 Servus
1161 2254 1295 2308 subaudis
1306 2256 1410 2311 uxoris,
1424 2263 1534 2309 uocatus
1554 2274 1589 2322 es,
1607 2259 1686 2327 cujus
1699 2259 1795 2312 volun·

158 2346 245 2400 sactus
272 2350 324 2406 est.
353 2347 456 2399 iterum
482 2351 671 2399 reverteretur
695 2345 730 2398 ad
759 2346 953 2416 paganismum
995 2343 1048 2398 tati
1063 2344 1166 2397 servire
1180 2349 1209 2397 et
1224 2360 1322 2413 parere
1335 2343 1429 2406 debes,
1447 2361 1503 2398 nnn
1518 2349 1555 2399 sit
1570 2348 1620 2399 tibi
1632 2364 1714 2409 euru,
1736 2347 1795 2401 noli

158 2441 270 2505 propter
290 2434 370 2487 illum
395 2435 440 2504 qui
465 2434 555 2487 noluit
569 2435 692 2495 credere,
717 2435 813 2504 utique
834 2434 885 2487 lilii
909 2450 956 2486 ros
997 2433 1115 2486 delicere
1130 2433 1446 2502 nequedimittereeam
1465 2452 1470 2484 ε
1486 2435 1553 2504 quia
1565 2452 1621 2489 non
1631 2437 1694 2490 ideo
1709 2436 1794 2490 arnit-

161 2523 340 2576 imitarentur
357 2524 416 2576 :rel
431 2523 515 2575 etiam
535 2524 557 2576 si
573 2523 664 2576 tidelis
679 2523 834 2576 dimitteret
849 2522 955 2576 socium
997 2526 1040 2574 tes
1056 2537 1173 2589 regnum
1190 2521 1249 2580 Dei,
1266 2521 1331 2575 licet
1350 2524 1517 2590 conjugatus
1534 2523 1583 2591 sis,
1596 2524 1620 2577 si
1635 2525 1675 2578 itii
1689 2525 1795 2579 servie-

159 2627 238 2666 suum
254 2612 406 2675 infidelem,
419 2618 569 2681 essentque
585 2612 707 2682 separati
723 2611 758 2665 ab
774 2610 956 2676 iniicern,tilii
998 2609 1037 2661 ris
1050 2609 1138 2675 uxori,
1150 2616 1182 2661 ut
1195 2626 1251 2661 nou
1266 2609 1414 2678 displiceas
1430 2612 1566 2676 Creatori,
1582 2613 1627 2664 sed
1640 2618 1664 2664 et
1684 2615 1709 2666 si
1720 2618 1794 2680 potes

159 2701 273 2754 forsitan
296 2701 435 2753 immundi
460 2708 563 2765 essent,
587 2701 654 2770 quia
672 2700 753 2754 idolis
774 2700 955 2764 deservirent,
1000 2700 1069 2750 tiber
1083 2701 1153 2763 sirii.
1170 2697 1304 2751 subaudis
1319 2714 1413 2760 uxore,
1423 2698 1450 2751 id
1466 2706 1508 2752 est
1521 2701 1544 2751 si
1557 2699 1796 2769 tuaconjuxobis·

161 2795 237 2859 patre
251 2788 369 2843 infideli.
385 2789 426 2841 rel
443 2793 533 2841 matre
544 2789 650 2842 infideli
666 2789 843 2854 adhortante,
861 2793 889 2842 et
904 2789 957 2841 iin-
999 2786 1045 2843 rit,
1063 2786 1207 2839 autetiam
1223 2786 1250 2838 in
1273 2786 1402 2839 castitate
1426 2803 1539 2840 manere
1562 2788 1688 2858 elegerit,
1705 2791 1795 2856 inopis

161 2878 256 2931 mundi
270 2885 366 2931 essent
381 2878 464 2930 etiam
479 2894 510 2930 es
525 2877 593 2930 cibis
609 2894 678 2947 quos
689 2877 959 2931 comederentidolis
1002 2881 1086 2933 iitciu.
1102 2873 1237 2927 subaudis
1255 2875 1308 2927 ista
1331 2874 1472 2941 libertate,
1488 2882 1519 2929 ut
1533 2877 1691 2930 consentias
1714 2877 1751 2940 ei,
1767 2882 1797 2932 et

163 2967 338 3021 consecratis.
353 2968 434 3020 Nunc
449 2972 543 3020 autem
557 2967 623 3020 dum
634 2967 718 3020 simul
734 2973 881 3020 morantur
891 2967 959 3019 tide-
1001 2963 1084 3016 ulium
1102 2964 1158 3016 noli
1172 2963 1307 3032 accipere.

166 3055 273 3110 liscum
289 3055 404 3118 intiileli,
431 3054 548 3108 forsitan
567 3055 617 3108 filii
642 3054 753 3108 illorum
770 3054 881 3108 fidelem
896 3053 990 3120 imi-G
1037 3050 1089 3113 Qui
1104 3051 1178 3103 enirn
1195 3051 1222 3103 in
1237 3050 1365 3113 nomino,
1381 3050 1410 3104 id
1424 3056 1467 3105 est
1481 3058 1512 3105 ut
1526 3052 1554 3106 in
1568 3052 1687 3107 Domino
1700 3054 1798 3108 crede·

158 3149 266 3207 tantur,
287 3148 315 3197 et
329 3142 504 3197 sanctisunt.
1002 3145 1053 3199 ret,
1071 3146 1181 3193 uocatus
1196 3145 1233 3192 eii
1248 3156 1351 3199 serras,
1369 3140 1503 3194 subaudis
1513 3142 1618 3206 uxoriS,
1632 3145 1746 3196 libertus
1760 3146 1798 3196 cst

197 3234 313 3299 Quodsi
328 3234 456 3298 infidelis.
482 3232 525 3285 vir
547 3237 597 3286 aut
622 3232 732 3296 mulier,
754 3248 770 3284 a
791 3232 865 3284 socio
884 3231 958 3284 fideli
1003 3232 1125 3288 llomiiii,
1138 3228 1164 3280 id
1180 3235 1222 3282 est
1233 3229 1368 3282 liberatus
1379 3235 1450 3282 esta
1464 3232 1568 3300 peccati
1576 3233 1655 3301 jugo,
1668 3237 1798 3302 etqusm·

156 3322 284 3386 discedit,
311 3321 410 3374 nolens
434 3321 558 3384 credere,
575 3323 704 3385 discedat,
722 3321 747 3373 id
764 3327 815 3379 est,
841 3320 958 3374 liberam
1001 3318 1065 3371 darn
1092 3317 1247 3371 libertatem
1273 3318 1358 3372 habet
1375 3320 1529 3383 aliomiuo,
1543 3326 1574 3374 ut
1588 3319 1690 3374 serviat
1708 3319 1797 3381 uxori,

151 3408 264 3463 lrabeat
288 3415 457 3480 potestatem
479 3410 638 3463 discedendi
655 3429 663 3462 .·
687 3416 782 3462 tamen
798 3409 886 3462 tidelis
904 3425 959 3461 uon
1002 3407 1041 3459 ita
1057 3412 1154 3459 utnon
1166 3407 1312 3477 displiceat
1326 3408 1605 3463 CreatoriSiinilitri·
1617 3411 1800 3476 quitibcruo·

143 3497 291 3566 lirojiciat
311 3496 477 3560 diamasa,
494 3513 584 3567 neque
608 3503 722 3566 propter
741 3496 820 3550 illum
837 3496 961 3550 discedat
1002 3501 1078 3549 ratiis
1089 3500 1135 3557 est,
1151 3496 1178 3549 id
1195 3501 1236 3549 est
1250 3496 1309 3549 sine
1320 3513 1414 3561 uxore,
1430 3513 1523 3550 seruus
1533 3503 1569 3550 est
1582 3499 1695 3560 Christi,
1706 3496 1735 3551 id
1746 3501 1800 3562 est,

140 3599 181 3636 ai
199 3584 262 3639 tide.
279 3585 341 3638 Non
362 3589 435 3638 enirn
453 3588 582 3638 seruituti
598 3588 732 3653 eradicitus
747 3591 784 3637 est
803 3587 893 3651 frater
911 3589 960 3637 orit
1002 3600 1058 3636 non
1075 3583 1157 3637 debet
1171 3602 1201 3637 se
1224 3600 1360 3654 occupare
1373 3585 1486 3638 servitio
1511 3592 1623 3637 terreno
1644 3590 1672 3637 et
1691 3584 1799 3650 uxorio,

137 3689 239 3727 :soror
255 3677 286 3727 in
300 3676 445 3743 intimandi,
461 3673 488 3727 id
504 3680 546 3727 est
560 3674 587 3727 in
601 3674 651 3726 tuli
668 3674 751 3738 sacto,
768 3673 795 3726 iil
812 3680 872 3726 est:
896 3672 961 3726 insi·
1002 3673 1050 3725 scd
1066 3689 1098 3725 ex
1113 3677 1172 3725 toto
1186 3672 1269 3725 debet
1287 3673 1391 3726 servire.
1407 3672 1535 3735 Domino,
1554 3673 1687 3742 quoniam
1707 3673 1801 3741 majus

128 3761 241 3827 (telis,
254 3761 345 3815 sinon
362 3763 421 3815 vult
432 3778 544 3815 manere
556 3779 618 3815 cum
635 3761 722 3828 fideli,
745 3761 791 3814 ille
808 3761 856 3831 qui
871 3760 961 3814 sidens
1003 3760 1146 3813 servitium
1158 3760 1311 3830 requiritur
1327 3762 1351 3812 ei
1370 3778 1386 3814 a
1406 3761 1524 3814 Domino
1539 3777 1623 3832 quarn
1636 3762 1799 3830 conjugato.

118 3861 217 3905 zion
232 3856 277 3904 est
291 3851 331 3904 ita
345 3851 486 3919 subjectus
502 3851 542 3902 illi
559 3858 589 3903 ut
601 3850 702 3903 ‹letieat
717 3850 794 3902 illuni
810 3849 899 3918 sequi,
912 3866 961 3901 ne-
1040 3852 1128 3901 l’irtio
1143 3852 1228 3916 erupti
1242 3852 1314 3907 estis,
1332 3849 1357 3901 id
1373 3857 1415 3902 est
1429 3850 1566 3918 sanguiue
1586 3850 1699 3914 Christi,
1714 3849 1802 3903 nolite

122 3957 217 4013 (pue
231 3940 375 4011 subjectus
385 3949 429 3995 est
439 3941 525 4011 culpee
541 3947 654 4010 propter
668 3941 719 3993 hoe
729 3941 752 3993 si
769 3939 960 3992 illediscedit:
1004 3937 1064 3990 lieri
1080 3937 1151 3989 serii
1167 3937 1321 3999 bominum,
1339 3938 1365 3990 id
1381 3944 1424 3989 est
1438 3939 1510 3990 servi
1524 3955 1652 3990 uxorum.
1671 3937 1714 3992 llli
1729 3937 1802 3991 servi

122 4032 197 4082 -Aii
212 4045 279 4098 pace
292 4032 378 4094 enini,
402 4028 430 4081 id
454 4035 505 4089 est,
524 4029 559 4081 ad
587 4028 764 4081 concordiam
786 4025 891 4079 vocarit
914 4043 962 4079 iios
1003 4026 1165 4079 efficiuntur
1188 4026 1332 4078 lioniinum
1348 4026 1396 4096 qui
1411 4032 1525 4096 propter
1539 4042 1653 4079 uxorein
1669 4026 1803 4081 deserunt

111 4108 247 4172 Imeus.
258 4116 366 4171 Idcirco
377 4117 400 4170 si
415 4116 627 4170 iultdiscedere
639 4116 758 4169 infidelis
773 4114 821 4185 qui
832 4114 961 4184 blasplie-
1004 4115 1176 4180 Creatorem,
1189 4126 1217 4169 et
1231 4115 1256 4167 ei
1276 4115 1425 4185 displicent
1443 4115 1627 4169 immoderate
1647 4115 1801 4169 servientes

112 4211 223 4259 anat
236 4206 592 4268 nomenDomini,reeedat
606 4213 637 4258 ut
652 4222 748 4275 pacem
763 4203 962 4274 possithabere
1004 4205 1092 4257 uxori.
1106 4205 1174 4257 Tam
1186 4206 1270 4258 charo
1284 4222 1349 4274 ergo
1365 4204 1455 4274 pretio
1465 4205 1551 4274 empti
1567 4221 1673 4269 sumus,
1684 4210 1715 4258 ut
1725 4204 1803 4259 nullo

116 4293 264 4358 tidelis,
282 4295 309 4348 id
326 4301 377 4355 est,
393 4311 450 4349 non
465 4302 576 4365 oportet
592 4294 701 4363 litigare
721 4311 784 4348 cum
797 4310 829 4346 eo
843 4294 890 4364 qui
905 4293 962 4347 dis·
1004 4293 1059 4346 alio
1071 4293 1170 4346 redimi
1187 4310 1341 4362 possemne,
1352 4294 1406 4346 nisi
1422 4293 1557 4363 sauguine
1573 4294 1635 4347 Filii
1651 4293 1710 4347 Dei.
1727 4292 1804 4357 Qua·

111 4382 237 4436 cedit
253 4383 327 4436 Unde
341 4387 417 4436 enini
433 4386 493 4443 scis,
510 4386 614 4436 niuli‘cr
628 4388 677 4436 aut
689 4386 742 4447 eir,
764 4382 787 4435 si
800 4399 872 4437 unus
891 4374 995 4435 alte-D
1004 4388 1119 4453 propter
1131 4381 1260 4435 sicutille
1271 4381 1317 4451 qui
1333 4381 1446 4448 emitur,
1458 4383 1547 4452 macris
1556 4382 1659 4436 servire
1669 4380 1753 4436 debet
1762 4381 1805 4435 illi

117 4480 227 4525 bum
248 4473 356 4525 salium
378 4471 470 4533 faciet.
496 4474 641 4526 nisisi'ciit
658 4475 818 4540 iiiii'cuique,
848 4471 906 4524 viro
935 4476 963 4524 et
1004 4471 1219 4541 nquooinitur,
1236 4470 1532 4540 utaliquandovicem
1552 4472 1652 4525 reddat
1673 4471 1803 4541 emptori,

119 4560 286 4626 1-nii1ieri,
302 4562 406 4622 diuisit,
427 4560 484 4613 sive
498 4560 647 4630 disposuit.
664 4562 809 4624 Dominus,
828 4559 962 4613 subaudis
1004 4560 1043 4613 itii
1057 4565 1085 4613 ot
1098 4576 1149 4613 nos
1168 4559 1245 4612 omni
1259 4559 1352 4613 studio
1367 4567 1451 4630 atque
1463 4560 1711 4614 instantiaseriire
1723 4557 1805 4612 debe·

121 4648 294 4721 tempora
307 4649 448 4713 credendi,
463 4656 494 4702 ut
504 4649 624 4719 primum
642 4649 964 4702 credatrirdeindemu·
1006 4666 1068 4703 inus
1084 4649 1194 4703 Christo
1209 4666 1226 4701 a
1242 4665 1298 4718 cluo
1310 4649 1398 4719 empti
1413 4666 1519 4702 sumus.

126 4727 157 4783 l
173 4739 224 4797 ier.
242 4744 294 4792 aut
305 4739 429 4808 primum
445 4738 556 4802 mulier,
572 4738 963 4805 deindevinllnuinquininuc
1043 4739 1230 4805 Unusquisque
1252 4738 1348 4799 frater,
1366 4736 1392 4788 id
1408 4742 1451 4788 est
1464 4735 1563 4800 fidelis,
1577 4738 1608 4788 in
1624 4752 1675 4802 qrio
1695 4740 1804 4790 vocatus

130 4830 234 4881 ³:ient
250 4831 354 4881 vocarit
382 4829 516 4881 Doiniiius
537 4827 572 4881 ad
592 4828 685 4892 tidem,
708 4829 747 4879 i'ta
768 4828 899 4890 ambulet,
924 4826 964 4879 ita
1005 4831 1041 4879 ist
1057 4833 1089 4879 ut
1109 4826 1244 4890 crederet,
1262 4828 1292 4877 in
1308 4825 1356 4877 boe
1368 4828 1548 4891 permaneat:
1566 4822 1693 4878 videlicet
1703 4824 1726 4877 si
1740 4840 1806 4879 cum

131 4922 290 4982 -nianeat,
306 4917 399 4982 idest,
417 4917 440 4970 si
449 4916 536 4970 habes
549 4933 677 4982 uxorem,
693 4922 758 4971 tene
771 4932 852 4970 eam:
869 4916 964 4970 sinon
1007 4931 1092 4967 uxore
1108 4920 1220 4968 iocatus
1239 4921 1291 4977 est,
1315 4928 1371 4966 non
1391 4911 1516 4964 dimittat
1538 4911 1629 4978 illain;
1644 4913 1667 4966 si
1681 4913 1752 4968 liber
1769 4913 1806 4968 ab

132 4996 260 5071 habes,
278 5008 381 5062 ducere
393 5024 447 5061 non
462 5008 648 5078 compelleris.
1007 5019 1102 5062 uxore,
1118 5003 1141 5055 si
1156 5019 1185 5055 se
1199 5007 1291 5072 potest
1301 4999 1455 5058 continere,
1469 5004 1565 5054 utatur
1580 5000 1777 5059 illalibertate.

202 5098 503 5165 Cimumci'susatiqiiis
514 5101 755 5151 vicennalium
765 5098 965 5162 adducatpre·
1044 5094 1080 5145 lie
1096 5092 1253 5159 oiipinitius
1266 5094 1428 5156 praeceptum
1444 5089 1557 5142 Iluiiii'ni
1574 5106 1629 5145 riori
1643 5093 1807 5166 linteaquia

135 5189 277 5246 mutium
291 5187 364 5250 Quid
379 5193 423 5240 est
436 5186 509 5257 quod
531 5187 649 5255 loquens
661 5185 811 5255 Apostolus
825 5185 860 5237 de
875 5184 967 5237 uxori·
1006 5179 1338 5247 Dominusiirginitatem
1350 5177 1482 5244 laudarit3
1495 5195 1550 5232 non
1563 5185 1657 5235 tamen
1665 5184 1805 5254 praecepit,

146 5262 217 5328 bus
229 5279 313 5344 atque
321 5274 489 5343 conjugatis,
500 5273 540 5326 sic
550 5271 642 5326 subito
653 5272 782 5325 transivit
795 5271 830 5324 ad
845 5270 965 5324 circum·
1008 5287 1043 5323 ne
1058 5269 1200 5323 videretur
1214 5267 1325 5336 nuptias
1340 5266 1486 5335 damnare,
1503 5269 1550 5321 sed
1567 5268 1637 5324 dixit
1653 5272 1744 5328 :Sunt
1755 5288 1806 5325 eu.

148 5363 301 5417 cisionem
311 5363 574 5433 atquepraeputium
585 5362 597 5414 l
608 5362 641 5415 Et
659 5361 798 5431 quomodo
814 5365 907 5429 potest
917 5360 966 5412 ed·
1008 5361 1094 5412 rinetii
1108 5363 1156 5426 qui
1171 5360 1467 5423 seipsoscastraverunt
1481 5364 1720 5427 praeterirentur
1732 5361 1807 5414 ceto·

151 5449 231 5506 duci
243 5452 409 5523 praeputium
423 5453 497 5521 quod
517 5451 665 5521 precisum
685 5449 744 5502 est?
760 5447 922 5501 Notandum
937 5448 966 5501 in
1008 5463 1072 5500 rum
1091 5445 1195 5509 (llattii.
1219 5449 1284 5508 mxi,
1302 5451 1386 5516 etque
1401 5445 1571 5499 subintulit:
1591 5448 1644 5512 Qui
1655 5451 1739 5514 potest
1757 5460 1805 5498 aa·

151 5533 219 5596 lioc
242 5541 304 5598 loco
319 5541 386 5613 quia
399 5557 456 5596 non
475 5540 509 5595 de
524 5539 744 5604 circumcisione,
762 5537 790 5591 id
806 5540 850 5590 est
868 5551 967 5606 exspo·
1004 5549 1068 5603 pere
1091 5535 1181 5601 capiat
1206 5533 1304 5604 (leid.)
1323 5535 1476 5589 Consilium
1495 5538 1589 5587 autern
1607 5535 1641 5586 do
1660 5531 1734 5602 quod
1748 5542 1805 5585 non
1884 5592 1887 5599 ¹
