<?xml version="1.0" encoding="UTF-8"?>
<!DOCTYPE html PUBLIC "-//W3C//DTD XHTML 1.0 Transitional//EN"
    "http://www.w3.org/TR/xhtml1/DTD/xhtml1-transitional.dtd">
<html xmlns="http://www.w3.org/1999/xhtml" xml:lang="en" lang="en">
 <head>
  <title>
</title>
<meta http-equiv="Content-Type" content="text/html;charset=utf-8" />
  <meta name='ocr-system' content='tesseract 3.04.00' />
  <meta name='ocr-capabilities' content='ocr_page ocr_carea ocr_par ocr_line ocrx_word'/>
</head>
<body>
  <div class='ocr_page' id='page_1' title='image "./patrologiaecurs31unkngoog_0183.png"; bbox 0 0 3818 6104; ppageno 0'>
   <div class='ocr_carea' id='block_1_1' title="bbox 128 248 1770 480">
    <p class='ocr_par' dir='ltr' id='par_1_1' title="bbox 128 248 1770 480">
     <span class='ocr_line' id='line_1_1' title="bbox 128 248 1769 340; baseline 0.001 -2"><span class='ocrx_word' id='word_1_1' title='bbox 128 280 184 340; x_wconf 79' lang='lat' dir='ltr'>aaa</span> <span class='ocrx_word' id='word_1_2' title='bbox 327 248 333 263; x_wconf 66' lang='grc'><em>“</em></span> <span class='ocrx_word' id='word_1_3' title='bbox 373 276 563 336; x_wconf 80' lang='lat' dir='ltr'>unuuoms</span> <span class='ocrx_word' id='word_1_4' title='bbox 578 264 822 336; x_wconf 67' lang='lat' dir='ltr'>emanasset.</span> <span class='ocrx_word' id='word_1_5' title='bbox 838 258 953 333; x_wconf 62' lang='lat' dir='ltr'>spietz</span> <span class='ocrx_word' id='word_1_6' title='bbox 969 259 1048 334; x_wconf 73' lang='lat' dir='ltr'>oie.</span> <span class='ocrx_word' id='word_1_7' title='bbox 1064 258 1182 336; x_wconf 74' lang='lat' dir='ltr'>tansi</span> <span class='ocrx_word' id='word_1_8' title='bbox 1197 262 1432 339; x_wconf 78' lang='lat' dir='ltr'>-coliutun</span> <span class='ocrx_word' id='word_1_9' title='bbox 1447 280 1540 338; x_wconf 80' lang='lat' dir='ltr'>amc.</span> <span class='ocrx_word' id='word_1_10' title='bbox 1716 262 1769 339; x_wconf 72' lang='lat' dir='ltr'>&#39;tib</span> 
     </span>
     <span class='ocr_line' id='line_1_2' title="bbox 128 384 1770 480; baseline 0 -16"><span class='ocrx_word' id='word_1_11' title='bbox 128 410 215 474; x_wconf 80' lang='lat' dir='ltr'>bitur,</span> <span class='ocrx_word' id='word_1_12' title='bbox 231 411 271 465; x_wconf 86' lang='lat' dir='ltr'>sic</span> <span class='ocrx_word' id='word_1_13' title='bbox 285 415 313 465; x_wconf 89' lang='lat' dir='ltr'>et</span> <span class='ocrx_word' id='word_1_14' title='bbox 328 415 396 466; x_wconf 78' lang='lat' dir='ltr'>tetes</span> <span class='ocrx_word' id='word_1_15' title='bbox 406 407 575 463; x_wconf 81' lang='lat' dir='ltr'>describitur</span> <span class='ocrx_word' id='word_1_16' title='bbox 587 392 729 464; x_wconf 64' lang='lat' dir='ltr'>Ecclesia</span> <span class='ocrx_word' id='word_1_17' title='bbox 745 400 1040 468; x_wconf 75' lang='lat' dir='ltr'>Panaemmlsnm,</span> <span class='ocrx_word' id='word_1_18' title='bbox 1062 405 1128 477; x_wconf 89' lang='lat' dir='ltr'>quia</span> <span class='ocrx_word' id='word_1_19' title='bbox 1153 404 1188 460; x_wconf 91' lang='lat' dir='ltr'>de</span> <span class='ocrx_word' id='word_1_20' title='bbox 1214 406 1281 461; x_wconf 83' lang='lat' dir='ltr'>vivis</span> <span class='ocrx_word' id='word_1_21' title='bbox 1303 408 1334 462; x_wconf 82' lang='lat' dir='ltr'>&#39;et</span> <span class='ocrx_word' id='word_1_22' title='bbox 1361 406 1459 463; x_wconf 88' lang='lat' dir='ltr'>&#39;electis</span> <span class='ocrx_word' id='word_1_23' title='bbox 1481 394 1622 480; x_wconf 74' lang='lat' dir='ltr'>lapidibus</span> <span class='ocrx_word' id='word_1_24' title='bbox 1637 384 1705 475; x_wconf 71' lang='lat' dir='ltr'>lb&#39;oc</span> <span class='ocrx_word' id='word_1_25' title='bbox 1726 406 1770 464; x_wconf 82' lang='lat' dir='ltr'>&#39;esi</span> 
     </span>
    </p>
   </div>
   <div class='ocr_carea' id='block_1_2' title="bbox 56 489 1774 3479">
    <p class='ocr_par' dir='ltr' id='par_1_2' title="bbox 56 489 1774 3479">
     <span class='ocr_line' id='line_1_3' title="bbox 129 489 1768 565; baseline -0.001 -10"><span class='ocrx_word' id='word_1_26' title='bbox 129 503 191 553; x_wconf 82' lang='lat' dir='ltr'>erat</span> <span class='ocrx_word' id='word_1_27' title='bbox 211 499 335 554; x_wconf 77' lang='lat' dir='ltr'>Ecclesia</span> <span class='ocrx_word' id='word_1_28' title='bbox 359 498 450 551; x_wconf 85' lang='lat' dir='ltr'>adbuc</span> <span class='ocrx_word' id='word_1_29' title='bbox 473 496 507 549; x_wconf 89' lang='lat' dir='ltr'>de</span> <span class='ocrx_word' id='word_1_30' title='bbox 525 495 656 565; x_wconf 84' lang='lat' dir='ltr'>gentibus</span> <span class='ocrx_word' id='word_1_31' title='bbox 671 496 849 564; x_wconf 79' lang='lat' dir='ltr'>congregata,</span> <span class='ocrx_word' id='word_1_32' title='bbox 874 490 926 545; x_wconf 86' lang='lat' dir='ltr'>s&#39;ub</span> <span class='ocrx_word' id='word_1_33' title='bbox 969 489 1082 547; x_wconf 86' lang='lat' dir='ltr'>sanclis</span> <span class='ocrx_word' id='word_1_34' title='bbox 1089 492 1316 562; x_wconf 83' lang='lat' dir='ltr'>aediiicatasum3</span> <span class='ocrx_word' id='word_1_35' title='bbox 1327 496 1481 552; x_wconf 72' lang='lat' dir='ltr'>setubera</span> <span class='ocrx_word' id='word_1_36' title='bbox 1490 496 1768 577; x_wconf 80' lang='lat' dir='ltr'>mea&#39;si&#39;cutturris,i</span> 
     </span>
     <span class='ocr_line' id='line_1_4' title="bbox 128 568 1770 659; baseline -0.001 -17"><span class='ocrx_word' id='word_1_37' title='bbox 128 587 198 659; x_wconf 84' lang='lat' dir='ltr'>ipsis</span> <span class='ocrx_word' id='word_1_38' title='bbox 212 588 326 642; x_wconf 83' lang='lat' dir='ltr'>Domini</span> <span class='ocrx_word' id='word_1_39' title='bbox 351 593 380 640; x_wconf 87' lang='lat' dir='ltr'>et</span> <span class='ocrx_word' id='word_1_40' title='bbox 405 584 594 655; x_wconf 87' lang='lat' dir='ltr'>apostolorum</span> <span class='ocrx_word' id='word_1_41' title='bbox 618 582 801 654; x_wconf 76' lang='lat' dir='ltr'>temporibus,</span> <span class='ocrx_word' id='word_1_42' title='bbox 818 580 884 651; x_wconf 86' lang='lat' dir='ltr'>quia</span> <span class='ocrx_word' id='word_1_43' title='bbox 899 584 928 633; x_wconf 87' lang='lat' dir='ltr'>et</span> <span class='ocrx_word' id='word_1_44' title='bbox 968 580 1035 651; x_wconf 86' lang='lat' dir='ltr'>quia</span> <span class='ocrx_word' id='word_1_45' title='bbox 1046 580 1136 636; x_wconf 82' lang='lat' dir='ltr'>tales</span> <span class='ocrx_word' id='word_1_46' title='bbox 1128 590 1204 636; x_wconf 84' lang='lat' dir='ltr'>intra</span> <span class='ocrx_word' id='word_1_47' title='bbox 1217 600 1263 638; x_wconf 89' lang='lat' dir='ltr'>me</span> <span class='ocrx_word' id='word_1_48' title='bbox 1277 582 1416 643; x_wconf 85' lang='lat' dir='ltr'>contibe&#39;o.</span> <span class='ocrx_word' id='word_1_49' title='bbox 1431 584 1479 657; x_wconf 86' lang='lat' dir='ltr'>qui</span> <span class='ocrx_word' id='word_1_50' title='bbox 1495 587 1552 641; x_wconf 85' lang='lat' dir='ltr'>vic&#39;e</span> <span class='ocrx_word' id='word_1_51' title='bbox 1565 574 1686 642; x_wconf 81' lang='lat' dir='ltr'>uberum</span> <span class='ocrx_word' id='word_1_52' title='bbox 1701 568 1770 642; x_wconf 78' lang='lat' dir='ltr'>aiios</span> 
     </span>
     <span class='ocr_line' id='line_1_5' title="bbox 127 669 1771 748; baseline 0 -18"><span class='ocrx_word' id='word_1_53' title='bbox 127 677 266 748; x_wconf 79' lang='lat' dir='ltr'>parvitate</span> <span class='ocrx_word' id='word_1_54' title='bbox 275 675 449 730; x_wconf 81' lang='lat' dir='ltr'>credentium</span> <span class='ocrx_word' id='word_1_55' title='bbox 466 670 722 743; x_wconf 84' lang='lat' dir='ltr'>parvaexsistebat;</span> <span class='ocrx_word' id='word_1_56' title='bbox 735 669 928 724; x_wconf 85' lang='lat' dir='ltr'>etuberanec-</span> <span class='ocrx_word' id='word_1_57' title='bbox 967 670 1076 724; x_wconf 88' lang='lat' dir='ltr'>nutrire</span> <span class='ocrx_word' id='word_1_58' title='bbox 1100 678 1217 741; x_wconf 84' lang='lat' dir='ltr'><strong>possunt</strong></span> <span class='ocrx_word' id='word_1_59' title='bbox 1243 673 1383 743; x_wconf 82' lang='lat' dir='ltr'>spirituali</span> <span class='ocrx_word' id='word_1_60' title='bbox 1405 675 1542 734; x_wconf 81' lang='lat' dir='ltr'>doctrina.</span> <span class='ocrx_word' id='word_1_61' title='bbox 1555 676 1586 731; x_wconf 83' lang='lat' dir='ltr'>&#39;et</span> <span class='ocrx_word' id='word_1_62' title='bbox 1601 675 1659 731; x_wconf 85' lang='lat' dir='ltr'>vice</span> <span class='ocrx_word' id='word_1_63' title='bbox 1683 672 1771 731; x_wconf 85' lang='lat' dir='ltr'>tiir&#39;ris¹</span> 
     </span>
     <span class='ocr_line' id='line_1_6' title="bbox 129 746 1770 836; baseline 0 -17"><span class='ocrx_word' id='word_1_64' title='bbox 129 764 196 818; x_wconf 89' lang='lat' dir='ltr'>dum</span> <span class='ocrx_word' id='word_1_65' title='bbox 212 764 341 825; x_wconf 80' lang='lat' dir='ltr'><strong>hahebat</strong></span> <span class='ocrx_word' id='word_1_66' title='bbox 360 754 390 816; x_wconf 88' lang='lat' dir='ltr'>id</span> <span class='ocrx_word' id='word_1_67' title='bbox 412 756 454 816; x_wconf 84' lang='lat' dir='ltr'>est</span> <span class='ocrx_word' id='word_1_68' title='bbox 478 774 654 830; x_wconf 89' lang='lat' dir='ltr'>nequaquam</span> <span class='ocrx_word' id='word_1_69' title='bbox 674 746 851 830; x_wconf 78' lang='lat' dir='ltr'>praedicando</span> <span class='ocrx_word' id='word_1_70' title='bbox 872 757 928 827; x_wconf 87' lang='lat' dir='ltr'>spi·</span> <span class='ocrx_word' id='word_1_71' title='bbox 968 762 1085 827; x_wconf 77' lang='lat' dir='ltr'>possunt</span> <span class='ocrx_word' id='word_1_72' title='bbox 1106 758 1176 812; x_wconf 89' lang='lat' dir='ltr'>alios</span> <span class='ocrx_word' id='word_1_73' title='bbox 1195 752 1345 816; x_wconf 77' lang='lat' dir='ltr'><strong>defendere</strong></span> <span class='ocrx_word' id='word_1_74' title='bbox 1367 753 1397 816; x_wconf 72' lang='lat' dir='ltr'>&#39;e&#39;t</span> <span class='ocrx_word' id='word_1_75' title='bbox 1416 763 1538 828; x_wconf 82' lang='lat' dir='ltr'>munire,</span> <span class='ocrx_word' id='word_1_76' title='bbox 1564 758 1671 836; x_wconf 76' lang='lat' dir='ltr'>quique</span> <span class='ocrx_word' id='word_1_77' title='bbox 1697 767 1770 819; x_wconf 87' lang='lat' dir='ltr'>sicut</span> 
     </span>
     <span class='ocr_line' id='line_1_7' title="bbox 128 842 1773 916; baseline 0.002 -10"><span class='ocrx_word' id='word_1_78' title='bbox 128 842 669 906; x_wconf 29' lang='lat' dir='ltr'>ritualesDecsilioshonoiarQevalebat</span> <span class='ocrx_word' id='word_1_79' title='bbox 681 847 829 916; x_wconf 81' lang='lat' dir='ltr'>Dicitergc</span> <span class='ocrx_word' id='word_1_80' title='bbox 846 843 927 915; x_wconf 81' lang='lat' dir='ltr'><strong>quasi</strong></span> <span class='ocrx_word' id='word_1_81' title='bbox 966 847 1092 899; x_wconf 90' lang='lat' dir='ltr'>turres</span> <span class='ocrx_word' id='word_1_82' title='bbox 1085 863 1115 900; x_wconf 88' lang='lat' dir='ltr'>m</span> <span class='ocrx_word' id='word_1_83' title='bbox 1143 862 1224 902; x_wconf 91' lang='lat' dir='ltr'>muro</span> <span class='ocrx_word' id='word_1_84' title='bbox 1248 850 1383 916; x_wconf 82' lang='lat' dir='ltr'>eminent,</span> <span class='ocrx_word' id='word_1_85' title='bbox 1399 848 1440 905; x_wconf 82' lang='lat' dir='ltr'>sic</span> <span class='ocrx_word' id='word_1_86' title='bbox 1463 850 1565 907; x_wconf 83' lang='lat' dir='ltr'>merito</span> <span class='ocrx_word' id='word_1_87' title='bbox 1588 842 1725 908; x_wconf 74' lang='lat' dir='ltr'>deotrinae</span> <span class='ocrx_word' id='word_1_88' title='bbox 1744 858 1773 908; x_wconf 88' lang='lat' dir='ltr'>et</span> 
     </span>
     <span class='ocr_line' id='line_1_8' title="bbox 128 932 1773 1015; baseline 0.001 -20"><span class='ocrx_word' id='word_1_89' title='bbox 128 938 276 995; x_wconf 87' lang='lat' dir='ltr'>consilium</span> <span class='ocrx_word' id='word_1_90' title='bbox 289 943 446 1011; x_wconf 71' lang='lat' dir='ltr'>synagogae</span> <span class='ocrx_word' id='word_1_91' title='bbox 461 938 617 1006; x_wconf 89' lang='lat' dir='ltr'>requirens,</span> <span class='ocrx_word' id='word_1_92' title='bbox 631 954 642 986; x_wconf 82' lang='lat' dir='ltr'>a</span> <span class='ocrx_word' id='word_1_93' title='bbox 658 935 730 999; x_wconf 82' lang='lat' dir='ltr'>Quid</span> <span class='ocrx_word' id='word_1_94' title='bbox 741 935 874 988; x_wconf 88' lang='lat' dir='ltr'>iaciemus</span> <span class='ocrx_word' id='word_1_95' title='bbox 884 946 928 985; x_wconf 88' lang='lat' dir='ltr'>so·</span> <span class='ocrx_word' id='word_1_96' title='bbox 967 935 1187 989; x_wconf 76' lang='lat' dir='ltr'>conie&#39;rsationis</span> <span class='ocrx_word' id='word_1_97' title='bbox 1198 936 1273 990; x_wconf 90' lang='lat' dir='ltr'>inter</span> <span class='ocrx_word' id='word_1_98' title='bbox 1294 938 1419 1009; x_wconf 78' lang='lat' dir='ltr'>reliquos</span> <span class='ocrx_word' id='word_1_99' title='bbox 1440 940 1570 995; x_wconf 85' lang='lat' dir='ltr'>membra</span> <span class='ocrx_word' id='word_1_100' title='bbox 1583 957 1648 996; x_wconf 81' lang='lat' dir='ltr'>inea</span> <span class='ocrx_word' id='word_1_101' title='bbox 1662 932 1773 1015; x_wconf 72' lang='lat' dir='ltr'>&#39;praecel-</span> 
     </span>
     <span class='ocr_line' id='line_1_9' title="bbox 127 1006 1773 1113; baseline 0.002 -30"><span class='ocrx_word' id='word_1_102' title='bbox 127 1029 185 1084; x_wconf 90' lang='lat' dir='ltr'>rori</span> <span class='ocrx_word' id='word_1_103' title='bbox 197 1035 298 1083; x_wconf 86' lang='lat' dir='ltr'>nostrae</span> <span class='ocrx_word' id='word_1_104' title='bbox 309 1022 392 1082; x_wconf 88' lang='lat' dir='ltr'>indie</span> <span class='ocrx_word' id='word_1_105' title='bbox 402 1025 514 1097; x_wconf 88' lang='lat' dir='ltr'>quando</span> <span class='ocrx_word' id='word_1_106' title='bbox 525 1020 926 1094; x_wconf 77' lang='lat' dir='ltr'>alloquendaestlnAllocutio</span> <span class='ocrx_word' id='word_1_107' title='bbox 967 1021 1039 1076; x_wconf 87' lang='lat' dir='ltr'>lunt.</span> <span class='ocrx_word' id='word_1_108' title='bbox 1054 1006 1113 1076; x_wconf 85' lang='lat' dir='ltr'>lico</span> <span class='ocrx_word' id='word_1_109' title='bbox 1127 1029 1222 1077; x_wconf 87' lang='lat' dir='ltr'>autem</span> <span class='ocrx_word' id='word_1_110' title='bbox 1237 1038 1292 1078; x_wconf 91' lang='lat' dir='ltr'>non</span> <span class='ocrx_word' id='word_1_111' title='bbox 1308 1026 1378 1080; x_wconf 90' lang='lat' dir='ltr'>meis</span> <span class='ocrx_word' id='word_1_112' title='bbox 1399 1027 1517 1096; x_wconf 87' lang='lat' dir='ltr'>meritis,</span> <span class='ocrx_word' id='word_1_113' title='bbox 1533 1035 1626 1113; x_wconf 74' lang='lat' dir='ltr'>neque</span> <span class='ocrx_word' id='word_1_114' title='bbox 1639 1018 1773 1107; x_wconf 78' lang='lat' dir='ltr'>lib&#39;eitate</span> 
     </span>
     <span class='ocr_line' id='line_1_10' title="bbox 128 1100 1771 1188; baseline 0.001 -17"><span class='ocrx_word' id='word_1_115' title='bbox 128 1117 257 1172; x_wconf 74' lang='lat' dir='ltr'>Ecclesia</span> <span class='ocrx_word' id='word_1_116' title='bbox 266 1114 602 1171; x_wconf 85' lang='lat' dir='ltr'>estvelcumintrinsecus</span> <span class='ocrx_word' id='word_1_117' title='bbox 614 1113 723 1165; x_wconf 87' lang='lat' dir='ltr'>occulta</span> <span class='ocrx_word' id='word_1_118' title='bbox 732 1110 924 1181; x_wconf 79' lang='lat' dir='ltr'>inspiratione,</span> <span class='ocrx_word' id='word_1_119' title='bbox 967 1110 1023 1163; x_wconf 85' lang='lat' dir='ltr'>mei</span> <span class='ocrx_word' id='word_1_120' title='bbox 1037 1108 1146 1165; x_wconf 85' lang='lat' dir='ltr'>arbitrii</span> <span class='ocrx_word' id='word_1_121' title='bbox 1157 1102 1258 1178; x_wconf 84' lang='lat' dir='ltr'>babeo,</span> <span class='ocrx_word' id='word_1_122' title='bbox 1283 1100 1332 1167; x_wconf 88' lang='lat' dir='ltr'>sed</span> <span class='ocrx_word' id='word_1_123' title='bbox 1352 1115 1426 1169; x_wconf 90' lang='lat' dir='ltr'>dono</span> <span class='ocrx_word' id='word_1_124' title='bbox 1444 1120 1473 1170; x_wconf 90' lang='lat' dir='ltr'>et</span> <span class='ocrx_word' id='word_1_125' title='bbox 1484 1102 1597 1186; x_wconf 78' lang='lat' dir='ltr'>gralla&#39;</span> <span class='ocrx_word' id='word_1_126' title='bbox 1591 1117 1690 1188; x_wconf 85' lang='lat' dir='ltr'>sponsi</span> <span class='ocrx_word' id='word_1_127' title='bbox 1706 1118 1771 1173; x_wconf 87' lang='lat' dir='ltr'>mei.</span> 
     </span>
     <span class='ocr_line' id='line_1_11' title="bbox 128 1193 1774 1278; baseline 0 -18"><span class='ocrx_word' id='word_1_128' title='bbox 128 1206 172 1260; x_wconf 79' lang='lat' dir='ltr'>vel</span> <span class='ocrx_word' id='word_1_129' title='bbox 187 1206 310 1260; x_wconf 75' lang='lat' dir='ltr'>emenus</span> <span class='ocrx_word' id='word_1_130' title='bbox 320 1210 418 1275; x_wconf 80' lang='lat' dir='ltr'>aperta</span> <span class='ocrx_word' id='word_1_131' title='bbox 426 1201 624 1272; x_wconf 82' lang='lat' dir='ltr'>praedicatione</span> <span class='ocrx_word' id='word_1_132' title='bbox 635 1201 768 1253; x_wconf 80' lang='lat' dir='ltr'>admonet</span> <span class='ocrx_word' id='word_1_133' title='bbox 781 1200 855 1252; x_wconf 88' lang='lat' dir='ltr'>Deus</span> <span class='ocrx_word' id='word_1_134' title='bbox 869 1197 928 1251; x_wconf 88' lang='lat' dir='ltr'>ani·</span> <span class='ocrx_word' id='word_1_135' title='bbox 970 1217 980 1244; x_wconf 88' lang='lat'><em>·</em></span> <span class='ocrx_word' id='word_1_136' title='bbox 1005 1194 1043 1250; x_wconf 88' lang='lat' dir='ltr'>Ex</span> <span class='ocrx_word' id='word_1_137' title='bbox 1058 1213 1113 1275; x_wconf 89' lang='lat' dir='ltr'>qno</span> <span class='ocrx_word' id='word_1_138' title='bbox 1133 1193 1209 1252; x_wconf 77' lang='lat' dir='ltr'>iao&#39;ta</span> <span class='ocrx_word' id='word_1_139' title='bbox 1229 1213 1293 1253; x_wconf 89' lang='lat' dir='ltr'>sum</span> <span class='ocrx_word' id='word_1_140' title='bbox 1314 1202 1408 1254; x_wconf 80' lang='lat' dir='ltr'>eoram</span> <span class='ocrx_word' id='word_1_141' title='bbox 1426 1218 1459 1257; x_wconf 92' lang='lat' dir='ltr'>eo</span> <span class='ocrx_word' id='word_1_142' title='bbox 1479 1202 1560 1274; x_wconf 87' lang='lat' dir='ltr'>qnasi</span> <span class='ocrx_word' id='word_1_143' title='bbox 1580 1206 1682 1275; x_wconf 84' lang='lat' dir='ltr'>pacem</span> <span class='ocrx_word' id='word_1_144' title='bbox 1697 1206 1774 1278; x_wconf 81' lang='lat' dir='ltr'>repe·</span> 
     </span>
     <span class='ocr_line' id='line_1_12' title="bbox 129 1284 1772 1367; baseline 0.001 -18"><span class='ocrx_word' id='word_1_145' title='bbox 129 1309 205 1348; x_wconf 90' lang='lat' dir='ltr'>mam</span> <span class='ocrx_word' id='word_1_146' title='bbox 220 1293 358 1363; x_wconf 79' lang='lat' dir='ltr'>cujusque</span> <span class='ocrx_word' id='word_1_147' title='bbox 372 1288 473 1345; x_wconf 85' lang='lat' dir='ltr'>tidelis.</span> <span class='ocrx_word' id='word_1_148' title='bbox 491 1284 525 1343; x_wconf 88' lang='lat' dir='ltr'>Et</span> <span class='ocrx_word' id='word_1_149' title='bbox 544 1295 587 1341; x_wconf 79' lang='lat' dir='ltr'>est</span> <span class='ocrx_word' id='word_1_150' title='bbox 609 1302 728 1341; x_wconf 88' lang='lat' dir='ltr'>sensus</span> <span class='ocrx_word' id='word_1_151' title='bbox 745 1287 863 1350; x_wconf 82' lang='lat' dir='ltr'>Quando</span> <span class='ocrx_word' id='word_1_152' title='bbox 877 1300 928 1356; x_wconf 90' lang='lat' dir='ltr'>per</span> <span class='ocrx_word' id='word_1_153' title='bbox 968 1287 1054 1341; x_wconf 88' lang='lat' dir='ltr'>riens.</span> <span class='ocrx_word' id='word_1_154' title='bbox 1071 1286 1127 1343; x_wconf 82' lang='lat' dir='ltr'>»Id</span> <span class='ocrx_word' id='word_1_155' title='bbox 1141 1292 1192 1349; x_wconf 90' lang='lat' dir='ltr'>est</span> <span class='ocrx_word' id='word_1_156' title='bbox 1209 1305 1309 1360; x_wconf 86' lang='lat' dir='ltr'>exque</span> <span class='ocrx_word' id='word_1_157' title='bbox 1323 1291 1370 1345; x_wconf 89' lang='lat' dir='ltr'>ilie</span> <span class='ocrx_word' id='word_1_158' title='bbox 1384 1293 1551 1363; x_wconf 80' lang='lat' dir='ltr'>sanguinem</span> <span class='ocrx_word' id='word_1_159' title='bbox 1567 1304 1651 1348; x_wconf 87' lang='lat' dir='ltr'>suum</span> <span class='ocrx_word' id='word_1_160' title='bbox 1665 1294 1718 1367; x_wconf 89' lang='lat' dir='ltr'>&#39;pro</span> <span class='ocrx_word' id='word_1_161' title='bbox 1728 1300 1772 1352; x_wconf 81' lang='lat' dir='ltr'>me</span> 
     </span>
     <span class='ocr_line' id='line_1_13' title="bbox 56 1364 1772 1454; baseline -0.001 -15"><span class='ocrx_word' id='word_1_162' title='bbox 56 1415 69 1439; x_wconf 72' lang='lat'>0</span> <span class='ocrx_word' id='word_1_163' title='bbox 129 1384 272 1454; x_wconf 85' lang='lat' dir='ltr'>apostolos</span> <span class='ocrx_word' id='word_1_164' title='bbox 288 1397 365 1435; x_wconf 90' lang='lat' dir='ltr'>meos</span> <span class='ocrx_word' id='word_1_165' title='bbox 378 1379 506 1448; x_wconf 78' lang='lat' dir='ltr'>alloquar</span> <span class='ocrx_word' id='word_1_166' title='bbox 512 1372 662 1431; x_wconf 84' lang='lat' dir='ltr'>Ecclesiam</span> <span class='ocrx_word' id='word_1_167' title='bbox 678 1376 712 1430; x_wconf 86' lang='lat' dir='ltr'>de</span> <span class='ocrx_word' id='word_1_168' title='bbox 726 1374 929 1444; x_wconf 80' lang='lat' dir='ltr'>gentibuscon-</span> <span class='ocrx_word' id='word_1_169' title='bbox 968 1374 1049 1439; x_wconf 83' lang='lat' dir='ltr'>ludit,</span> <span class='ocrx_word' id='word_1_170' title='bbox 1065 1381 1093 1431; x_wconf 91' lang='lat' dir='ltr'>et</span> <span class='ocrx_word' id='word_1_171' title='bbox 1103 1373 1312 1449; x_wconf 79' lang='lat' dir='ltr'>repropitiando</span> <span class='ocrx_word' id='word_1_172' title='bbox 1323 1378 1392 1433; x_wconf 84' lang='lat' dir='ltr'>mihi</span> <span class='ocrx_word' id='word_1_173' title='bbox 1404 1372 1493 1435; x_wconf 74' lang='lat' dir='ltr'>licum</span> <span class='ocrx_word' id='word_1_174' title='bbox 1506 1364 1632 1449; x_wconf 77' lang='lat' dir='ltr'>l’at&#39;retia,</span> <span class='ocrx_word' id='word_1_175' title='bbox 1643 1368 1772 1438; x_wconf 72' lang='lat' dir='ltr'>dissolvit</span> 
     </span>
     <span class='ocr_line' id='line_1_14' title="bbox 129 1454 1769 1541; baseline 0.002 -17"><span class='ocrx_word' id='word_1_176' title='bbox 129 1470 287 1541; x_wconf 63' lang='lat' dir='ltr'>gregatam,</span> <span class='ocrx_word' id='word_1_177' title='bbox 309 1465 376 1540; x_wconf 88' lang='lat' dir='ltr'>qnid</span> <span class='ocrx_word' id='word_1_178' title='bbox 398 1465 708 1535; x_wconf 78' lang='lat' dir='ltr'>iaciemusiquomodo</span> <span class='ocrx_word' id='word_1_179' title='bbox 729 1462 769 1517; x_wconf 92' lang='lat' dir='ltr'>illi</span> <span class='ocrx_word' id='word_1_180' title='bbox 789 1470 928 1534; x_wconf 80' lang='lat' dir='ltr'>precepta</span> <span class='ocrx_word' id='word_1_181' title='bbox 968 1464 1215 1537; x_wconf 83' lang='lat' dir='ltr'>inimicitiasque</span> <span class='ocrx_word' id='word_1_182' title='bbox 1240 1473 1324 1521; x_wconf 82' lang='lat' dir='ltr'>erant</span> <span class='ocrx_word' id='word_1_183' title='bbox 1348 1460 1422 1523; x_wconf 81' lang='lat' dir='ltr'>inter</span> <span class='ocrx_word' id='word_1_184' title='bbox 1445 1460 1534 1524; x_wconf 83' lang='lat' dir='ltr'>Deum</span> <span class='ocrx_word' id='word_1_185' title='bbox 1559 1476 1587 1524; x_wconf 87' lang='lat' dir='ltr'>et</span> <span class='ocrx_word' id='word_1_186' title='bbox 1616 1454 1769 1538; x_wconf 79' lang='lat' dir='ltr'>bominem,</span> 
     </span>
     <span class='ocr_line' id='line_1_15' title="bbox 130 1545 1772 1632; baseline 0.002 -20"><span class='ocrx_word' id='word_1_187' title='bbox 130 1551 928 1621; x_wconf 75' lang='lat' dir='ltr'>cetesuaoommtnemustunumvidelicetminimaque·</span> <span class='ocrx_word' id='word_1_188' title='bbox 968 1554 1095 1625; x_wconf 81' lang='lat' dir='ltr'>mihique</span> <span class='ocrx_word' id='word_1_189' title='bbox 1122 1553 1264 1610; x_wconf 84' lang='lat' dir='ltr'>coelestia</span> <span class='ocrx_word' id='word_1_190' title='bbox 1269 1556 1436 1627; x_wconf 81' lang='lat' dir='ltr'>paetucavtt.</span> <span class='ocrx_word' id='word_1_191' title='bbox 1463 1545 1502 1612; x_wconf 80' lang='lat' dir='ltr'>Ex</span> <span class='ocrx_word' id='word_1_192' title='bbox 1527 1560 1583 1630; x_wconf 75' lang='lat' dir='ltr'>duo</span> <span class='ocrx_word' id='word_1_193' title='bbox 1602 1576 1673 1632; x_wconf 78' lang='lat' dir='ltr'>ergo</span> <span class='ocrx_word' id='word_1_194' title='bbox 1699 1554 1772 1616; x_wconf 81' lang='lat' dir='ltr'>banc</span> 
     </span>
     <span class='ocr_line' id='line_1_16' title="bbox 131 1639 1771 1715; baseline 0.002 -16"><span class='ocrx_word' id='word_1_195' title='bbox 131 1643 388 1715; x_wconf 73' lang='lat' dir='ltr'>quepraec‘eptailli</span> <span class='ocrx_word' id='word_1_196' title='bbox 403 1640 621 1698; x_wconf 82' lang='lat' dir='ltr'>committemus</span> <span class='ocrx_word' id='word_1_197' title='bbox 640 1655 676 1693; x_wconf 89' lang='lat' dir='ltr'>an</span> <span class='ocrx_word' id='word_1_198' title='bbox 698 1654 753 1710; x_wconf 88' lang='lat' dir='ltr'>quo</span> <span class='ocrx_word' id='word_1_199' title='bbox 776 1640 866 1709; x_wconf 83' lang='lat' dir='ltr'>major</span> <span class='ocrx_word' id='word_1_200' title='bbox 885 1639 926 1692; x_wconf 85' lang='lat' dir='ltr'>et·</span> <span class='ocrx_word' id='word_1_201' title='bbox 967 1656 1064 1712; x_wconf 81' lang='lat' dir='ltr'>pacem</span> <span class='ocrx_word' id='word_1_202' title='bbox 1080 1643 1182 1713; x_wconf 88' lang='lat' dir='ltr'>reperi,</span> <span class='ocrx_word' id='word_1_203' title='bbox 1208 1658 1306 1699; x_wconf 89' lang='lat' dir='ltr'>murus</span> <span class='ocrx_word' id='word_1_204' title='bbox 1325 1661 1386 1701; x_wconf 88' lang='lat' dir='ltr'>esse</span> <span class='ocrx_word' id='word_1_205' title='bbox 1408 1648 1438 1700; x_wconf 89' lang='lat' dir='ltr'>et</span> <span class='ocrx_word' id='word_1_206' title='bbox 1458 1645 1547 1701; x_wconf 88' lang='lat' dir='ltr'>ubera</span> <span class='ocrx_word' id='word_1_207' title='bbox 1571 1646 1631 1702; x_wconf 83' lang='lat' dir='ltr'>tice</span> <span class='ocrx_word' id='word_1_208' title='bbox 1649 1649 1771 1703; x_wconf 87' lang='lat' dir='ltr'>turrium</span> 
     </span>
     <span class='ocr_line' id='line_1_17' title="bbox 131 1709 1068 1802; baseline -0.002 -16"><span class='ocrx_word' id='word_1_209' title='bbox 131 1733 254 1799; x_wconf 80' lang='lat' dir='ltr'>liniatur,</span> <span class='ocrx_word' id='word_1_210' title='bbox 270 1731 437 1802; x_wconf 78' lang='lat' dir='ltr'>periecticra</span> <span class='ocrx_word' id='word_1_211' title='bbox 450 1730 491 1783; x_wconf 93' lang='lat' dir='ltr'>illi</span> <span class='ocrx_word' id='word_1_212' title='bbox 509 1734 679 1783; x_wconf 87' lang='lat' dir='ltr'>secretorum</span> <span class='ocrx_word' id='word_1_213' title='bbox 694 1728 849 1782; x_wconf 71' lang='lat' dir='ltr'>celestium</span> <span class='ocrx_word' id='word_1_214' title='bbox 863 1742 926 1799; x_wconf 90' lang='lat' dir='ltr'>my·</span> <span class='ocrx_word' id='word_1_215' title='bbox 913 1709 1068 1784; x_wconf 80' lang='lat' dir='ltr'>-Bmerui</span> 
     </span>
     <span class='ocr_line' id='line_1_18' title="bbox 130 1812 1770 1898; baseline 0.004 -23"><span class='ocrx_word' id='word_1_216' title='bbox 130 1821 216 1876; x_wconf 78' lang='lat' dir='ltr'>stone</span> <span class='ocrx_word' id='word_1_217' title='bbox 228 1820 392 1874; x_wconf 88' lang='lat' dir='ltr'>trademus</span> <span class='ocrx_word' id='word_1_218' title='bbox 413 1819 483 1873; x_wconf 89' lang='lat' dir='ltr'>Nam</span> <span class='ocrx_word' id='word_1_219' title='bbox 508 1818 582 1871; x_wconf 89' lang='lat' dir='ltr'>Deus</span> <span class='ocrx_word' id='word_1_220' title='bbox 595 1816 772 1887; x_wconf 82' lang='lat' dir='ltr'>omnipotens</span> <span class='ocrx_word' id='word_1_221' title='bbox 786 1832 837 1887; x_wconf 87' lang='lat' dir='ltr'>pro</span> <span class='ocrx_word' id='word_1_222' title='bbox 852 1832 929 1870; x_wconf 92' lang='lat' dir='ltr'>men</span> <span class='ocrx_word' id='word_1_223' title='bbox 1006 1818 1133 1874; x_wconf 81' lang='lat' dir='ltr'>«Vinea</span> <span class='ocrx_word' id='word_1_224' title='bbox 1155 1818 1211 1875; x_wconf 84' lang='lat' dir='ltr'>init</span> <span class='ocrx_word' id='word_1_225' title='bbox 1232 1821 1356 1892; x_wconf 84' lang='lat' dir='ltr'>pacilic&#39;o,</span> <span class='ocrx_word' id='word_1_226' title='bbox 1373 1816 1431 1877; x_wconf 78' lang='lat' dir='ltr'>tid</span> <span class='ocrx_word' id='word_1_227' title='bbox 1443 1826 1487 1878; x_wconf 89' lang='lat' dir='ltr'>est</span> <span class='ocrx_word' id='word_1_228' title='bbox 1508 1812 1612 1880; x_wconf 77' lang='lat' dir='ltr'>diecto</span> <span class='ocrx_word' id='word_1_229' title='bbox 1637 1842 1710 1892; x_wconf 91' lang='lat' dir='ltr'>meo,</span> <span class='ocrx_word' id='word_1_230' title='bbox 1725 1812 1770 1898; x_wconf 86' lang='lat' dir='ltr'>qui</span> 
     </span>
     <span class='ocr_line' id='line_1_19' title="bbox 128 1900 1770 1997; baseline 0.003 -32"><span class='ocrx_word' id='word_1_231' title='bbox 128 1924 197 1965; x_wconf 74' lang='lat' dir='ltr'>sara</span> <span class='ocrx_word' id='word_1_232' title='bbox 210 1914 239 1964; x_wconf 88' lang='lat' dir='ltr'>et</span> <span class='ocrx_word' id='word_1_233' title='bbox 251 1909 405 1979; x_wconf 81' lang='lat' dir='ltr'>capacitate</span> <span class='ocrx_word' id='word_1_234' title='bbox 429 1906 532 1960; x_wconf 91' lang='lat' dir='ltr'>mentis</span> <span class='ocrx_word' id='word_1_235' title='bbox 555 1906 684 1960; x_wconf 82' lang='lat' dir='ltr'>humanae</span> <span class='ocrx_word' id='word_1_236' title='bbox 707 1910 847 1976; x_wconf 88' lang='lat' dir='ltr'>temperat</span> <span class='ocrx_word' id='word_1_237' title='bbox 865 1920 928 1959; x_wconf 86' lang='lat' dir='ltr'>rer·</span> <span class='ocrx_word' id='word_1_238' title='bbox 969 1913 1012 1961; x_wconf 87' lang='lat' dir='ltr'>est</span> <span class='ocrx_word' id='word_1_239' title='bbox 1026 1924 1108 1962; x_wconf 81' lang='lat' dir='ltr'>verus</span> <span class='ocrx_word' id='word_1_240' title='bbox 1131 1907 1273 1980; x_wconf 80' lang='lat' dir='ltr'>pacificus,</span> <span class='ocrx_word' id='word_1_241' title='bbox 1298 1909 1365 1981; x_wconf 89' lang='lat' dir='ltr'>quia</span> <span class='ocrx_word' id='word_1_242' title='bbox 1386 1926 1437 1982; x_wconf 90' lang='lat' dir='ltr'>per</span> <span class='ocrx_word' id='word_1_243' title='bbox 1458 1924 1522 1967; x_wconf 88' lang='lat' dir='ltr'>eum</span> <span class='ocrx_word' id='word_1_244' title='bbox 1544 1900 1694 1997; x_wconf 72' lang='lat' dir='ltr'>paci‘llcata</span> <span class='ocrx_word' id='word_1_245' title='bbox 1708 1908 1770 1971; x_wconf 79' lang='lat' dir='ltr'>sun&#39;t</span> 
     </span>
     <span class='ocr_line' id='line_1_20' title="bbox 128 1990 1769 2069; baseline 0.004 -17"><span class='ocrx_word' id='word_1_246' title='bbox 128 1996 196 2053; x_wconf 90' lang='lat' dir='ltr'>bum</span> <span class='ocrx_word' id='word_1_247' title='bbox 220 1997 434 2069; x_wconf 70' lang='lat' dir='ltr'>predicationis,</span> <span class='ocrx_word' id='word_1_248' title='bbox 450 1995 630 2049; x_wconf 82' lang='lat' dir='ltr'>considerans</span> <span class='ocrx_word' id='word_1_249' title='bbox 649 1995 722 2047; x_wconf 82' lang='lat' dir='ltr'>vires</span> <span class='ocrx_word' id='word_1_250' title='bbox 741 2000 770 2047; x_wconf 87' lang='lat' dir='ltr'>et</span> <span class='ocrx_word' id='word_1_251' title='bbox 792 1994 929 2065; x_wconf 87' lang='lat' dir='ltr'>capacita-</span> <span class='ocrx_word' id='word_1_252' title='bbox 969 1996 1065 2050; x_wconf 90' lang='lat' dir='ltr'>omnia</span> <span class='ocrx_word' id='word_1_253' title='bbox 1079 2012 1140 2067; x_wconf 85' lang='lat' dir='ltr'>quac</span> <span class='ocrx_word' id='word_1_254' title='bbox 1161 1997 1257 2051; x_wconf 92' lang='lat' dir='ltr'>sunt</span> <span class='ocrx_word' id='word_1_255' title='bbox 1249 2014 1279 2052; x_wconf 91' lang='lat' dir='ltr'>m</span> <span class='ocrx_word' id='word_1_256' title='bbox 1298 1996 1374 2053; x_wconf 74' lang='lat' dir='ltr'>celis</span> <span class='ocrx_word' id='word_1_257' title='bbox 1392 2005 1420 2054; x_wconf 92' lang='lat' dir='ltr'>et</span> <span class='ocrx_word' id='word_1_258' title='bbox 1441 2002 1470 2055; x_wconf 91' lang='lat' dir='ltr'>in</span> <span class='ocrx_word' id='word_1_259' title='bbox 1492 1990 1580 2056; x_wconf 78' lang='lat' dir='ltr'>tarra.</span> <span class='ocrx_word' id='word_1_260' title='bbox 1596 1990 1691 2068; x_wconf 81' lang='lat' dir='ltr'>Unde,</span> <span class='ocrx_word' id='word_1_261' title='bbox 1706 2002 1765 2058; x_wconf 91' lang='lat' dir='ltr'>et</span> <span class='ocrx_word' id='word_1_262' title='bbox 1755 2021 1769 2058; x_wconf 92' lang='lat' dir='ltr'>a</span> 
     </span>
     <span class='ocr_line' id='line_1_21' title="bbox 128 2082 1768 2163; baseline 0.003 -23"><span class='ocrx_word' id='word_1_263' title='bbox 128 2091 187 2141; x_wconf 85' lang='lat' dir='ltr'>tem</span> <span class='ocrx_word' id='word_1_264' title='bbox 202 2085 347 2140; x_wconf 86' lang='lat' dir='ltr'>auditoris</span> <span class='ocrx_word' id='word_1_265' title='bbox 365 2084 420 2139; x_wconf 86' lang='lat' dir='ltr'>Sed</span> <span class='ocrx_word' id='word_1_266' title='bbox 435 2085 584 2155; x_wconf 79' lang='lat' dir='ltr'>synagoga</span> <span class='ocrx_word' id='word_1_267' title='bbox 599 2088 717 2146; x_wconf 86' lang='lat' dir='ltr'>tacente,</span> <span class='ocrx_word' id='word_1_268' title='bbox 734 2082 795 2152; x_wconf 88' lang='lat' dir='ltr'>ipse</span> <span class='ocrx_word' id='word_1_269' title='bbox 809 2097 928 2152; x_wconf 81' lang='lat' dir='ltr'>sponsus</span> <span class='ocrx_word' id='word_1_270' title='bbox 969 2083 1110 2155; x_wconf 81' lang='lat' dir='ltr'>Propheta</span> <span class='ocrx_word' id='word_1_271' title='bbox 1125 2084 1210 2140; x_wconf 87' lang='lat' dir='ltr'>Pater</span> <span class='ocrx_word' id='word_1_272' title='bbox 1227 2086 1315 2141; x_wconf 76' lang='lat' dir='ltr'>futuri</span> <span class='ocrx_word' id='word_1_273' title='bbox 1323 2087 1415 2143; x_wconf 76' lang='lat' dir='ltr'>saeculi</span> <span class='ocrx_word' id='word_1_274' title='bbox 1421 2091 1643 2163; x_wconf 82' lang='lat' dir='ltr'>princepspacis</span> <span class='ocrx_word' id='word_1_275' title='bbox 1650 2091 1768 2163; x_wconf 86' lang='lat' dir='ltr'>appella</span> 
     </span>
     <span class='ocr_line' id='line_1_22' title="bbox 129 2173 1766 2250; baseline 0.004 -22"><span class='ocrx_word' id='word_1_276' title='bbox 129 2191 180 2246; x_wconf 91' lang='lat' dir='ltr'>pro</span> <span class='ocrx_word' id='word_1_277' title='bbox 192 2173 383 2243; x_wconf 86' lang='lat' dir='ltr'>earespondit</span> <span class='ocrx_word' id='word_1_278' title='bbox 400 2191 405 2225; x_wconf 95' lang='lat'><strong>:</strong></span> <span class='ocrx_word' id='word_1_279' title='bbox 969 2173 1048 2235; x_wconf 83' lang='lat' dir='ltr'>tur‚&#39;</span> <span class='ocrx_word' id='word_1_280' title='bbox 1041 2189 1069 2226; x_wconf 90' lang='lat' dir='ltr'>1n</span> <span class='ocrx_word' id='word_1_281' title='bbox 1085 2173 1165 2244; x_wconf 81' lang='lat' dir='ltr'>cujus</span> <span class='ocrx_word' id='word_1_282' title='bbox 1178 2174 1235 2228; x_wconf 88' lang='lat' dir='ltr'>veri</span> <span class='ocrx_word' id='word_1_283' title='bbox 1250 2174 1358 2245; x_wconf 77' lang='lat' dir='ltr'>pacifici</span> <span class='ocrx_word' id='word_1_284' title='bbox 1377 2180 1445 2248; x_wconf 87' lang='lat' dir='ltr'>typo</span> <span class='ocrx_word' id='word_1_285' title='bbox 1469 2176 1602 2232; x_wconf 78' lang='lat' dir='ltr'>Salomon</span> <span class='ocrx_word' id='word_1_286' title='bbox 1624 2174 1766 2250; x_wconf 74' lang='lat' dir='ltr'>pacilious,</span> 
     </span>
     <span class='ocr_line' id='line_1_23' title="bbox 167 2258 1769 2339; baseline 0.006 -26"><span class='ocrx_word' id='word_1_287' title='bbox 167 2283 179 2313; x_wconf 79' lang='grc' dir='ltr'>ι</span> <span class='ocrx_word' id='word_1_288' title='bbox 202 2262 231 2316; x_wconf 90' lang='lat' dir='ltr'>Si</span> <span class='ocrx_word' id='word_1_289' title='bbox 246 2276 343 2315; x_wconf 88' lang='lat' dir='ltr'>murus</span> <span class='ocrx_word' id='word_1_290' title='bbox 354 2266 405 2325; x_wconf 88' lang='lat' dir='ltr'>est,</span> <span class='ocrx_word' id='word_1_291' title='bbox 417 2260 585 2316; x_wconf 84' lang='lat' dir='ltr'>aedillcemus</span> <span class='ocrx_word' id='word_1_292' title='bbox 596 2274 681 2332; x_wconf 87' lang='lat' dir='ltr'>super</span> <span class='ocrx_word' id='word_1_293' title='bbox 692 2268 754 2314; x_wconf 89' lang='lat' dir='ltr'>eum</span> <span class='ocrx_word' id='word_1_294' title='bbox 767 2273 928 2331; x_wconf 83' lang='lat' dir='ltr'>propugna·</span> <span class='ocrx_word' id='word_1_295' title='bbox 969 2266 1067 2315; x_wconf 87' lang='lat' dir='ltr'>auctor</span> <span class='ocrx_word' id='word_1_296' title='bbox 1091 2263 1175 2332; x_wconf 79' lang='lat' dir='ltr'>buJ&#39;us</span> <span class='ocrx_word' id='word_1_297' title='bbox 1197 2263 1329 2317; x_wconf 88' lang='lat' dir='ltr'>carminis</span> <span class='ocrx_word' id='word_1_298' title='bbox 1353 2266 1504 2335; x_wconf 77' lang='lat' dir='ltr'>praecessit.</span> <span class='ocrx_word' id='word_1_299' title='bbox 1528 2262 1603 2321; x_wconf 87' lang='lat' dir='ltr'>linio</span> <span class='ocrx_word' id='word_1_300' title='bbox 1626 2268 1695 2339; x_wconf 76' lang='lat' dir='ltr'>er&#39;go</span> <span class='ocrx_word' id='word_1_301' title='bbox 1720 2258 1769 2323; x_wconf 79' lang='lat' dir='ltr'>nit</span> 
     </span>
     <span class='ocr_line' id='line_1_24' title="bbox 130 2345 1767 2428; baseline 0.003 -23"><span class='ocrx_word' id='word_1_302' title='bbox 130 2351 194 2405; x_wconf 89' lang='lat' dir='ltr'>cula</span> <span class='ocrx_word' id='word_1_303' title='bbox 219 2356 373 2419; x_wconf 74' lang='lat' dir='ltr'>argentea,</span> <span class='ocrx_word' id='word_1_304' title='bbox 389 2350 411 2402; x_wconf 92' lang='lat' dir='ltr'>si</span> <span class='ocrx_word' id='word_1_305' title='bbox 427 2349 529 2402; x_wconf 87' lang='lat' dir='ltr'>ostium</span> <span class='ocrx_word' id='word_1_306' title='bbox 551 2355 603 2415; x_wconf 89' lang='lat' dir='ltr'>est,</span> <span class='ocrx_word' id='word_1_307' title='bbox 627 2348 839 2419; x_wconf 82' lang='lat' dir='ltr'>compingamus</span> <span class='ocrx_word' id='word_1_308' title='bbox 859 2345 929 2401; x_wconf 90' lang='lat' dir='ltr'>illud</span> <span class='ocrx_word' id='word_1_309' title='bbox 971 2349 1060 2415; x_wconf 80' lang='lat' dir='ltr'>vinea,</span> <span class='ocrx_word' id='word_1_310' title='bbox 1077 2349 1104 2403; x_wconf 93' lang='lat' dir='ltr'>id</span> <span class='ocrx_word' id='word_1_311' title='bbox 1116 2355 1263 2404; x_wconf 88' lang='lat' dir='ltr'>estsancta</span> <span class='ocrx_word' id='word_1_312' title='bbox 1273 2348 1430 2406; x_wconf 73' lang='lat' dir='ltr'>Ecclesia«</span> <span class='ocrx_word' id='word_1_313' title='bbox 1448 2354 1479 2408; x_wconf 86' lang='lat' dir='ltr'>ln</span> <span class='ocrx_word' id='word_1_314' title='bbox 1493 2370 1526 2407; x_wconf 87' lang='lat' dir='ltr'>ea</span> <span class='ocrx_word' id='word_1_315' title='bbox 1541 2369 1604 2424; x_wconf 85' lang='lat' dir='ltr'>quae</span> <span class='ocrx_word' id='word_1_316' title='bbox 1618 2352 1708 2410; x_wconf 84' lang='lat' dir='ltr'>babet</span> <span class='ocrx_word' id='word_1_317' title='bbox 1720 2366 1767 2428; x_wconf 61' lang='lat' dir='ltr'>po²</span> 
     </span>
     <span class='ocr_line' id='line_1_25' title="bbox 128 2437 1769 2512; baseline 0.002 -18"><span class='ocrx_word' id='word_1_318' title='bbox 128 2439 236 2494; x_wconf 85' lang='lat' dir='ltr'>tabulis</span> <span class='ocrx_word' id='word_1_319' title='bbox 248 2438 377 2493; x_wconf 87' lang='lat' dir='ltr'>cedrinis.</span> <span class='ocrx_word' id='word_1_320' title='bbox 400 2455 411 2487; x_wconf 73' lang='grc' dir='ltr'>ι</span> <span class='ocrx_word' id='word_1_321' title='bbox 429 2437 458 2490; x_wconf 89' lang='lat' dir='ltr'>Si</span> <span class='ocrx_word' id='word_1_322' title='bbox 471 2437 587 2508; x_wconf 70' lang='lat' dir='ltr'>(inquit)</span> <span class='ocrx_word' id='word_1_323' title='bbox 601 2454 681 2492; x_wconf 89' lang='lat' dir='ltr'>soror</span> <span class='ocrx_word' id='word_1_324' title='bbox 694 2442 791 2490; x_wconf 89' lang='lat' dir='ltr'>nostra</span> <span class='ocrx_word' id='word_1_325' title='bbox 805 2442 848 2489; x_wconf 82' lang='lat' dir='ltr'>est</span> <span class='ocrx_word' id='word_1_326' title='bbox 865 2450 928 2489; x_wconf 91' lang='lat' dir='ltr'>mn·</span> <span class='ocrx_word' id='word_1_327' title='bbox 968 2439 1059 2508; x_wconf 90' lang='lat' dir='ltr'>pulos.</span> <span class='ocrx_word' id='word_1_328' title='bbox 1076 2460 1088 2487; x_wconf 74' lang='grc' dir='ltr'><strong>ι</strong></span> <span class='ocrx_word' id='word_1_329' title='bbox 1104 2438 1164 2492; x_wconf 86' lang='lat' dir='ltr'>iloe</span> <span class='ocrx_word' id='word_1_330' title='bbox 1178 2438 1247 2492; x_wconf 85' lang='lat' dir='ltr'>dicit</span> <span class='ocrx_word' id='word_1_331' title='bbox 1268 2446 1301 2494; x_wconf 89' lang='lat' dir='ltr'>ut</span> <span class='ocrx_word' id='word_1_332' title='bbox 1321 2439 1401 2495; x_wconf 88' lang='lat' dir='ltr'>sede</span> <span class='ocrx_word' id='word_1_333' title='bbox 1422 2440 1546 2496; x_wconf 87' lang='lat' dir='ltr'>Ecclesia</span> <span class='ocrx_word' id='word_1_334' title='bbox 1559 2443 1701 2512; x_wconf 85' lang='lat' dir='ltr'>gentium,</span> <span class='ocrx_word' id='word_1_335' title='bbox 1717 2452 1769 2499; x_wconf 85' lang='lat' dir='ltr'>nott</span> 
     </span>
     <span class='ocr_line' id='line_1_26' title="bbox 130 2524 1770 2603; baseline 0.002 -20"><span class='ocrx_word' id='word_1_336' title='bbox 130 2545 190 2594; x_wconf 86' lang='lat' dir='ltr'>rus,</span> <span class='ocrx_word' id='word_1_337' title='bbox 205 2527 374 2582; x_wconf 73' lang='lat' dir='ltr'>aedificemus</span> <span class='ocrx_word' id='word_1_338' title='bbox 389 2541 474 2596; x_wconf 88' lang='lat' dir='ltr'>super</span> <span class='ocrx_word' id='word_1_339' title='bbox 485 2541 548 2579; x_wconf 90' lang='lat' dir='ltr'>eum</span> <span class='ocrx_word' id='word_1_340' title='bbox 564 2525 773 2597; x_wconf 82' lang='lat' dir='ltr'>propugnacula</span> <span class='ocrx_word' id='word_1_341' title='bbox 783 2531 926 2594; x_wconf 81' lang='lat' dir='ltr'>argentea.</span> <span class='ocrx_word' id='word_1_342' title='bbox 970 2527 1004 2580; x_wconf 90' lang='lat' dir='ltr'>de</span> <span class='ocrx_word' id='word_1_343' title='bbox 1031 2527 1189 2596; x_wconf 71' lang='lat' dir='ltr'>synagoga.</span> <span class='ocrx_word' id='word_1_344' title='bbox 1213 2529 1373 2583; x_wconf 90' lang='lat' dir='ltr'>ostenderet</span> <span class='ocrx_word' id='word_1_345' title='bbox 1392 2544 1502 2584; x_wconf 88' lang='lat' dir='ltr'>canere.</span> <span class='ocrx_word' id='word_1_346' title='bbox 1527 2532 1598 2585; x_wconf 89' lang='lat' dir='ltr'>Nam</span> <span class='ocrx_word' id='word_1_347' title='bbox 1621 2524 1770 2603; x_wconf 77' lang='lat' dir='ltr'>Syna&#39;goga&#39;</span> 
     </span>
     <span class='ocr_line' id='line_1_27' title="bbox 114 2606 1769 2694; baseline 0.003 -24"><span class='ocrx_word' id='word_1_348' title='bbox 114 2618 169 2671; x_wconf 86' lang='lat' dir='ltr'>&#39;Ac</span> <span class='ocrx_word' id='word_1_349' title='bbox 185 2616 208 2669; x_wconf 94' lang='lat' dir='ltr'>si</span> <span class='ocrx_word' id='word_1_350' title='bbox 223 2614 298 2668; x_wconf 86' lang='lat' dir='ltr'>dicat</span> <span class='ocrx_word' id='word_1_351' title='bbox 314 2634 320 2667; x_wconf 79' lang='lat' dir='ltr'><em>z</em></span> <span class='ocrx_word' id='word_1_352' title='bbox 338 2615 408 2668; x_wconf 82' lang='lat' dir='ltr'>Cum</span> <span class='ocrx_word' id='word_1_353' title='bbox 424 2613 561 2683; x_wconf 81' lang='lat' dir='ltr'>coeperint</span> <span class='ocrx_word' id='word_1_354' title='bbox 575 2614 693 2685; x_wconf 85' lang='lat' dir='ltr'>apostoli</span> <span class='ocrx_word' id='word_1_355' title='bbox 707 2614 761 2666; x_wconf 91' lang='lat' dir='ltr'>mei</span> <span class='ocrx_word' id='word_1_356' title='bbox 779 2613 928 2682; x_wconf 76' lang='lat' dir='ltr'>predicare</span> <span class='ocrx_word' id='word_1_357' title='bbox 970 2614 1053 2669; x_wconf 89' lang='lat' dir='ltr'>unius</span> <span class='ocrx_word' id='word_1_358' title='bbox 1063 2615 1157 2684; x_wconf 81' lang='lat' dir='ltr'>gentis</span> <span class='ocrx_word' id='word_1_359' title='bbox 1169 2614 1222 2668; x_wconf 86' lang='lat' dir='ltr'>luit</span> <span class='ocrx_word' id='word_1_360' title='bbox 1235 2621 1355 2670; x_wconf 84' lang='lat' dir='ltr'>tantum.</span> <span class='ocrx_word' id='word_1_361' title='bbox 1368 2606 1491 2673; x_wconf 80' lang='lat' dir='ltr'>Ecclesia</span> <span class='ocrx_word' id='word_1_362' title='bbox 1504 2635 1569 2673; x_wconf 84' lang='lat' dir='ltr'>vero</span> <span class='ocrx_word' id='word_1_363' title='bbox 1582 2610 1672 2676; x_wconf 82' lang='lat' dir='ltr'>babet</span> <span class='ocrx_word' id='word_1_364' title='bbox 1681 2631 1769 2694; x_wconf 62' lang='lat' dir='ltr'>popu÷</span> 
     </span>
     <span class='ocr_line' id='line_1_28' title="bbox 129 2700 1769 2778; baseline 0.002 -18"><span class='ocrx_word' id='word_1_365' title='bbox 129 2705 258 2760; x_wconf 85' lang='lat' dir='ltr'>Ecclesiae</span> <span class='ocrx_word' id='word_1_366' title='bbox 271 2702 449 2774; x_wconf 78' lang='lat' dir='ltr'>degentibus</span> <span class='ocrx_word' id='word_1_367' title='bbox 468 2709 655 2773; x_wconf 78' lang='lat' dir='ltr'>congregata,</span> <span class='ocrx_word' id='word_1_368' title='bbox 679 2703 703 2756; x_wconf 91' lang='lat' dir='ltr'>si</span> <span class='ocrx_word' id='word_1_369' title='bbox 726 2702 798 2755; x_wconf 87' lang='lat' dir='ltr'>tales</span> <span class='ocrx_word' id='word_1_370' title='bbox 824 2700 929 2754; x_wconf 85' lang='lat' dir='ltr'>luerint</span> <span class='ocrx_word' id='word_1_371' title='bbox 970 2704 1021 2767; x_wconf 92' lang='lat' dir='ltr'>los,</span> <span class='ocrx_word' id='word_1_372' title='bbox 1037 2703 1103 2773; x_wconf 89' lang='lat' dir='ltr'>quia</span> <span class='ocrx_word' id='word_1_373' title='bbox 1117 2718 1214 2757; x_wconf 90' lang='lat' dir='ltr'>omnes</span> <span class='ocrx_word' id='word_1_374' title='bbox 1232 2710 1330 2774; x_wconf 78' lang='lat' dir='ltr'>gentes</span> <span class='ocrx_word' id='word_1_375' title='bbox 1347 2705 1424 2760; x_wconf 86' lang='lat' dir='ltr'>intra</span> <span class='ocrx_word' id='word_1_376' title='bbox 1445 2709 1663 2778; x_wconf 82' lang='lat' dir='ltr'>capacissimum</span> <span class='ocrx_word' id='word_1_377' title='bbox 1688 2716 1769 2764; x_wconf 86' lang='lat' dir='ltr'>suutn</span> 
     </span>
     <span class='ocr_line' id='line_1_29' title="bbox 129 2789 1769 2864; baseline 0.003 -17"><span class='ocrx_word' id='word_1_378' title='bbox 129 2794 273 2848; x_wconf 85' lang='lat' dir='ltr'>auditores</span> <span class='ocrx_word' id='word_1_379' title='bbox 286 2792 334 2863; x_wconf 90' lang='lat' dir='ltr'>qui</span> <span class='ocrx_word' id='word_1_380' title='bbox 349 2793 449 2846; x_wconf 89' lang='lat' dir='ltr'>merito</span> <span class='ocrx_word' id='word_1_381' title='bbox 473 2791 652 2862; x_wconf 85' lang='lat' dir='ltr'>perfectionis</span> <span class='ocrx_word' id='word_1_382' title='bbox 674 2806 772 2845; x_wconf 89' lang='lat' dir='ltr'>murus</span> <span class='ocrx_word' id='word_1_383' title='bbox 791 2789 928 2860; x_wconf 89' lang='lat' dir='ltr'>appellari</span> <span class='ocrx_word' id='word_1_384' title='bbox 968 2791 1106 2860; x_wconf 81' lang='lat' dir='ltr'>gremium</span> <span class='ocrx_word' id='word_1_385' title='bbox 1127 2792 1203 2862; x_wconf 92' lang='lat' dir='ltr'>capit</span> <span class='ocrx_word' id='word_1_386' title='bbox 1223 2798 1252 2846; x_wconf 88' lang='lat' dir='ltr'>et</span> <span class='ocrx_word' id='word_1_387' title='bbox 1273 2790 1383 2864; x_wconf 84' lang='lat' dir='ltr'>recipit.</span> <span class='ocrx_word' id='word_1_388' title='bbox 1407 2812 1420 2847; x_wconf 78' lang='lat' dir='ltr'>r</span> <span class='ocrx_word' id='word_1_389' title='bbox 1445 2792 1573 2849; x_wconf 75' lang='lat' dir='ltr'>Tradidit</span> <span class='ocrx_word' id='word_1_390' title='bbox 1588 2813 1652 2850; x_wconf 89' lang='lat' dir='ltr'>eam</span> <span class='ocrx_word' id='word_1_391' title='bbox 1675 2802 1769 2853; x_wconf 89' lang='lat' dir='ltr'>custo·</span> 
     </span>
     <span class='ocr_line' id='line_1_30' title="bbox 129 2874 1770 2954; baseline 0.001 -17"><span class='ocrx_word' id='word_1_392' title='bbox 129 2883 247 2954; x_wconf 81' lang='lat' dir='ltr'>possint,</span> <span class='ocrx_word' id='word_1_393' title='bbox 263 2882 332 2936; x_wconf 90' lang='lat' dir='ltr'>dum</span> <span class='ocrx_word' id='word_1_394' title='bbox 344 2881 474 2934; x_wconf 75' lang='lat' dir='ltr'>videlicet</span> <span class='ocrx_word' id='word_1_395' title='bbox 488 2881 530 2934; x_wconf 87' lang='lat' dir='ltr'>vel</span> <span class='ocrx_word' id='word_1_396' title='bbox 544 2880 666 2934; x_wconf 82' lang='lat' dir='ltr'>naturali</span> <span class='ocrx_word' id='word_1_397' title='bbox 682 2878 795 2950; x_wconf 82' lang='lat' dir='ltr'>ingenio</span> <span class='ocrx_word' id='word_1_398' title='bbox 806 2877 925 2950; x_wconf 78' lang='lat' dir='ltr'>praediti,</span> <span class='ocrx_word' id='word_1_399' title='bbox 969 2879 1060 2934; x_wconf 88' lang='lat' dir='ltr'>dibus.</span> <span class='ocrx_word' id='word_1_400' title='bbox 1078 2898 1090 2929; x_wconf 75' lang='lat' dir='ltr'>i</span> <span class='ocrx_word' id='word_1_401' title='bbox 1104 2880 1240 2934; x_wconf 80' lang='lat' dir='ltr'>Custodes</span> <span class='ocrx_word' id='word_1_402' title='bbox 1254 2880 1339 2952; x_wconf 81' lang='lat' dir='ltr'>hujus</span> <span class='ocrx_word' id='word_1_403' title='bbox 1358 2881 1444 2937; x_wconf 79' lang='lat' dir='ltr'>vinem</span> <span class='ocrx_word' id='word_1_404' title='bbox 1453 2883 1491 2949; x_wconf 79' lang='lat' dir='ltr'>(id</span> <span class='ocrx_word' id='word_1_405' title='bbox 1502 2878 1661 2938; x_wconf 78' lang='lat' dir='ltr'>estsauetae</span> <span class='ocrx_word' id='word_1_406' title='bbox 1675 2874 1770 2939; x_wconf 77' lang='lat' dir='ltr'>Eccle-</span> 
     </span>
     <span class='ocr_line' id='line_1_31' title="bbox 129 2966 1770 3043; baseline 0.001 -18"><span class='ocrx_word' id='word_1_407' title='bbox 129 2972 173 3025; x_wconf 81' lang='lat' dir='ltr'>vel</span> <span class='ocrx_word' id='word_1_408' title='bbox 185 2969 377 3042; x_wconf 84' lang='lat' dir='ltr'>philosophica</span> <span class='ocrx_word' id='word_1_409' title='bbox 391 2969 548 3022; x_wconf 81' lang='lat' dir='ltr'>eruditione</span> <span class='ocrx_word' id='word_1_410' title='bbox 570 2974 745 3039; x_wconf 83' lang='lat' dir='ltr'>praestantes,</span> <span class='ocrx_word' id='word_1_411' title='bbox 761 2967 842 3038; x_wconf 88' lang='lat' dir='ltr'>quasi</span> <span class='ocrx_word' id='word_1_412' title='bbox 857 2966 927 3020; x_wconf 84' lang='lat' dir='ltr'>alios</span> <span class='ocrx_word' id='word_1_413' title='bbox 969 2968 1023 3030; x_wconf 76' lang='lat' dir='ltr'>siet</span> <span class='ocrx_word' id='word_1_414' title='bbox 1045 2972 1111 3021; x_wconf 88' lang='lat' dir='ltr'>sunt</span> <span class='ocrx_word' id='word_1_415' title='bbox 1130 2969 1282 3038; x_wconf 70' lang='lat' dir='ltr'>propbeta,</span> <span class='ocrx_word' id='word_1_416' title='bbox 1305 2968 1425 3040; x_wconf 86' lang='lat' dir='ltr'>apostoli</span> <span class='ocrx_word' id='word_1_417' title='bbox 1440 2967 1692 3043; x_wconf 87' lang='lat' dir='ltr'>apostolorumque</span> <span class='ocrx_word' id='word_1_418' title='bbox 1707 2986 1770 3027; x_wconf 88' lang='lat' dir='ltr'>suc-</span> 
     </span>
     <span class='ocr_line' id='line_1_32' title="bbox 130 3054 1771 3130; baseline 0.002 -17"><span class='ocrx_word' id='word_1_419' title='bbox 130 3059 281 3113; x_wconf 87' lang='lat' dir='ltr'>deiendere</span> <span class='ocrx_word' id='word_1_420' title='bbox 295 3063 324 3112; x_wconf 91' lang='lat' dir='ltr'>ct</span> <span class='ocrx_word' id='word_1_421' title='bbox 336 3056 448 3110; x_wconf 88' lang='lat' dir='ltr'>munire</span> <span class='ocrx_word' id='word_1_422' title='bbox 461 3057 569 3127; x_wconf 91' lang='lat' dir='ltr'>possint</span> <span class='ocrx_word' id='word_1_423' title='bbox 584 3057 643 3110; x_wconf 89' lang='lat' dir='ltr'>vice</span> <span class='ocrx_word' id='word_1_424' title='bbox 658 3056 741 3120; x_wconf 90' lang='lat' dir='ltr'>muri,</span> <span class='ocrx_word' id='word_1_425' title='bbox 758 3054 1101 3116; x_wconf 83' lang='lat' dir='ltr'>aedibcemuchessores.</span> <span class='ocrx_word' id='word_1_426' title='bbox 1120 3055 1182 3110; x_wconf 85' lang='lat' dir='ltr'>Sive</span> <span class='ocrx_word' id='word_1_427' title='bbox 1196 3057 1280 3110; x_wconf 88' lang='lat' dir='ltr'>etiam</span> <span class='ocrx_word' id='word_1_428' title='bbox 1297 3056 1426 3112; x_wconf 88' lang='lat' dir='ltr'>custodes</span> <span class='ocrx_word' id='word_1_429' title='bbox 1436 3057 1521 3130; x_wconf 80' lang='lat' dir='ltr'>hujus</span> <span class='ocrx_word' id='word_1_430' title='bbox 1535 3054 1630 3114; x_wconf 74' lang='lat' dir='ltr'>saeculi</span> <span class='ocrx_word' id='word_1_431' title='bbox 1645 3055 1771 3116; x_wconf 76' lang='lat' dir='ltr'>suntan-</span> 
     </span>
     <span class='ocr_line' id='line_1_33' title="bbox 131 3141 1772 3215; baseline 0.003 -16"><span class='ocrx_word' id='word_1_432' title='bbox 131 3144 392 3215; x_wconf 82' lang='lat' dir='ltr'>superbunotalem</span> <span class='ocrx_word' id='word_1_433' title='bbox 402 3159 513 3196; x_wconf 87' lang='lat' dir='ltr'>murum</span> <span class='ocrx_word' id='word_1_434' title='bbox 528 3146 736 3213; x_wconf 83' lang='lat' dir='ltr'>propugnacula</span> <span class='ocrx_word' id='word_1_435' title='bbox 748 3142 927 3213; x_wconf 68' lang='lat' dir='ltr'>argenteam</span> <span class='ocrx_word' id='word_1_436' title='bbox 968 3145 1063 3215; x_wconf 81' lang='lat' dir='ltr'>gelicae</span> <span class='ocrx_word' id='word_1_437' title='bbox 1078 3145 1203 3201; x_wconf 84' lang='lat' dir='ltr'>virtutes.</span> <span class='ocrx_word' id='word_1_438' title='bbox 1221 3162 1282 3215; x_wconf 76' lang='lat' dir='ltr'>quae</span> <span class='ocrx_word' id='word_1_439' title='bbox 1296 3145 1331 3198; x_wconf 93' lang='lat' dir='ltr'>ab</span> <span class='ocrx_word' id='word_1_440' title='bbox 1348 3146 1506 3202; x_wconf 82' lang='lat' dir='ltr'>incursibus</span> <span class='ocrx_word' id='word_1_441' title='bbox 1528 3141 1722 3204; x_wconf 85' lang='lat' dir='ltr'>tentationum</span> <span class='ocrx_word' id='word_1_442' title='bbox 1744 3160 1772 3212; x_wconf 78' lang='lat' dir='ltr'>et</span> 
     </span>
     <span class='ocr_line' id='line_1_34' title="bbox 131 3218 1771 3309; baseline 0.004 -23"><span class='ocrx_word' id='word_1_443' title='bbox 131 3238 184 3296; x_wconf 83' lang='lat' dir='ltr'>est,</span> <span class='ocrx_word' id='word_1_444' title='bbox 199 3233 336 3286; x_wconf 89' lang='lat' dir='ltr'>addamus</span> <span class='ocrx_word' id='word_1_445' title='bbox 346 3232 400 3284; x_wconf 89' lang='lat' dir='ltr'>illis</span> <span class='ocrx_word' id='word_1_446' title='bbox 414 3232 524 3301; x_wconf 87' lang='lat' dir='ltr'>eloquia</span> <span class='ocrx_word' id='word_1_447' title='bbox 536 3233 694 3285; x_wconf 86' lang='lat' dir='ltr'>divinarum</span> <span class='ocrx_word' id='word_1_448' title='bbox 706 3233 925 3301; x_wconf 86' lang='lat' dir='ltr'>Scripturarum.</span> <span class='ocrx_word' id='word_1_449' title='bbox 969 3234 1127 3287; x_wconf 77' lang='lat' dir='ltr'>demonum</span> <span class='ocrx_word' id='word_1_450' title='bbox 1152 3234 1304 3287; x_wconf 89' lang='lat' dir='ltr'>Ecclesiam</span> <span class='ocrx_word' id='word_1_451' title='bbox 1326 3234 1496 3289; x_wconf 88' lang='lat' dir='ltr'>custodiunt.</span> <span class='ocrx_word' id='word_1_452' title='bbox 1515 3253 1528 3287; x_wconf 78' lang='lat' dir='ltr'>c&lt;</span> <span class='ocrx_word' id='word_1_453' title='bbox 1552 3218 1604 3289; x_wconf 76' lang='lat' dir='ltr'>¹Vir</span> <span class='ocrx_word' id='word_1_454' title='bbox 1618 3237 1704 3291; x_wconf 73' lang='lat' dir='ltr'>allent</span> <span class='ocrx_word' id='word_1_455' title='bbox 1722 3248 1771 3309; x_wconf 86' lang='lat' dir='ltr'>pro</span> 
     </span>
     <span class='ocr_line' id='line_1_35' title="bbox 130 3319 1773 3393; baseline 0.004 -18"><span class='ocrx_word' id='word_1_456' title='bbox 130 3321 215 3387; x_wconf 91' lang='lat' dir='ltr'>Nam,</span> <span class='ocrx_word' id='word_1_457' title='bbox 229 3319 419 3374; x_wconf 88' lang='lat' dir='ltr'>utPsalmista</span> <span class='ocrx_word' id='word_1_458' title='bbox 433 3319 515 3372; x_wconf 87' lang='lat' dir='ltr'>dicit:</span> <span class='ocrx_word' id='word_1_459' title='bbox 530 3338 542 3370; x_wconf 82' lang='lat' dir='ltr'>c</span> <span class='ocrx_word' id='word_1_460' title='bbox 560 3320 675 3389; x_wconf 87' lang='lat' dir='ltr'>Eloquia</span> <span class='ocrx_word' id='word_1_461' title='bbox 692 3319 803 3373; x_wconf 86' lang='lat' dir='ltr'>Domini</span> <span class='ocrx_word' id='word_1_462' title='bbox 816 3320 928 3390; x_wconf 90' lang='lat' dir='ltr'>eloquia</span> <span class='ocrx_word' id='word_1_463' title='bbox 970 3322 1062 3375; x_wconf 81' lang='lat' dir='ltr'>fructu</span> <span class='ocrx_word' id='word_1_464' title='bbox 1074 3323 1134 3391; x_wconf 85' lang='lat' dir='ltr'>ejus</span> <span class='ocrx_word' id='word_1_465' title='bbox 1147 3321 1224 3376; x_wconf 91' lang='lat' dir='ltr'>mille</span> <span class='ocrx_word' id='word_1_466' title='bbox 1239 3326 1398 3393; x_wconf 84' lang='lat' dir='ltr'>argenteos.</span> <span class='ocrx_word' id='word_1_467' title='bbox 1416 3341 1429 3375; x_wconf 73' lang='lat' dir='ltr'>a</span> <span class='ocrx_word' id='word_1_468' title='bbox 1442 3323 1533 3384; x_wconf 89' lang='lat' dir='ltr'>Viros,</span> <span class='ocrx_word' id='word_1_469' title='bbox 1554 3324 1643 3378; x_wconf 86' lang='lat' dir='ltr'>fortes</span> <span class='ocrx_word' id='word_1_470' title='bbox 1657 3325 1728 3380; x_wconf 93' lang='lat' dir='ltr'>dicit</span> <span class='ocrx_word' id='word_1_471' title='bbox 1742 3324 1773 3381; x_wconf 88' lang='lat' dir='ltr'>el</span> 
     </span>
     <span class='ocr_line' id='line_1_36' title="bbox 131 3407 1772 3479; baseline 0.002 -16"><span class='ocrx_word' id='word_1_472' title='bbox 131 3414 219 3475; x_wconf 86' lang='lat' dir='ltr'>casta,</span> <span class='ocrx_word' id='word_1_473' title='bbox 246 3414 394 3479; x_wconf 84' lang='lat' dir='ltr'>argentum</span> <span class='ocrx_word' id='word_1_474' title='bbox 409 3408 475 3478; x_wconf 81' lang='lat' dir='ltr'>igne</span> <span class='ocrx_word' id='word_1_475' title='bbox 490 3408 689 3461; x_wconf 88' lang='lat' dir='ltr'>examinatum.</span> <span class='ocrx_word' id='word_1_476' title='bbox 708 3427 721 3459; x_wconf 79' lang='lat' dir='ltr'>a</span> <span class='ocrx_word' id='word_1_477' title='bbox 740 3407 767 3461; x_wconf 85' lang='lat' dir='ltr'>Si</span> <span class='ocrx_word' id='word_1_478' title='bbox 778 3424 843 3461; x_wconf 84' lang='lat' dir='ltr'>vero</span> <span class='ocrx_word' id='word_1_479' title='bbox 858 3409 928 3462; x_wconf 88' lang='lat' dir='ltr'>tales</span> <span class='ocrx_word' id='word_1_480' title='bbox 970 3408 1116 3479; x_wconf 75' lang='lat' dir='ltr'>periectos.</span> <span class='ocrx_word' id='word_1_481' title='bbox 1140 3424 1205 3462; x_wconf 89' lang='lat' dir='ltr'>nam</span> <span class='ocrx_word' id='word_1_482' title='bbox 1227 3408 1270 3461; x_wconf 87' lang='lat' dir='ltr'>vir</span> <span class='ocrx_word' id='word_1_483' title='bbox 1290 3426 1307 3463; x_wconf 90' lang='lat' dir='ltr'>a</span> <span class='ocrx_word' id='word_1_484' title='bbox 1329 3410 1432 3464; x_wconf 85' lang='lat' dir='ltr'>virtute</span> <span class='ocrx_word' id='word_1_485' title='bbox 1454 3410 1564 3464; x_wconf 86' lang='lat' dir='ltr'>dicitur.</span> <span class='ocrx_word' id='word_1_486' title='bbox 1582 3410 1705 3466; x_wconf 80' lang='lat' dir='ltr'>Fructus</span> <span class='ocrx_word' id='word_1_487' title='bbox 1720 3412 1772 3467; x_wconf 89' lang='lat' dir='ltr'>Ec-</span> 
     </span>
    </p>
   </div>
   <div class='ocr_carea' id='block_1_3' title="bbox 16 3496 1772 3572">
    <p class='ocr_par' dir='ltr' id='par_1_3' title="bbox 16 3496 1772 3572">
     <span class='ocr_line' id='line_1_37' title="bbox 16 3496 1772 3572; baseline 0.002 -20"><span class='ocrx_word' id='word_1_488' title='bbox 16 3517 22 3525; x_wconf 95' lang='lat'>·</span> <span class='ocrx_word' id='word_1_489' title='bbox 130 3498 237 3552; x_wconf 82' lang='lat' dir='ltr'>fuerint</span> <span class='ocrx_word' id='word_1_490' title='bbox 252 3497 395 3552; x_wconf 85' lang='lat' dir='ltr'>auditores</span> <span class='ocrx_word' id='word_1_491' title='bbox 410 3497 456 3567; x_wconf 92' lang='lat' dir='ltr'>qui</span> <span class='ocrx_word' id='word_1_492' title='bbox 472 3512 648 3567; x_wconf 85' lang='lat' dir='ltr'>nequaquam</span> <span class='ocrx_word' id='word_1_493' title='bbox 660 3496 787 3549; x_wconf 86' lang='lat' dir='ltr'>hostibus</span> <span class='ocrx_word' id='word_1_494' title='bbox 797 3497 928 3550; x_wconf 85' lang='lat' dir='ltr'>resistere</span> <span class='ocrx_word' id='word_1_495' title='bbox 969 3497 1059 3550; x_wconf 85' lang='lat' dir='ltr'>clesiae</span> <span class='ocrx_word' id='word_1_496' title='bbox 1074 3502 1115 3550; x_wconf 87' lang='lat' dir='ltr'>est</span> <span class='ocrx_word' id='word_1_497' title='bbox 1131 3497 1251 3550; x_wconf 83' lang='lat' dir='ltr'>coelestis</span> <span class='ocrx_word' id='word_1_498' title='bbox 1269 3497 1332 3551; x_wconf 73' lang='lat' dir='ltr'>vita</span> <span class='ocrx_word' id='word_1_499' title='bbox 1345 3499 1546 3563; x_wconf 81' lang='lat' dir='ltr'>remuneratio,</span> <span class='ocrx_word' id='word_1_500' title='bbox 1566 3516 1619 3570; x_wconf 91' lang='lat' dir='ltr'>pro</span> <span class='ocrx_word' id='word_1_501' title='bbox 1636 3514 1695 3572; x_wconf 89' lang='lat' dir='ltr'>qua</span> <span class='ocrx_word' id='word_1_502' title='bbox 1710 3516 1772 3555; x_wconf 86' lang='lat' dir='ltr'>sau·</span> 
     </span>
    </p>
   </div>
   <div class='ocr_carea' id='block_1_4' title="bbox 129 3582 1772 3834">
    <p class='ocr_par' dir='ltr' id='par_1_4' title="bbox 129 3582 1772 3834">
     <span class='ocr_line' id='line_1_38' title="bbox 130 3582 1772 3657; baseline 0.003 -17"><span class='ocrx_word' id='word_1_503' title='bbox 130 3585 248 3657; x_wconf 86' lang='lat' dir='ltr'>possint,</span> <span class='ocrx_word' id='word_1_504' title='bbox 273 3600 325 3640; x_wconf 85' lang='lat' dir='ltr'>nec</span> <span class='ocrx_word' id='word_1_505' title='bbox 344 3586 401 3639; x_wconf 88' lang='lat' dir='ltr'>tela</span> <span class='ocrx_word' id='word_1_506' title='bbox 426 3591 525 3639; x_wconf 90' lang='lat' dir='ltr'>contra</span> <span class='ocrx_word' id='word_1_507' title='bbox 547 3584 688 3638; x_wconf 82' lang='lat' dir='ltr'>venientia</span> <span class='ocrx_word' id='word_1_508' title='bbox 713 3585 858 3655; x_wconf 86' lang='lat' dir='ltr'>repellere,</span> <span class='ocrx_word' id='word_1_509' title='bbox 879 3585 927 3639; x_wconf 88' lang='lat' dir='ltr'>sed</span> <span class='ocrx_word' id='word_1_510' title='bbox 969 3592 1014 3640; x_wconf 89' lang='lat' dir='ltr'>cta</span> <span class='ocrx_word' id='word_1_511' title='bbox 1029 3583 1150 3639; x_wconf 87' lang='lat' dir='ltr'>Ecclesia</span> <span class='ocrx_word' id='word_1_512' title='bbox 1165 3585 1192 3638; x_wconf 93' lang='lat' dir='ltr'>in</span> <span class='ocrx_word' id='word_1_513' title='bbox 1209 3585 1337 3656; x_wconf 67' lang='lat' dir='ltr'>presenti</span> <span class='ocrx_word' id='word_1_514' title='bbox 1353 3585 1480 3641; x_wconf 87' lang='lat' dir='ltr'>laborare</span> <span class='ocrx_word' id='word_1_515' title='bbox 1499 3602 1554 3642; x_wconf 92' lang='lat' dir='ltr'>non</span> <span class='ocrx_word' id='word_1_516' title='bbox 1576 3596 1679 3643; x_wconf 85' lang='lat' dir='ltr'>cessat.</span> <span class='ocrx_word' id='word_1_517' title='bbox 1695 3582 1772 3645; x_wconf 82' lang='lat' dir='ltr'>b&#39;iille</span> 
     </span>
     <span class='ocr_line' id='line_1_39' title="bbox 129 3672 1771 3749; baseline 0 -19"><span class='ocrx_word' id='word_1_518' title='bbox 129 3675 234 3730; x_wconf 83' lang='lat' dir='ltr'>fuerint</span> <span class='ocrx_word' id='word_1_519' title='bbox 248 3676 287 3729; x_wconf 87' lang='lat' dir='ltr'>vel</span> <span class='ocrx_word' id='word_1_520' title='bbox 303 3675 405 3729; x_wconf 88' lang='lat' dir='ltr'>ostium</span> <span class='ocrx_word' id='word_1_521' title='bbox 422 3681 453 3727; x_wconf 90' lang='lat' dir='ltr'>ut</span> <span class='ocrx_word' id='word_1_522' title='bbox 463 3672 600 3744; x_wconf 89' lang='lat' dir='ltr'>simplicia</span> <span class='ocrx_word' id='word_1_523' title='bbox 610 3675 810 3727; x_wconf 88' lang='lat' dir='ltr'>annuntiantes</span> <span class='ocrx_word' id='word_1_524' title='bbox 822 3675 929 3744; x_wconf 84' lang='lat' dir='ltr'>possint</span> <span class='ocrx_word' id='word_1_525' title='bbox 970 3680 1064 3727; x_wconf 87' lang='lat' dir='ltr'>autem</span> <span class='ocrx_word' id='word_1_526' title='bbox 1080 3674 1215 3741; x_wconf 78' lang='lat' dir='ltr'>argentei,</span> <span class='ocrx_word' id='word_1_527' title='bbox 1234 3690 1304 3744; x_wconf 91' lang='lat' dir='ltr'>quos</span> <span class='ocrx_word' id='word_1_528' title='bbox 1320 3690 1369 3744; x_wconf 88' lang='lat' dir='ltr'>pro</span> <span class='ocrx_word' id='word_1_529' title='bbox 1388 3675 1481 3728; x_wconf 84' lang='lat' dir='ltr'>iru&#39;ctu</span> <span class='ocrx_word' id='word_1_530' title='bbox 1498 3676 1539 3728; x_wconf 81' lang='lat' dir='ltr'>vir</span> <span class='ocrx_word' id='word_1_531' title='bbox 1554 3676 1646 3739; x_wconf 87' lang='lat' dir='ltr'>ailert,</span> <span class='ocrx_word' id='word_1_532' title='bbox 1662 3677 1771 3749; x_wconf 73' lang='lat' dir='ltr'>signill-</span> 
     </span>
     <span class='ocr_line' id='line_1_40' title="bbox 131 3760 1770 3834; baseline 0.001 -16"><span class='ocrx_word' id='word_1_533' title='bbox 131 3764 240 3834; x_wconf 82' lang='lat' dir='ltr'>aliquos</span> <span class='ocrx_word' id='word_1_534' title='bbox 254 3763 282 3816; x_wconf 93' lang='lat' dir='ltr'>in</span> <span class='ocrx_word' id='word_1_535' title='bbox 297 3762 418 3816; x_wconf 81' lang='lat' dir='ltr'>Ecclesia</span> <span class='ocrx_word' id='word_1_536' title='bbox 444 3770 472 3815; x_wconf 87' lang='lat' dir='ltr'>et</span> <span class='ocrx_word' id='word_1_537' title='bbox 496 3760 530 3814; x_wconf 86' lang='lat' dir='ltr'>ad</span> <span class='ocrx_word' id='word_1_538' title='bbox 555 3761 637 3814; x_wconf 83' lang='lat' dir='ltr'>iidem</span> <span class='ocrx_word' id='word_1_539' title='bbox 663 3761 811 3828; x_wconf 85' lang='lat' dir='ltr'>adducere,</span> <span class='ocrx_word' id='word_1_540' title='bbox 832 3763 928 3832; x_wconf 89' lang='lat' dir='ltr'>quales</span> <span class='ocrx_word' id='word_1_541' title='bbox 969 3768 1035 3815; x_wconf 85' lang='lat' dir='ltr'>cant</span> <span class='ocrx_word' id='word_1_542' title='bbox 1049 3762 1216 3831; x_wconf 76' lang='lat' dir='ltr'>omniaque</span> <span class='ocrx_word' id='word_1_543' title='bbox 1232 3761 1260 3814; x_wconf 93' lang='lat' dir='ltr'>in</span> <span class='ocrx_word' id='word_1_544' title='bbox 1276 3762 1328 3815; x_wconf 90' lang='lat' dir='ltr'>boc</span> <span class='ocrx_word' id='word_1_545' title='bbox 1348 3762 1452 3816; x_wconf 92' lang='lat' dir='ltr'>mundo</span> <span class='ocrx_word' id='word_1_546' title='bbox 1476 3762 1615 3832; x_wconf 88' lang='lat' dir='ltr'>possideri</span> <span class='ocrx_word' id='word_1_547' title='bbox 1640 3766 1770 3834; x_wconf 83' lang='lat' dir='ltr'>possunt.</span> 
     </span>
    </p>
   </div>
   <div class='ocr_carea' id='block_1_5' title="bbox 130 3938 1774 5609">
    <p class='ocr_par' dir='ltr' id='par_1_5' title="bbox 130 3938 1774 5615">
     <span class='ocr_line' id='line_1_41' title="bbox 130 3938 1768 4012; baseline 0.001 -17"><span class='ocrx_word' id='word_1_548' title='bbox 130 3940 263 4005; x_wconf 89' lang='lat' dir='ltr'>Ecclesia,</span> <span class='ocrx_word' id='word_1_549' title='bbox 282 3947 311 3994; x_wconf 90' lang='lat' dir='ltr'>et</span> <span class='ocrx_word' id='word_1_550' title='bbox 324 3938 425 3993; x_wconf 83' lang='lat' dir='ltr'>divinis</span> <span class='ocrx_word' id='word_1_551' title='bbox 442 3938 584 4010; x_wconf 84' lang='lat' dir='ltr'>mysteriis</span> <span class='ocrx_word' id='word_1_552' title='bbox 599 3938 736 3992; x_wconf 87' lang='lat' dir='ltr'>initiando</span> <span class='ocrx_word' id='word_1_553' title='bbox 758 3939 885 3992; x_wconf 87' lang='lat' dir='ltr'>homines</span> <span class='ocrx_word' id='word_1_554' title='bbox 898 3939 928 3993; x_wconf 91' lang='lat' dir='ltr'>in</span> <span class='ocrx_word' id='word_1_555' title='bbox 970 3944 998 3992; x_wconf 88' lang='lat' dir='ltr'>et</span> <span class='ocrx_word' id='word_1_556' title='bbox 1011 3938 1184 4009; x_wconf 85' lang='lat' dir='ltr'>plenitudine</span> <span class='ocrx_word' id='word_1_557' title='bbox 1196 3938 1320 4008; x_wconf 86' lang='lat' dir='ltr'>ponitur.</span> <span class='ocrx_word' id='word_1_558' title='bbox 1337 3939 1388 3991; x_wconf 83' lang='lat' dir='ltr'>Vir</span> <span class='ocrx_word' id='word_1_559' title='bbox 1402 3954 1468 4009; x_wconf 82' lang='lat' dir='ltr'>ergo</span> <span class='ocrx_word' id='word_1_560' title='bbox 1491 3954 1543 4010; x_wconf 91' lang='lat' dir='ltr'>pro</span> <span class='ocrx_word' id='word_1_561' title='bbox 1560 3939 1655 3994; x_wconf 82' lang='lat' dir='ltr'>fructu</span> <span class='ocrx_word' id='word_1_562' title='bbox 1681 3938 1768 4012; x_wconf 73' lang='lat' dir='ltr'>hujus</span> 
     </span>
     <span class='ocr_line' id='line_1_42' title="bbox 130 4020 1773 4097; baseline 0 -13"><span class='ocrx_word' id='word_1_563' title='bbox 130 4028 280 4084; x_wconf 89' lang='lat' dir='ltr'>Ecclesiam</span> <span class='ocrx_word' id='word_1_564' title='bbox 297 4027 488 4084; x_wconf 81' lang='lat' dir='ltr'>introducunt.</span> <span class='ocrx_word' id='word_1_565' title='bbox 503 4027 715 4097; x_wconf 79' lang='lat' dir='ltr'>compingamus</span> <span class='ocrx_word' id='word_1_566' title='bbox 735 4027 804 4080; x_wconf 91' lang='lat' dir='ltr'>illud</span> <span class='ocrx_word' id='word_1_567' title='bbox 824 4027 928 4081; x_wconf 87' lang='lat' dir='ltr'>ostium</span> <span class='ocrx_word' id='word_1_568' title='bbox 969 4027 1056 4080; x_wconf 79' lang='lat' dir='ltr'>vineae</span> <span class='ocrx_word' id='word_1_569' title='bbox 1072 4026 1148 4080; x_wconf 90' lang='lat' dir='ltr'>mille</span> <span class='ocrx_word' id='word_1_570' title='bbox 1163 4033 1310 4096; x_wconf 77' lang='lat' dir='ltr'>argenteos</span> <span class='ocrx_word' id='word_1_571' title='bbox 1325 4020 1415 4089; x_wconf 81' lang='lat' dir='ltr'>aileit,</span> <span class='ocrx_word' id='word_1_572' title='bbox 1427 4027 1493 4097; x_wconf 88' lang='lat' dir='ltr'>quia</span> <span class='ocrx_word' id='word_1_573' title='bbox 1508 4028 1597 4081; x_wconf 87' lang='lat' dir='ltr'>sancti</span> <span class='ocrx_word' id='word_1_574' title='bbox 1610 4030 1709 4082; x_wconf 87' lang='lat' dir='ltr'>omnia</span> <span class='ocrx_word' id='word_1_575' title='bbox 1720 4045 1773 4084; x_wconf 86' lang='lat' dir='ltr'>sua</span> 
     </span>
     <span class='ocr_line' id='line_1_43' title="bbox 130 4116 1771 4188; baseline 0 -15"><span class='ocrx_word' id='word_1_576' title='bbox 130 4119 235 4173; x_wconf 87' lang='lat' dir='ltr'>tabulis</span> <span class='ocrx_word' id='word_1_577' title='bbox 259 4117 395 4183; x_wconf 79' lang='lat' dir='ltr'>cedrinis3</span> <span class='ocrx_word' id='word_1_578' title='bbox 409 4116 438 4170; x_wconf 92' lang='lat' dir='ltr'>id</span> <span class='ocrx_word' id='word_1_579' title='bbox 452 4121 504 4172; x_wconf 84' lang='lat' dir='ltr'>est.</span> <span class='ocrx_word' id='word_1_580' title='bbox 526 4130 717 4186; x_wconf 87' lang='lat' dir='ltr'>proponamus</span> <span class='ocrx_word' id='word_1_581' title='bbox 741 4116 782 4169; x_wconf 81' lang='lat' dir='ltr'>eis</span> <span class='ocrx_word' id='word_1_582' title='bbox 803 4117 929 4186; x_wconf 84' lang='lat' dir='ltr'>exempla</span> <span class='ocrx_word' id='word_1_583' title='bbox 970 4116 1182 4186; x_wconf 88' lang='lat' dir='ltr'>relinquunt,et</span> <span class='ocrx_word' id='word_1_584' title='bbox 1191 4116 1362 4186; x_wconf 85' lang='lat' dir='ltr'>pauperibus</span> <span class='ocrx_word' id='word_1_585' title='bbox 1371 4121 1541 4184; x_wconf 70' lang='lat' dir='ltr'>erogantut</span> <span class='ocrx_word' id='word_1_586' title='bbox 1552 4116 1771 4188; x_wconf 81' lang='lat' dir='ltr'>tructumliujus</span> 
     </span>
     <span class='ocr_line' id='line_1_44' title="bbox 130 4194 1771 4278; baseline 0.001 -18"><span class='ocrx_word' id='word_1_587' title='bbox 130 4206 349 4278; x_wconf 86' lang='lat' dir='ltr'>praecedentium</span> <span class='ocrx_word' id='word_1_588' title='bbox 370 4209 494 4274; x_wconf 89' lang='lat' dir='ltr'>patrum,</span> <span class='ocrx_word' id='word_1_589' title='bbox 510 4203 567 4272; x_wconf 92' lang='lat' dir='ltr'>qui,</span> <span class='ocrx_word' id='word_1_590' title='bbox 583 4203 670 4257; x_wconf 86' lang='lat' dir='ltr'>veluti</span> <span class='ocrx_word' id='word_1_591' title='bbox 689 4204 773 4264; x_wconf 87' lang='lat' dir='ltr'>cedri,</span> <span class='ocrx_word' id='word_1_592' title='bbox 798 4204 928 4274; x_wconf 90' lang='lat' dir='ltr'>imputri-</span> <span class='ocrx_word' id='word_1_593' title='bbox 970 4205 1056 4258; x_wconf 78' lang='lat' dir='ltr'>vinem</span> <span class='ocrx_word' id='word_1_594' title='bbox 1068 4205 1128 4263; x_wconf 79' lang='lat' dir='ltr'>{hoc</span> <span class='ocrx_word' id='word_1_595' title='bbox 1142 4208 1194 4267; x_wconf 87' lang='lat' dir='ltr'>est,</span> <span class='ocrx_word' id='word_1_596' title='bbox 1211 4218 1361 4274; x_wconf 87' lang='lat' dir='ltr'>supernam</span> <span class='ocrx_word' id='word_1_597' title='bbox 1373 4194 1771 4277; x_wconf 75' lang='lat' dir='ltr'>mercedemlconsequantur.</span> 
     </span>
     <span class='ocr_line' id='line_1_45' title="bbox 130 4281 1770 4386; baseline 0.001 -38"><span class='ocrx_word' id='word_1_598' title='bbox 130 4293 198 4348; x_wconf 90' lang='lat' dir='ltr'>bilia</span> <span class='ocrx_word' id='word_1_599' title='bbox 219 4294 348 4347; x_wconf 88' lang='lat' dir='ltr'>videlicet</span> <span class='ocrx_word' id='word_1_600' title='bbox 367 4293 453 4361; x_wconf 82' lang='lat' dir='ltr'>ligna,</span> <span class='ocrx_word' id='word_1_601' title='bbox 470 4291 499 4344; x_wconf 93' lang='lat' dir='ltr'>id</span> <span class='ocrx_word' id='word_1_602' title='bbox 521 4297 563 4345; x_wconf 88' lang='lat' dir='ltr'>est</span> <span class='ocrx_word' id='word_1_603' title='bbox 585 4290 829 4345; x_wconf 89' lang='lat' dir='ltr'>immarcescibilia</span> <span class='ocrx_word' id='word_1_604' title='bbox 843 4293 1035 4386; x_wconf 61' lang='lat' dir='ltr'>operan&#39;l&#39;ale</span> <span class='ocrx_word' id='word_1_605' title='bbox 1049 4297 1094 4346; x_wconf 89' lang='lat' dir='ltr'>est</span> <span class='ocrx_word' id='word_1_606' title='bbox 1105 4287 1275 4363; x_wconf 75' lang='lat' dir='ltr'>illudquod</span> <span class='ocrx_word' id='word_1_607' title='bbox 1296 4293 1431 4348; x_wconf 85' lang='lat' dir='ltr'>Dominus</span> <span class='ocrx_word' id='word_1_608' title='bbox 1452 4293 1481 4347; x_wconf 94' lang='lat' dir='ltr'>in</span> <span class='ocrx_word' id='word_1_609' title='bbox 1507 4294 1657 4364; x_wconf 78' lang='lat' dir='ltr'>Evangelio</span> <span class='ocrx_word' id='word_1_610' title='bbox 1677 4281 1770 4350; x_wconf 85' lang='lat' dir='ltr'>dicit:</span> 
     </span>
     <span class='ocr_line' id='line_1_46' title="bbox 131 4379 1773 4451; baseline 0.002 -15"><span class='ocrx_word' id='word_1_611' title='bbox 131 4382 246 4445; x_wconf 88' lang='lat' dir='ltr'>habent,</span> <span class='ocrx_word' id='word_1_612' title='bbox 263 4392 292 4435; x_wconf 89' lang='lat' dir='ltr'>et</span> <span class='ocrx_word' id='word_1_613' title='bbox 302 4380 386 4434; x_wconf 84' lang='lat' dir='ltr'>voluti</span> <span class='ocrx_word' id='word_1_614' title='bbox 402 4379 504 4433; x_wconf 74' lang='lat' dir='ltr'>tabule</span> <span class='ocrx_word' id='word_1_615' title='bbox 518 4380 642 4434; x_wconf 76' lang='lat' dir='ltr'>scientia</span> <span class='ocrx_word' id='word_1_616' title='bbox 658 4385 688 4433; x_wconf 83' lang='lat' dir='ltr'>et</span> <span class='ocrx_word' id='word_1_617' title='bbox 703 4380 847 4435; x_wconf 85' lang='lat' dir='ltr'>charitatis</span> <span class='ocrx_word' id='word_1_618' title='bbox 862 4382 927 4435; x_wconf 89' lang='lat' dir='ltr'>lati·</span> <span class='ocrx_word' id='word_1_619' title='bbox 971 4400 985 4433; x_wconf 81' lang='lat' dir='ltr'>a</span> <span class='ocrx_word' id='word_1_620' title='bbox 1004 4381 1101 4435; x_wconf 90' lang='lat' dir='ltr'>Simile</span> <span class='ocrx_word' id='word_1_621' title='bbox 1113 4386 1155 4435; x_wconf 90' lang='lat' dir='ltr'>est</span> <span class='ocrx_word' id='word_1_622' title='bbox 1169 4396 1288 4451; x_wconf 71' lang='lat' dir='ltr'>regnum</span> <span class='ocrx_word' id='word_1_623' title='bbox 1311 4383 1443 4435; x_wconf 66' lang='lat' dir='ltr'>coelorum</span> <span class='ocrx_word' id='word_1_624' title='bbox 1457 4382 1592 4436; x_wconf 86' lang='lat' dir='ltr'>thesauro</span> <span class='ocrx_word' id='word_1_625' title='bbox 1605 4382 1773 4440; x_wconf 78' lang='lat' dir='ltr'>abscondito</span> 
     </span>
     <span class='ocr_line' id='line_1_47' title="bbox 131 4466 1771 4544; baseline 0.002 -18"><span class='ocrx_word' id='word_1_626' title='bbox 131 4471 230 4526; x_wconf 85' lang='lat' dir='ltr'>tudine</span> <span class='ocrx_word' id='word_1_627' title='bbox 245 4469 339 4524; x_wconf 80' lang='lat' dir='ltr'>diffusi</span> <span class='ocrx_word' id='word_1_628' title='bbox 353 4473 427 4522; x_wconf 87' lang='lat' dir='ltr'>sunt.</span> <span class='ocrx_word' id='word_1_629' title='bbox 444 4466 927 4524; x_wconf 84' lang='lat' dir='ltr'>Latitudoenimtabularumlatitu-</span> <span class='ocrx_word' id='word_1_630' title='bbox 968 4471 996 4524; x_wconf 89' lang='lat' dir='ltr'>in</span> <span class='ocrx_word' id='word_1_631' title='bbox 1010 4486 1087 4541; x_wconf 81' lang='lat' dir='ltr'>agro,</span> <span class='ocrx_word' id='word_1_632' title='bbox 1105 4484 1187 4540; x_wconf 81' lang='lat' dir='ltr'>quem</span> <span class='ocrx_word' id='word_1_633' title='bbox 1204 4469 1251 4538; x_wconf 83' lang='lat' dir='ltr'>qui</span> <span class='ocrx_word' id='word_1_634' title='bbox 1265 4469 1372 4525; x_wconf 85' lang='lat' dir='ltr'>invenit</span> <span class='ocrx_word' id='word_1_635' title='bbox 1383 4471 1478 4534; x_wconf 83' lang='lat' dir='ltr'>bomo,</span> <span class='ocrx_word' id='word_1_636' title='bbox 1495 4470 1651 4534; x_wconf 82' lang='lat' dir='ltr'>abscondit,</span> <span class='ocrx_word' id='word_1_637' title='bbox 1669 4475 1698 4527; x_wconf 87' lang='lat' dir='ltr'>et</span> <span class='ocrx_word' id='word_1_638' title='bbox 1711 4480 1771 4544; x_wconf 77' lang='lat' dir='ltr'>p&#39;rze</span> 
     </span>
     <span class='ocr_line' id='line_1_48' title="bbox 131 4556 1774 4630; baseline 0.001 -14"><span class='ocrx_word' id='word_1_639' title='bbox 131 4561 225 4617; x_wconf 88' lang='lat' dir='ltr'>dinem</span> <span class='ocrx_word' id='word_1_640' title='bbox 240 4558 331 4614; x_wconf 89' lang='lat' dir='ltr'>cordis</span> <span class='ocrx_word' id='word_1_641' title='bbox 349 4558 391 4612; x_wconf 82' lang='lat' dir='ltr'>vel</span> <span class='ocrx_word' id='word_1_642' title='bbox 410 4556 533 4611; x_wconf 77' lang='lat' dir='ltr'>scientie</span> <span class='ocrx_word' id='word_1_643' title='bbox 552 4556 701 4627; x_wconf 81' lang='lat' dir='ltr'>significat,</span> <span class='ocrx_word' id='word_1_644' title='bbox 723 4558 832 4612; x_wconf 86' lang='lat' dir='ltr'>dicente</span> <span class='ocrx_word' id='word_1_645' title='bbox 848 4560 927 4613; x_wconf 89' lang='lat' dir='ltr'>Psal-</span> <span class='ocrx_word' id='word_1_646' title='bbox 967 4560 1070 4630; x_wconf 84' lang='lat' dir='ltr'>gaudio</span> <span class='ocrx_word' id='word_1_647' title='bbox 1081 4559 1158 4613; x_wconf 91' lang='lat' dir='ltr'>illius</span> <span class='ocrx_word' id='word_1_648' title='bbox 1175 4559 1261 4626; x_wconf 87' lang='lat' dir='ltr'>vadit,</span> <span class='ocrx_word' id='word_1_649' title='bbox 1278 4564 1308 4613; x_wconf 89' lang='lat' dir='ltr'>et</span> <span class='ocrx_word' id='word_1_650' title='bbox 1324 4560 1421 4614; x_wconf 78' lang='lat' dir='ltr'>rendit</span> <span class='ocrx_word' id='word_1_651' title='bbox 1435 4559 1529 4614; x_wconf 88' lang='lat' dir='ltr'>omnia</span> <span class='ocrx_word' id='word_1_652' title='bbox 1548 4563 1610 4630; x_wconf 76' lang='lat' dir='ltr'>que</span> <span class='ocrx_word' id='word_1_653' title='bbox 1628 4560 1726 4628; x_wconf 84' lang='lat' dir='ltr'>babet,</span> <span class='ocrx_word' id='word_1_654' title='bbox 1745 4564 1774 4617; x_wconf 84' lang='lat' dir='ltr'>el</span> 
     </span>
     <span class='ocr_line' id='line_1_49' title="bbox 130 4645 1294 4719; baseline -0.005 -15"><span class='ocrx_word' id='word_1_655' title='bbox 130 4649 216 4704; x_wconf 90' lang='lat' dir='ltr'>mista</span> <span class='ocrx_word' id='word_1_656' title='bbox 232 4666 238 4701; x_wconf 79' lang='lat' dir='ltr'><strong><em>z</em></strong></span> <span class='ocrx_word' id='word_1_657' title='bbox 257 4646 366 4701; x_wconf 72' lang='lat' dir='ltr'>(Viam</span> <span class='ocrx_word' id='word_1_658' title='bbox 380 4645 576 4699; x_wconf 88' lang='lat' dir='ltr'>mandatorum</span> <span class='ocrx_word' id='word_1_659' title='bbox 595 4650 707 4698; x_wconf 88' lang='lat' dir='ltr'>tuorum</span> <span class='ocrx_word' id='word_1_660' title='bbox 730 4646 853 4713; x_wconf 87' lang='lat' dir='ltr'>cucurri,</span> <span class='ocrx_word' id='word_1_661' title='bbox 865 4662 929 4701; x_wconf 89' lang='lat' dir='ltr'>cum</span> <span class='ocrx_word' id='word_1_662' title='bbox 970 4649 1040 4702; x_wconf 90' lang='lat' dir='ltr'>emit</span> <span class='ocrx_word' id='word_1_663' title='bbox 1053 4664 1153 4719; x_wconf 80' lang='lat' dir='ltr'>agrum</span> <span class='ocrx_word' id='word_1_664' title='bbox 1168 4648 1258 4702; x_wconf 88' lang='lat' dir='ltr'>illum.</span> <span class='ocrx_word' id='word_1_665' title='bbox 1282 4665 1294 4698; x_wconf 73' lang='lat' dir='ltr'>a</span> 
     </span>
     <span class='ocr_line' id='line_1_50' title="bbox 130 4733 1773 4806; baseline -0.001 -12"><span class='ocrx_word' id='word_1_666' title='bbox 130 4738 265 4794; x_wconf 86' lang='lat' dir='ltr'>dilatares</span> <span class='ocrx_word' id='word_1_667' title='bbox 277 4753 325 4792; x_wconf 86' lang='lat' dir='ltr'>eor</span> <span class='ocrx_word' id='word_1_668' title='bbox 339 4751 445 4790; x_wconf 90' lang='lat' dir='ltr'>meum.</span> <span class='ocrx_word' id='word_1_669' title='bbox 461 4754 473 4783; x_wconf 82' lang='grc' dir='ltr'>ι</span> <span class='ocrx_word' id='word_1_670' title='bbox 487 4733 538 4788; x_wconf 89' lang='lat' dir='ltr'>llis</span> <span class='ocrx_word' id='word_1_671' title='bbox 553 4749 620 4804; x_wconf 82' lang='lat' dir='ltr'>ergo</span> <span class='ocrx_word' id='word_1_672' title='bbox 635 4733 757 4787; x_wconf 82' lang='lat' dir='ltr'>cedrinis</span> <span class='ocrx_word' id='word_1_673' title='bbox 764 4733 879 4797; x_wconf 85' lang='lat' dir='ltr'>tabulis,</span> <span class='ocrx_word' id='word_1_674' title='bbox 892 4735 929 4802; x_wconf 82' lang='lat' dir='ltr'>(id</span> <span class='ocrx_word' id='word_1_675' title='bbox 1008 4755 1019 4785; x_wconf 82' lang='lat' dir='ltr'>c</span> <span class='ocrx_word' id='word_1_676' title='bbox 1041 4735 1130 4789; x_wconf 81' lang='lat' dir='ltr'>Vinea</span> <span class='ocrx_word' id='word_1_677' title='bbox 1144 4750 1208 4789; x_wconf 90' lang='lat' dir='ltr'>mea</span> <span class='ocrx_word' id='word_1_678' title='bbox 1227 4750 1320 4790; x_wconf 85' lang='lat' dir='ltr'>eoram</span> <span class='ocrx_word' id='word_1_679' title='bbox 1345 4750 1390 4789; x_wconf 90' lang='lat' dir='ltr'>me</span> <span class='ocrx_word' id='word_1_680' title='bbox 1412 4740 1463 4789; x_wconf 86' lang='lat' dir='ltr'>est.</span> <span class='ocrx_word' id='word_1_681' title='bbox 1490 4756 1499 4782; x_wconf 78' lang='grc' dir='ltr'><strong>ι</strong></span> <span class='ocrx_word' id='word_1_682' title='bbox 1518 4735 1577 4789; x_wconf 84' lang='lat' dir='ltr'>Vox</span> <span class='ocrx_word' id='word_1_683' title='bbox 1600 4736 1708 4806; x_wconf 85' lang='lat' dir='ltr'>sponsi.</span> <span class='ocrx_word' id='word_1_684' title='bbox 1731 4738 1773 4792; x_wconf 78' lang='lat' dir='ltr'>Tu</span> 
     </span>
     <span class='ocr_line' id='line_1_51' title="bbox 132 4820 1774 4895; baseline -0.001 -14"><span class='ocrx_word' id='word_1_685' title='bbox 132 4832 175 4881; x_wconf 89' lang='lat' dir='ltr'>ost</span> <span class='ocrx_word' id='word_1_686' title='bbox 190 4831 351 4881; x_wconf 87' lang='lat' dir='ltr'>sanctorum</span> <span class='ocrx_word' id='word_1_687' title='bbox 359 4822 507 4894; x_wconf 84' lang='lat' dir='ltr'>exemplis)</span> <span class='ocrx_word' id='word_1_688' title='bbox 516 4820 805 4892; x_wconf 79' lang='lat' dir='ltr'>compingamusillud</span> <span class='ocrx_word' id='word_1_689' title='bbox 813 4823 926 4890; x_wconf 86' lang='lat' dir='ltr'>ostium,</span> <span class='ocrx_word' id='word_1_690' title='bbox 971 4824 1082 4895; x_wconf 77' lang='lat' dir='ltr'>(inquit)</span> <span class='ocrx_word' id='word_1_691' title='bbox 1098 4824 1169 4878; x_wconf 91' lang='lat' dir='ltr'>dicis</span> <span class='ocrx_word' id='word_1_692' title='bbox 1184 4825 1250 4895; x_wconf 90' lang='lat' dir='ltr'>quia</span> <span class='ocrx_word' id='word_1_693' title='bbox 1272 4823 1381 4878; x_wconf 87' lang='lat' dir='ltr'>vineam</span> <span class='ocrx_word' id='word_1_694' title='bbox 1403 4838 1495 4878; x_wconf 87' lang='lat' dir='ltr'>meam</span> <span class='ocrx_word' id='word_1_695' title='bbox 1514 4823 1621 4878; x_wconf 87' lang='lat' dir='ltr'>tradidi</span> <span class='ocrx_word' id='word_1_696' title='bbox 1645 4825 1774 4879; x_wconf 89' lang='lat' dir='ltr'>custodi·-</span> 
     </span>
     <span class='ocr_line' id='line_1_52' title="bbox 131 4911 1774 4983; baseline 0 -15"><span class='ocrx_word' id='word_1_697' title='bbox 131 4914 305 4969; x_wconf 83' lang='lat' dir='ltr'>utvidelicet</span> <span class='ocrx_word' id='word_1_698' title='bbox 326 4914 439 4967; x_wconf 90' lang='lat' dir='ltr'>illorum</span> <span class='ocrx_word' id='word_1_699' title='bbox 455 4911 593 4966; x_wconf 89' lang='lat' dir='ltr'>imitanda</span> <span class='ocrx_word' id='word_1_700' title='bbox 611 4911 737 4981; x_wconf 88' lang='lat' dir='ltr'>exempla</span> <span class='ocrx_word' id='word_1_701' title='bbox 758 4911 820 4965; x_wconf 87' lang='lat' dir='ltr'>aliis</span> <span class='ocrx_word' id='word_1_702' title='bbox 832 4912 928 4966; x_wconf 89' lang='lat' dir='ltr'>Eccle-</span> <span class='ocrx_word' id='word_1_703' title='bbox 969 4913 1030 4979; x_wconf 87' lang='lat' dir='ltr'>bus,</span> <span class='ocrx_word' id='word_1_704' title='bbox 1046 4918 1141 4967; x_wconf 87' lang='lat' dir='ltr'>temen</span> <span class='ocrx_word' id='word_1_705' title='bbox 1155 4914 1237 4966; x_wconf 79' lang='lat' dir='ltr'>vinea</span> <span class='ocrx_word' id='word_1_706' title='bbox 1251 4924 1467 4983; x_wconf 84' lang='lat' dir='ltr'>semperooram</span> <span class='ocrx_word' id='word_1_707' title='bbox 1482 4929 1528 4966; x_wconf 90' lang='lat' dir='ltr'>me</span> <span class='ocrx_word' id='word_1_708' title='bbox 1544 4918 1596 4974; x_wconf 82' lang='lat' dir='ltr'>est,</span> <span class='ocrx_word' id='word_1_709' title='bbox 1615 4913 1685 4982; x_wconf 92' lang='lat' dir='ltr'>quia</span> <span class='ocrx_word' id='word_1_710' title='bbox 1706 4913 1774 4968; x_wconf 88' lang='lat' dir='ltr'>licet</span> 
     </span>
     <span class='ocr_line' id='line_1_53' title="bbox 132 4998 1773 5074; baseline 0.001 -19"><span class='ocrx_word' id='word_1_711' title='bbox 132 5002 204 5056; x_wconf 85' lang='lat' dir='ltr'>siam</span> <span class='ocrx_word' id='word_1_712' title='bbox 218 5001 381 5055; x_wconf 87' lang='lat' dir='ltr'>introeundi</span> <span class='ocrx_word' id='word_1_713' title='bbox 392 5001 479 5055; x_wconf 88' lang='lat' dir='ltr'>veluti</span> <span class='ocrx_word' id='word_1_714' title='bbox 494 5000 596 5055; x_wconf 91' lang='lat' dir='ltr'>ostium</span> <span class='ocrx_word' id='word_1_715' title='bbox 608 5001 727 5070; x_wconf 74' lang='lat' dir='ltr'>januam</span> <span class='ocrx_word' id='word_1_716' title='bbox 742 4998 879 5070; x_wconf 88' lang='lat' dir='ltr'>aperiant.</span> <span class='ocrx_word' id='word_1_717' title='bbox 971 5016 1032 5055; x_wconf 89' lang='lat' dir='ltr'>eam</span> <span class='ocrx_word' id='word_1_718' title='bbox 1040 5001 1644 5071; x_wconf 66' lang='lat' dir='ltr'>custodibusmoiscommiserimegotamen</span> <span class='ocrx_word' id='word_1_719' title='bbox 1658 5010 1773 5074; x_wconf 78' lang='lat' dir='ltr'>semper</span> 
     </span>
     <span class='ocr_line' id='line_1_54' title="bbox 169 5088 1774 5160; baseline 0.004 -21"><span class='ocrx_word' id='word_1_720' title='bbox 169 5089 255 5159; x_wconf 68' lang='lat' dir='ltr'>eligo</span> <span class='ocrx_word' id='word_1_721' title='bbox 275 5102 385 5154; x_wconf 90' lang='lat' dir='ltr'>murus,</span> <span class='ocrx_word' id='word_1_722' title='bbox 410 5096 439 5142; x_wconf 90' lang='lat' dir='ltr'>et</span> <span class='ocrx_word' id='word_1_723' title='bbox 458 5088 545 5142; x_wconf 85' lang='lat' dir='ltr'>ubera</span> <span class='ocrx_word' id='word_1_724' title='bbox 566 5105 629 5143; x_wconf 78' lang='lat' dir='ltr'>ntea</span> <span class='ocrx_word' id='word_1_725' title='bbox 643 5088 717 5143; x_wconf 84' lang='lat' dir='ltr'>sicut</span> <span class='ocrx_word' id='word_1_726' title='bbox 729 5088 826 5143; x_wconf 86' lang='lat' dir='ltr'>tanis.</span> <span class='ocrx_word' id='word_1_727' title='bbox 843 5107 856 5142; x_wconf 77' lang='lat' dir='ltr'>a</span> <span class='ocrx_word' id='word_1_728' title='bbox 871 5089 930 5144; x_wconf 89' lang='lat' dir='ltr'>Vox</span> <span class='ocrx_word' id='word_1_729' title='bbox 972 5106 1067 5145; x_wconf 87' lang='lat' dir='ltr'>curam</span> <span class='ocrx_word' id='word_1_730' title='bbox 1082 5091 1158 5144; x_wconf 87' lang='lat' dir='ltr'>illius</span> <span class='ocrx_word' id='word_1_731' title='bbox 1176 5090 1275 5154; x_wconf 91' lang='lat' dir='ltr'>habeo,</span> <span class='ocrx_word' id='word_1_732' title='bbox 1292 5102 1343 5143; x_wconf 88' lang='lat' dir='ltr'>nec</span> <span class='ocrx_word' id='word_1_733' title='bbox 1361 5106 1412 5160; x_wconf 89' lang='lat' dir='ltr'>pro</span> <span class='ocrx_word' id='word_1_734' title='bbox 1433 5089 1484 5143; x_wconf 93' lang='lat' dir='ltr'>illa</span> <span class='ocrx_word' id='word_1_735' title='bbox 1506 5097 1617 5160; x_wconf 86' lang='lat' dir='ltr'>semper</span> <span class='ocrx_word' id='word_1_736' title='bbox 1632 5091 1774 5146; x_wconf 78' lang='lat' dir='ltr'>sollicitus</span> 
     </span>
     <span class='ocr_line' id='line_1_55' title="bbox 132 5172 1774 5248; baseline 0.001 -15"><span class='ocrx_word' id='word_1_737' title='bbox 132 5178 272 5234; x_wconf 74' lang='lat' dir='ltr'>Ecclesia.</span> <span class='ocrx_word' id='word_1_738' title='bbox 287 5177 354 5241; x_wconf 78' lang='lat' dir='ltr'>Quae</span> <span class='ocrx_word' id='word_1_739' title='bbox 368 5193 432 5231; x_wconf 87' lang='lat' dir='ltr'>cum</span> <span class='ocrx_word' id='word_1_740' title='bbox 447 5177 571 5231; x_wconf 89' lang='lat' dir='ltr'>audisset</span> <span class='ocrx_word' id='word_1_741' title='bbox 587 5195 636 5248; x_wconf 91' lang='lat' dir='ltr'>pro</span> <span class='ocrx_word' id='word_1_742' title='bbox 651 5195 703 5233; x_wconf 90' lang='lat' dir='ltr'>sua</span> <span class='ocrx_word' id='word_1_743' title='bbox 718 5179 809 5232; x_wconf 85' lang='lat' dir='ltr'>salute</span> <span class='ocrx_word' id='word_1_744' title='bbox 828 5194 930 5232; x_wconf 88' lang='lat' dir='ltr'>consu·</span> <span class='ocrx_word' id='word_1_745' title='bbox 971 5196 1032 5234; x_wconf 88' lang='lat' dir='ltr'>esse</span> <span class='ocrx_word' id='word_1_746' title='bbox 1045 5179 1158 5243; x_wconf 87' lang='lat' dir='ltr'>desisto,</span> <span class='ocrx_word' id='word_1_747' title='bbox 1176 5179 1222 5232; x_wconf 89' lang='lat' dir='ltr'>sed</span> <span class='ocrx_word' id='word_1_748' title='bbox 1239 5192 1301 5232; x_wconf 91' lang='lat' dir='ltr'>sum</span> <span class='ocrx_word' id='word_1_749' title='bbox 1312 5194 1376 5231; x_wconf 89' lang='lat' dir='ltr'>cum</span> <span class='ocrx_word' id='word_1_750' title='bbox 1386 5172 1434 5231; x_wconf 87' lang='lat' dir='ltr'>illa</span> <span class='ocrx_word' id='word_1_751' title='bbox 1444 5194 1534 5248; x_wconf 87' lang='lat' dir='ltr'>usqne</span> <span class='ocrx_word' id='word_1_752' title='bbox 1544 5179 1774 5234; x_wconf 84' lang='lat' dir='ltr'>adconsumma-</span> 
     </span>
     <span class='ocr_line' id='line_1_56' title="bbox 132 5259 1774 5341; baseline 0.001 -19"><span class='ocrx_word' id='word_1_753' title='bbox 132 5267 238 5324; x_wconf 85' lang='lat' dir='ltr'>lentem</span> <span class='ocrx_word' id='word_1_754' title='bbox 253 5266 386 5320; x_wconf 88' lang='lat' dir='ltr'>dilectum</span> <span class='ocrx_word' id='word_1_755' title='bbox 400 5281 493 5331; x_wconf 89' lang='lat' dir='ltr'>suum,</span> <span class='ocrx_word' id='word_1_756' title='bbox 508 5265 570 5334; x_wconf 89' lang='lat' dir='ltr'>ipsa</span> <span class='ocrx_word' id='word_1_757' title='bbox 583 5267 646 5321; x_wconf 85' lang='lat' dir='ltr'>laeta</span> <span class='ocrx_word' id='word_1_758' title='bbox 660 5268 806 5338; x_wconf 88' lang='lat' dir='ltr'>respondit</span> <span class='ocrx_word' id='word_1_759' title='bbox 821 5285 826 5320; x_wconf 93' lang='lat'><strong>:</strong></span> <span class='ocrx_word' id='word_1_760' title='bbox 842 5288 853 5318; x_wconf 79' lang='lat' dir='ltr'>c</span> <span class='ocrx_word' id='word_1_761' title='bbox 871 5268 929 5338; x_wconf 84' lang='lat' dir='ltr'>Ego</span> <span class='ocrx_word' id='word_1_762' title='bbox 969 5269 1075 5323; x_wconf 89' lang='lat' dir='ltr'>tionem</span> <span class='ocrx_word' id='word_1_763' title='bbox 1091 5268 1216 5322; x_wconf 74' lang='lat' dir='ltr'>sternite</span> <span class='ocrx_word' id='word_1_764' title='bbox 1232 5259 1310 5320; x_wconf 90' lang='lat' dir='ltr'>Mille</span> <span class='ocrx_word' id='word_1_765' title='bbox 1319 5267 1361 5321; x_wconf 92' lang='lat' dir='ltr'>tui</span> <span class='ocrx_word' id='word_1_766' title='bbox 1372 5266 1489 5338; x_wconf 84' lang='lat' dir='ltr'>paciiici,</span> <span class='ocrx_word' id='word_1_767' title='bbox 1501 5267 1653 5322; x_wconf 83' lang='lat' dir='ltr'>etducenti</span> <span class='ocrx_word' id='word_1_768' title='bbox 1669 5269 1714 5323; x_wconf 87' lang='lat' dir='ltr'>bis</span> <span class='ocrx_word' id='word_1_769' title='bbox 1725 5269 1774 5341; x_wconf 86' lang='lat' dir='ltr'>qui</span> 
     </span>
     <span class='ocr_line' id='line_1_57' title="bbox 131 5343 1774 5427; baseline 0 -15"><span class='ocrx_word' id='word_1_770' title='bbox 131 5373 196 5412; x_wconf 88' lang='lat' dir='ltr'>sum</span> <span class='ocrx_word' id='word_1_771' title='bbox 211 5362 318 5420; x_wconf 87' lang='lat' dir='ltr'>murus,</span> <span class='ocrx_word' id='word_1_772' title='bbox 335 5360 364 5408; x_wconf 88' lang='lat' dir='ltr'>et</span> <span class='ocrx_word' id='word_1_773' title='bbox 378 5352 465 5407; x_wconf 82' lang='lat' dir='ltr'>ubera</span> <span class='ocrx_word' id='word_1_774' title='bbox 477 5368 542 5405; x_wconf 90' lang='lat' dir='ltr'>mea</span> <span class='ocrx_word' id='word_1_775' title='bbox 563 5353 635 5407; x_wconf 89' lang='lat' dir='ltr'>sicut</span> <span class='ocrx_word' id='word_1_776' title='bbox 657 5357 753 5410; x_wconf 84' lang='lat' dir='ltr'>turris.</span> <span class='ocrx_word' id='word_1_777' title='bbox 772 5376 783 5407; x_wconf 77' lang='grc' dir='ltr'><strong><em>ι</em></strong></span> <span class='ocrx_word' id='word_1_778' title='bbox 801 5353 858 5427; x_wconf 79' lang='lat' dir='ltr'>Ego</span> <span class='ocrx_word' id='word_1_779' title='bbox 874 5357 929 5410; x_wconf 76' lang='lat' dir='ltr'>lin-</span> <span class='ocrx_word' id='word_1_780' title='bbox 970 5357 1132 5412; x_wconf 88' lang='lat' dir='ltr'>custodiunt</span> <span class='ocrx_word' id='word_1_781' title='bbox 1146 5357 1253 5411; x_wconf 87' lang='lat' dir='ltr'>tructus</span> <span class='ocrx_word' id='word_1_782' title='bbox 1265 5357 1337 5425; x_wconf 65' lang='lat' dir='ltr'>etus.</span> <span class='ocrx_word' id='word_1_783' title='bbox 1354 5373 1366 5408; x_wconf 72' lang='lat' dir='ltr'>a</span> <span class='ocrx_word' id='word_1_784' title='bbox 1383 5350 1460 5410; x_wconf 87' lang='lat' dir='ltr'>Mille</span> <span class='ocrx_word' id='word_1_785' title='bbox 1475 5343 1530 5421; x_wconf 80' lang='lat' dir='ltr'>tui,</span> <span class='ocrx_word' id='word_1_786' title='bbox 1546 5346 1718 5412; x_wconf 82' lang='lat' dir='ltr'>subauditur</span> <span class='ocrx_word' id='word_1_787' title='bbox 1731 5368 1774 5412; x_wconf 83' lang='lat' dir='ltr'>ar·</span> 
     </span>
     <span class='ocr_line' id='line_1_58' title="bbox 132 5442 1772 5519; baseline 0 -18"><span class='ocrx_word' id='word_1_788' title='bbox 132 5443 206 5519; x_wconf 67' lang='lat' dir='ltr'>(pult)¹</span> <span class='ocrx_word' id='word_1_789' title='bbox 213 5457 379 5513; x_wconf 68' lang='lat' dir='ltr'>meresape</span> <span class='ocrx_word' id='word_1_790' title='bbox 389 5448 475 5511; x_wconf 76' lang='lat' dir='ltr'>supra</span> <span class='ocrx_word' id='word_1_791' title='bbox 484 5442 593 5495; x_wconf 87' lang='lat' dir='ltr'>firmam</span> <span class='ocrx_word' id='word_1_792' title='bbox 603 5448 713 5513; x_wconf 89' lang='lat' dir='ltr'>petram</span> <span class='ocrx_word' id='word_1_793' title='bbox 727 5445 847 5500; x_wconf 83' lang='lat' dir='ltr'>fundata</span> <span class='ocrx_word' id='word_1_794' title='bbox 854 5459 928 5512; x_wconf 86' lang='lat' dir='ltr'>sum,</span> <span class='ocrx_word' id='word_1_795' title='bbox 968 5447 1072 5518; x_wconf 78' lang='lat' dir='ltr'>gentei,</span> <span class='ocrx_word' id='word_1_796' title='bbox 1088 5462 1158 5517; x_wconf 90' lang='lat' dir='ltr'>quos</span> <span class='ocrx_word' id='word_1_797' title='bbox 1172 5454 1224 5517; x_wconf 86' lang='lat' dir='ltr'>pro</span> <span class='ocrx_word' id='word_1_798' title='bbox 1244 5446 1331 5500; x_wconf 75' lang='lat' dir='ltr'>vinee</span> <span class='ocrx_word' id='word_1_799' title='bbox 1350 5444 1453 5500; x_wconf 77' lang='lat' dir='ltr'>dedisti</span> <span class='ocrx_word' id='word_1_800' title='bbox 1471 5444 1574 5507; x_wconf 80' lang='lat' dir='ltr'>fructu,</span> <span class='ocrx_word' id='word_1_801' title='bbox 1594 5446 1706 5516; x_wconf 78' lang='lat' dir='ltr'>pacifici</span> <span class='ocrx_word' id='word_1_802' title='bbox 1721 5446 1772 5501; x_wconf 85' lang='lat' dir='ltr'>tibi</span> 
     </span>
     <span class='ocr_line' id='line_1_59' title="bbox 132 5524 1773 5609; baseline -0.004 -15"><span class='ocrx_word' id='word_1_803' title='bbox 132 5541 164 5594; x_wconf 79' lang='lat' dir='ltr'>et</span> <span class='ocrx_word' id='word_1_804' title='bbox 178 5533 293 5609; x_wconf 64' lang='lat' dir='ltr'>glutine</span> <span class='ocrx_word' id='word_1_805' title='bbox 311 5530 413 5590; x_wconf 74' lang='lat' dir='ltr'>diune</span> <span class='ocrx_word' id='word_1_806' title='bbox 434 5529 580 5589; x_wconf 65' lang='lat' dir='ltr'>mames</span> <span class='ocrx_word' id='word_1_807' title='bbox 596 5531 728 5587; x_wconf 81' lang='lat' dir='ltr'>solidata.</span> <span class='ocrx_word' id='word_1_808' title='bbox 744 5534 810 5590; x_wconf 79' lang='lat' dir='ltr'>siae</span> <span class='ocrx_word' id='word_1_809' title='bbox 830 5547 928 5591; x_wconf 74' lang='lat' dir='ltr'>mma</span> <span class='ocrx_word' id='word_1_810' title='bbox 969 5540 1045 5591; x_wconf 86' lang='lat' dir='ltr'>suut.</span> <span class='ocrx_word' id='word_1_811' title='bbox 1067 5532 1156 5600; x_wconf 70' lang='lat' dir='ltr'>Qiasi</span> <span class='ocrx_word' id='word_1_812' title='bbox 1174 5534 1282 5589; x_wconf 84' lang='lat' dir='ltr'>diceret</span> <span class='ocrx_word' id='word_1_813' title='bbox 1300 5551 1307 5587; x_wconf 76' lang='grc' dir='ltr'>ε</span> <span class='ocrx_word' id='word_1_814' title='bbox 1323 5533 1352 5588; x_wconf 83' lang='grc' dir='ltr'><strong>Ὀ</strong></span> <span class='ocrx_word' id='word_1_815' title='bbox 1373 5533 1469 5588; x_wconf 76' lang='lat' dir='ltr'>anina</span> <span class='ocrx_word' id='word_1_816' title='bbox 1487 5524 1587 5601; x_wconf 73' lang='lat' dir='ltr'>fidelis,</span> <span class='ocrx_word' id='word_1_817' title='bbox 1608 5533 1672 5589; x_wconf 77' lang='lat' dir='ltr'>noli</span> <span class='ocrx_word' id='word_1_818' title='bbox 1680 5533 1773 5590; x_wconf 63' lang='lat' dir='ltr'>debit</span> 
     </span>
    </p>
   </div>
   <div class='ocr_carea' id='block_1_6' title="bbox 0 0 1918 6100">
    <p class='ocr_par' dir='ltr' id='par_1_6' title="bbox 0 0 1918 6100">
     <span class='ocr_line' id='line_1_60' title="bbox 0 0 1918 6100; baseline 0 0"><span class='ocrx_word' id='word_1_819' title='bbox 0 0 1918 6100; x_wconf 95' lang='lat' dir='ltr'> </span> 
     </span>
    </p>
   </div>
  </div>
 </body>
</html>
