3818 6104
137 255 188 315 583
358 251 550 310 HAYMONIS
564 253 810 310 HALBERSTAT.
826 249 938 307 salso.
957 250 1037 306 OPP.
1053 252 1147 311 Paos
1161 251 1185 315 Ι.
1201 287 1234 300 -
1250 258 1545 317 nonusnullum.
1722 260 1778 326 581

135 388 237 456 potest.
253 381 344 435 Aliter
358 379 432 432 enim
446 376 628 447 intelligenda
642 383 685 430 est
696 377 819 430 charitas
830 375 967 434 socon-A
1011 377 1053 430 Ec
1064 384 1145 446 yiortc
1157 384 1233 436 enirn
1243 387 1440 451 coonoscimua
1462 399 1520 437 non
1542 399 1577 437 ex
1587 387 1658 451 toto,
1669 384 1705 438 de
1718 384 1778 441 De-

136 472 205 525 dum
215 469 331 524 loannis
340 466 523 531 verba,aliter
538 466 689 519 secundum
705 464 794 519 Pauli.
805 464 935 520 Charitas
976 468 1005 517 et
1019 464 1054 518 de
1068 465 1244 524 beatitudine
1258 477 1431 534 sanctorum,
1449 478 1473 526 ct
1492 488 1526 526 cu
1536 477 1620 539 porte
1631 473 1778 541 propbetz

136 559 290 613 secundum
305 548 519 624 loannem,ipse
533 555 607 607 Deus
620 553 796 622 intelligitur,
815 553 860 624 qui
872 552 936 605 cha·
977 569 1047 606 ritus.
1065 555 1136 618 Quia
1148 559 1222 628 quod
1240 576 1273 613 ex
1302 566 1383 631 parte
1404 560 1521 624 scimus,
1537 561 1625 614 etiam
1651 577 1685 615 ex
1698 576 1778 631 pas*

136 650 249 705 ritatem
264 647 386 701 infundit
409 646 438 698 in
465 644 596 698 cordibus
611 643 748 708 fidelium,
761 645 841 713 juxta
860 642 934 713 quod
975 643 1185 713 prophetamus,

135 737 285 808 Apostolus
309 736 362 788 ait:
381 735 507 787 Cltorilcs
523 734 570 785 llci
583 733 684 798 diffuso
699 737 736 784 est
759 730 933 784 tricordibus
1011 731 1588 805 Cumauternveuerc'tqtcodpcrscclumcst,
1599 737 1629 791 id
1643 742 1684 791 est
1701 754 1778 817 qu,

135 829 236 880 nostris
256 839 308 892 por
330 824 468 891 Spiritum
489 825 617 874 salictum
632 823 682 889 εει·
702 822 783 872 dolos
803 825 841 872 est
855 820 932 872 scobis
973 823 1571 895 totumestetintegrum,quandorevelata
1584 825 1664 890 facie,
1685 827 1778 905 ipe-13,

135 915 221 984 (dorii.
237 918 275 974 vl.
291 910 451 966 Secundum
469 909 589 965 Paulum
610 907 931 978 vero,pe1·charitatam
975 908 1063 962 Deum
1083 911 1349 982 contemplabuntur
1367 914 1449 968 electi
1461 913 1546 968 sicuti
1560 919 1614 975 est,
1637 915 1715 984 quasi
1723 937 1778 990 qn:

134 999 302 1070 intelligitur
311 1000 395 1052 leonio
410 997 577 1051 charitatem
587 996 703 1057 habens,
714 996 823 1067 quinon
834 995 934 1065 quaerit
975 996 1143 1051 nanieturet
1153 999 1367 1065 annihilabitur,
1379 1001 1492 1068 quecea
1499 1006 1581 1068 parte
1590 1006 1638 1066 cst,
1654 1002 1773 1075 sicutog

135 1089 381 1157 solummodoquae
392 1103 443 1140 sua
452 1091 528 1149 sunt,
540 1089 569 1139 et
578 1086 652 1155 quod
664 1084 718 1138 sibi
733 1084 800 1138 utile
816 1090 868 1147 est,
884 1084 934 1138 sed
975 1084 1096 1139 loannes
1113 1103 1118 1138 :
1135 1087 1310 1146 chiarissimo
1339 1090 1394 1154 filii
1409 1090 1458 1142 Dci
1486 1095 1636 1156 suinus‚et
1651 1096 1762 1158 nondum

135 1180 209 1250 quod
220 1179 293 1232 aliis.
302 1176 382 1232 Unde
403 1175 489 1229 etiam
500 1175 560 1245 ipse
577 1174 662 1237 Deus,
680 1174 727 1244 qui
742 1173 864 1226 charitas
879 1176 931 1237 est,
974 1177 1106 1241 apparuit
1121 1177 1193 1242 quod
1207 1179 1322 1230 em'urus.
1337 1175 1448 1231 Scimus
1460 1181 1557 1230 autem
1568 1181 1636 1245 quic
1650 1193 1710 1234 crim
1720 1203 1756 1256 op.

135 1285 192 1323 non
204 1266 375 1339 quaeritquae
394 1268 532 1326 suasunt,
548 1262 596 1333 qui
620 1261 734 1315 veniens
754 1262 782 1315 in
797 1261 932 1315 mundum
972 1265 1112 1328 poluerit,
1134 1265 1238 1317 attolles
1262 1266 1288 1317 el
1305 1267 1436 1318 erlinus:
1459 1267 1596 1332 quoniam
1623 1267 1750 1330 uidebimus

135 1374 186 1429 per
198 1353 400 1410 incarnationis
411 1351 577 1422 mysterium
597 1366 652 1404 noa
667 1350 794 1421 quaesivit
803 1366 864 1420 quae
883 1366 934 1404 aua
976 1365 1039 1401 cuin
1054 1352 1138 1403 sicuti
1148 1354 1187 1403 est
1202 1352 1314 1418 (lanea.
1325 1351 1377 1419 m).

134 1450 226 1510 erant,
235 1445 262 1497 id
276 1449 381 1497 estnon
389 1440 515 1511 quaesivit
519 1440 620 1508 iustos,
630 1439 677 1493 scd
696 1444 866 1509 peccatores,
886 1437 934 1508 qui
1011 1439 1080 1492 dum
1091 1454 1173 1491 casem
1186 1442 1332 1506 parvulus,
1345 1442 1515 1509 loqueborut
1527 1444 1670 1509 paruulus.
1685 1445 1744 1500 Gon·

136 1533 188 1588 sub
202 1531 305 1587 diaboli
320 1530 438 1601 irnperio
467 1528 643 1592 tenebantur,
666 1529 740 1581 unde
761 1526 821 1598 ipse
840 1527 929 1581 dicit:
974 1527 1148 1596 parationem
1161 1527 1212 1581 dat
1225 1528 1365 1582 naturalis
1388 1529 1567 1595 incrementi,
1583 1535 1612 1584 et
1625 1531 1744 1588 adhibetur

136 1623 265 1677 Noui-cni
274 1622 472 1685 aocorcjustos,
487 1619 691 1684 sedpcccotorcs
705 1618 781 1683 (Luc.
798 1618 836 1683 v).
851 1616 932 1669 Dica-
973 1614 1131 1684 exemplum
1142 1615 1307 1680 humanum,
1318 1633 1373 1687 quo
1389 1616 1515 1671 ostendit
1528 1617 1741 1690 scientiamquau

135 1713 241 1763 musal
269 1706 352 1762 tertio
379 1703 463 1763 modo
480 1722 485 1756 :
502 1704 641 1766 Charitas,
658 1704 685 1757 id
707 1709 759 1768 est,
780 1704 840 1773 ipse
858 1678 1109 1756 Deuthabensus
1123 1702 1152 1754 in
1180 1703 1321 1772 praesenti,
1337 1720 1398 1758 csse
1421 1705 1503 1775 quasi
1524 1705 1740 1762 inlanb'ametlu·

134 1796 250 1850 veniens
265 1795 295 1847 in
316 1793 462 1856 mundum,
480 1808 535 1845 non
554 1791 679 1862 quesivit
692 1808 754 1862 quae
768 1807 819 1844 sua
834 1795 927 1848 erant.
973 1795 1076 1856 turam,
1094 1808 1155 1845 esse
1168 1791 1247 1862 quasi
1262 1792 1341 1846 virile
1356 1792 1443 1848 robur
1465 1794 1541 1864 quod
1563 1793 1740 1850 habitummsit

135 1883 207 1947 Quid
219 1886 280 1936 erat
292 1897 373 1934 suum
384 1879 397 1931 l
410 1880 447 1934 Ut
461 1879 495 1932 ab
511 1879 590 1933 omni
604 1883 733 1932 creatura
754 1877 931 1945 adoraretur,
973 1880 1125 1950 perfectam
1141 1879 1353 1937 abundantiam.
1366 1882 1435 1936 dum
1448 1898 1540 1948 moeni,
1555 1882 1654 1953 inquit,
1663 1899 1737 1951 ponu-

133 1972 349 2044 glorihcaretur,
366 1973 557 2034 veneraretur,
573 1967 647 2022 sicut
659 1967 735 2021 Deus
749 1972 859 2020 creator
870 1983 932 2020 om·
975 1971 1027 2033 lus,
1045 1969 1175 2035 loquebar
1185 1974 1215 2022 ut
1228 1968 1738 2041 paruulus,balbutiendoetimperlects

134 2057 222 2111 nium.
237 2055 290 2109 Sed
305 2054 365 2123 ipse
386 2070 442 2107 non
457 2051 584 2123 quaesivit
596 2052 651 2105 ista
666 2068 726 2121 quae
741 2067 793 2104 sua
807 2056 888 2105 erant
903 2056 933 2104 et
973 2054 1231 2127 verbapromendo;
1246 2060 1385 2126 sapiebam
1394 2062 1576 2127 utpotuulus,
1584 2059 1654 2113 levia
1662 2059 1738 2113 militet

135 2145 187 2201 sibi
202 2141 407 2213 competebant,
424 2140 558 2211 quianon
576 2138 703 2209 quesivit
715 2139 860 2203 honorem,
874 2155 931 2193 non
973 2150 1002 2198 et
1015 2144 1239 2199 inconvenientia
1251 2164 1257 2212 ;
1271 2147 1424 2213 capitolium
1445 2151 1477 2199 ut
1491 2150 1637 2214 puerulus,
1653 2145 1737 2200 delocis

134 2249 262 2304 regnum,
278 2248 334 2286 nun
348 2230 479 2284 timorem
495 2228 530 2282 ab
544 2226 771 2290 hominibus,sed
781 2231 932 2297 quaeerant
973 2234 1079 2287 scilicet
1088 2239 1117 2287 et
1123 2234 1192 2288 risui
1204 2232 1353 2289 habilibus·
1367 2233 1481 2299 (luendo
1495 2240 1590 2290 cutem
1603 2237 1683 2303 factio
1693 2251 1736 2288 mu

133 2324 286 2385 latronum,
303 2317 516 2378 homicidarum,
530 2323 616 2386 atque
630 2315 820 2369 maleficorum
839 2315 931 2369 homi·
973 2326 1065 2388 viaet
1079 2323 1150 2394 ooepi
1161 2338 1259 2393 soporo
1275 2322 1436 2393 perfectius,
1452 2325 1594 2388 atomos,
1608 2324 1636 2378 id
1651 2328 1736 2377 otoo.

134 2429 213 2477 num,
229 2413 311 2481 sputu
336 2406 474 2470 videlicet,
488 2405 629 2475 colaphos,
653 2405 759 2475 alapllsst
775 2403 927 2469 irrisslffllesi
970 2411 1497 2482 tempsiquaeroutporvull,quiaqum
1505 2411 1733 2483 anteaexpetcbam,

133 2500 258 2565 verbera,
268 2513 377 2552 crucem
389 2501 418 2549 ct
427 2501 557 2549 mortem.
570 2494 605 2548 Et
622 2493 694 2547 sicut
708 2493 769 2564 ipse
783 2509 839 2546 non
854 2509 930 2563 quae·
971 2500 1122 2555 abhorrere
1135 2501 1215 2570 coepi.
1228 2501 1260 2555 ln
1283 2500 1336 2554 hac
1348 2516 1414 2570 ergo
1429 2501 1485 2554 vita
1500 2502 1608 2572 parvuli
1622 2499 1735 2556 sumoscd

133 2591 267 2661 sititquae
277 2584 475 2650 Suaerant,ita
488 2589 516 2639 et
528 2600 579 2638 nos
589 2600 645 2638 non
660 2583 794 2638 debemus
804 2599 929 2654 qllael'ere
971 2589 1207 2660 comparationem
1217 2588 1318 2643 futurae
1329 2589 1392 2642 vitae
1404 2606 1410 2641 :
1424 2589 1491 2659 quia
1500 2589 1735 2645 sicutvitahaecim·

133 2684 239 2742 nostra,
252 2676 300 2730 scd
309 2691 371 2746 quae
382 2678 448 2728 sunl
458 2673 589 2726 aliorum.
604 2674 665 2727 il'ou
676 2675 821 2737 irritatur,
836 2672 926 2736 idest,
970 2676 1093 2746 perfecta
1106 2680 1158 2742 est,
1173 2676 1252 2730 itaet
1266 2674 1392 2729 scientia.

133 2765 244 2821 ehamsi
259 2766 326 2818 laesa
337 2762 432 2826 fuerit,
447 2778 503 2816 non
520 2767 687 2832 provocatur
701 2760 737 2813 ad
755 2759 930 2814 iracundiam
1012 2765 1135 2816 Videmus
1146 2779 1222 2818 stunc
1228 2779 1279 2831 per
1288 2766 1428 2831 speculum
1440 2766 1471 2816 iu
1481 2767 1632 2832 criiqmotc,
1641 2770 1733 2818 tunsos·

133 2855 190 2909 sire
201 2855 322 2909 furorem
337 2871 344 2918 ;
360 2868 416 2906 non
432 2851 542 2920 cogitur
555 2850 591 2903 ad
601 2848 763 2915 vindictam,
776 2855 808 2903 ut
823 2849 929 2902 malum
974 2857 1025 2905 tem
1038 2854 1109 2919 socie
1119 2854 1273 2919 adfaciem.
1285 2851 1330 2906 Ad
1340 2852 1490 2906 hoctendit
1502 2853 1735 2923 praemissacompa·

133 3033 192 3085 lum
203 3047 260 3085 non
275 3029 349 3094 lacit,
365 3027 414 3082 sed
427 3043 478 3080 nec
491 3027 597 3096 cogitat
611 3032 643 3080 ut
657 3025 704 3080 alii
717 3031 860 3081 noceatur.
971 3033 1000 3083 et
1013 3028 1078 3082 inde
1091 3029 1236 3083 discedens
1259 3028 1431 3083 obliviscitur
1451 3029 1544 3100 qualis
1570 3031 1659 3095 tuerit,
1674 3028 1735 3082 sicot

169 3120 231 3174 lllou
244 3119 434 3186 ooudclsupcr
444 3117 601 3184 iniquitute,
620 3114 669 3168 sed
685 3114 778 3185 potius
787 3114 928 3179 tristatur,
971 3134 1022 3172 nos
1036 3118 1071 3171 de
1081 3118 1138 3171 Deo
1153 3124 1181 3171 et
1196 3117 1253 3171 vita
1266 3118 1363 3172 futura
1376 3134 1477 3188 parurn
1489 3118 1559 3188 quid
1572 3117 1732 3190 perspicimus.

133 3225 197 3264 cum
210 3207 312 3263 viderit
327 3203 481 3276 quemlibet
494 3221 545 3275 per
574 3203 687 3274 aliquod
711 3203 801 3257 scelus
828 3218 928 3269 ruere;
972 3208 1006 3261 Et
1015 3207 1068 3260 hoc
1077 3207 1106 3260 in
1117 3206 1275 3276 aenigmate,
1288 3206 1367 3260 idest
1381 3206 1411 3260 in
1427 3206 1675 3278 obscuritata,quia
1691 3215 1735 3257 sum

133 3296 509 3367 coreqaudctcolcariae-rituli,
519 3292 546 3347 id
563 3290 877 3363 estoperibusjustitiae,
889 3291 930 3344 vel
971 3297 1060 3351 simus
1075 3296 1179 3362 carnei,
1194 3313 1227 3350 aa
1241 3313 1303 3367 qum
1314 3297 1374 3350 sola
1389 3296 1529 3367 spiritalia
1544 3305 1618 3363 sunt,
1635 3296 1665 3351 ad
1675 3290 1734 3364 liqui·

133 3390 216 3445 etiam
232 3387 273 3441 illi
288 3385 336 3455 qui
350 3384 379 3437 in
394 3383 510 3436 veritate
526 3386 555 3435 ct
569 3397 624 3435 non
640 3380 703 3434 ficte
718 3378 808 3432 fidelis
821 3384 872 3432 est⁴
971 3384 1037 3438 dum
1045 3401 1143 3456 capere
1151 3384 1311 3455 nequimus.
1323 3384 1401 3438 Tunc
1409 3392 1515 3450 autem,
1527 3386 1556 3439 id
1572 3384 1735 3442 ostiolutum

169 3479 269 3533 Omm'o
279 3471 524 3540 sufferl,subaudis
538 3470 655 3524 adversa
669 3468 819 3541 patienter,
833 3471 929 3522 enimc
970 3473 1039 3527 facie
1054 3472 1211 3536 adfaciem,
1227 3472 1256 3526 id
1269 3480 1312 3527 est
1324 3480 1475 3544 presentes
1497 3480 1658 3545 praescntem
1670 3473 1737 3528 noun

132 3557 927 3634 creditquaecontinenturinVeteriTestamentoetNovo,
971 3561 1136 3616 videbimus.
1152 3563 1233 3616 Nerate
1260 3578 1390 3629 coquosco
1416 3579 1449 3616 cc
1474 3564 1653 3631 pcrtcllcum
1668 3581 1674 3615 :
1691 3565 1739 3613 lou

131 3654 174 3708 vel
185 3650 456 3725 quapromittuntur
465 3648 560 3701 clectis
570 3648 599 3701 in
617 3647 712 3699 futuro
723 3660 809 3714 regno
825 3661 841 3698 a
859 3644 926 3711 Deo,
970 3655 1064 3704 cutem
1087 3666 1246 3718 ecquosnam
1273 3666 1305 3704 ex
1320 3655 1388 3715 toto,
1411 3654 1483 3705 sr'eut
1506 3658 1532 3707 ct
1556 3657 1674 3721 coquitur
1684 3658 1743 3705 sumi

133 3759 197 3798 vera
210 3741 299 3795 credit
312 3756 382 3794 esse.
395 3736 502 3791 Idcirco
512 3739 703 3803 oirtrriorpcrot
716 3733 782 3802 quia
796 3733 851 3785 nisi
863 3750 929 3788 cre·
969 3738 1052 3791 niodo
1062 3737 1197 3808 allaoqui
1208 3738 1327 3793 interius
1347 3733 1747 3810 exteriusquetotummooorit·

131 3834 220 3896 deret,
237 3846 294 3883 non
312 3830 447 3899 speraret.
462 3823 606 3894 Siquidem
633 3837 696 3892 spes
709 3826 752 3874 est
769 3821 929 3876 futurorum
970 3825 1155 3880 Etsciendum
1175 3827 1241 3897 quia
1255 3830 1326 3881 sieut
1341 3844 1397 3882 non
1413 3845 1527 3899 semper
1541 3846 1593 3900 pro
1606 3824 1752 3903 aeqoolitott

130 3916 452 3988 bonorumexspectatio,
465 3928 585 3984 quorum
597 3908 819 3964 consideratione
832 3912 928 3964 omnio
970 3915 1093 3985 ponitur.
1108 3916 1197 3969 Aliter
1220 3915 1295 3969 enim
1318 3917 1513 3986 cognoscimur
1528 3934 1546 3971 a
1557 3918 1625 3987 Deo,
1642 3924 1668 3974 et
1679 3915 1757 3972 omes

131 4008 389 4062 adlssfflaltltimti·
968 4005 1160 4075 cognoscimus
1184 4020 1249 4058 eum
1265 4023 1270 4057 :
1289 4004 1355 4075 quia
1383 4005 1430 4059 ille
1456 4007 1601 4076 cognoscit
1611 4013 1706 4064 cuncta
1728 3988 1764 4050 1¹²

166 4097 294 4152 Charites
310 4106 457 4160 aruaqucm
478 4088 587 4153 eccidit,
601 4085 630 4139 id
646 4092 689 4140 est
707 4085 743 4140 ab
762 4086 875 4142 homine
896 4101 926 4140 se
968 4093 1049 4157 nous,
1066 4109 1117 4148 nos
1132 4092 1325 4163 cognoscimus
1349 4093 1428 4148 illum
1442 4100 1475 4148 ut
1487 4109 1619 4152 creatum
1637 4114 1686 4169 por
1701 4090 1769 4165 ojul

132 4184 247 4239 habenti
258 4195 402 4251 nunquam
416 4176 530 4240 labitur,
541 4190 685 4244 nunquam
696 4174 782 4242 cndit;
795 4178 850 4228 sice
860 4191 927 4242 pro·
969 4181 1074 4236 donum
1087 4201 1095 4253 ;
1111 4188 1305 4236 verumtamen
1317 4181 1444 4236 sicutille
1453 4184 1532 4238 novit
1541 4165 1774 4256 nonencosil

129 4275 226 4344 plactis
246 4271 475 4326 evacuabuntur:
492 4263 639 4334 prophetia
654 4270 696 4317 est
710 4280 772 4333 quae
785 4264 820 4317 de
832 4264 927 4318 tuturo
937 4277 998 4351 Dor
1012 4275 1171 4325 oosoxtoto
1181 4287 1381 4341 cognoscemus
1396 4272 1485 4326 illum,
1506 4273 1557 4328 ΠΙ,
1577 4266 1778 4346 cogmojmnl

131 4361 266 4431 loquitur.
278 4356 358 4423 Quod
369 4370 433 4410 cum
447 4351 563 4416 venerit,
580 4367 636 4405 non
648 4352 702 4404 orit
712 4353 927 4421 jamnecesseut
968 4359 1093 4414 utlleum
1105 4358 1193 4422 decet,
1204 4375 1255 4413 nos
1266 4376 1466 4429 cognoscemus
1475 4361 1594 4417 illumut
1605 4354 1778 4432 glorilieu‘¹

133 4447 549 4521 prophetetur.Ponaturunum
558 4440 715 4510 exemplum
725 4458 774 4511 pro
785 4442 925 4496 omnibus.
968 4453 1103 4502 creaturae
1113 4447 1267 4501 conveniet.
1279 4449 1361 4502 aluric
1377 4453 1469 4502 autem
1480 4457 1594 4505 inuocat
1611 4454 1683 4519 tides,
1695 4444 1778 4521 aab*

134 4539 325 4608 Prophetatur
335 4532 464 4588 Christus
473 4529 509 4582 ad
518 4527 654 4598 judicium
669 4536 802 4583 venturus
814 4549 819 4584 :
833 4547 865 4585 eo
881 4547 926 4584 ve·
967 4538 1088 4591 claritas
1104 4553 1113 4590 .·
1128 4536 1184 4590 tria
1205 4537 1274 4591 haec.
1298 4537 1347 4591 Hae
1362 4543 1421 4591 tres
1437 4538 1555 4593 virtutes
1567 4541 1652 4596 modo
1662 4529 1778 4612 Junci

134 4626 229 4681 niente
244 4640 299 4678 non
316 4621 370 4676 erit
383 4634 496 4673 necesse
509 4622 542 4671 ut
562 4617 620 4671 haec
632 4618 781 4688 prophetia
794 4619 927 4673 recitetur
968 4632 1034 4679 sunt
1049 4625 1214 4690 adinvicem,
1232 4631 1261 4679 et
1275 4625 1315 4679 ita
1324 4624 1353 4678 in
1368 4627 1453 4697 hujus
1463 4626 1527 4682 vitae
1537 4634 1665 4700 tempore
1679 4626 1778 4702 cop)¹

131 4714 266 4786 amplius:
282 4709 368 4764 sicde
379 4706 487 4761 caeteris
508 4705 731 4775 intelligendum.
747 4705 807 4761 Sica
824 4710 926 4775 linqua·
967 4715 1071 4780 lantur,
1079 4719 1174 4767 utana
1182 4714 1243 4768 sine
1261 4714 1435 4769 alterastare
1445 4731 1501 4769 non
1516 4718 1616 4787 possit.
1629 4720 1682 4782 Qui
1691 4736 1723 4774 aa
1733 4704 1778 4767 ἱ

132 4804 285 4865 cessabunt,
296 4796 428 4869 quoniam
439 4795 584 4850 sicutante
593 4794 694 4848 turrim
702 4795 788 4849 Bnbel
798 4812 853 4850 una
865 4801 926 4851 erat
966 4803 1055 4856 eredit
1065 4803 1094 4856 in
1105 4803 1204 4865 Deum,
1220 4809 1314 4873 sperat
1329 4820 1390 4874 quae
1404 4804 1439 4858 ab
1452 4804 1514 4875 ipso
1522 4807 1742 4877 promittuntur

130 4892 226 4960 lingua
238 4886 365 4951 Hebraea,
381 4885 453 4940 sicut
472 4886 585 4957 quidam
608 4889 710 4954 putant
723 4884 861 4949 doctores,
877 4902 925 4939 ex·
965 4897 1174 4963 percepturum,
1194 4895 1223 4945 et
1235 4909 1290 4963 quo
1303 4893 1393 4962 magis
1407 4900 1512 4963 sperat,
1527 4912 1560 4949 eo
1576 4897 1667 4967 magis
1677 4875 1778 4952 erest¹

130 4974 326 5048 Plewl'UdlciOr
343 4974 404 5045 ipsa
414 4974 571 5029 remanebit
585 4989 649 5027 ΗΠΒ·
666 4973 774 5026 Rel'ffl'st
786 4973 815 5028 in
829 4975 925 5028 multis
966 4981 994 5034 in
1010 4980 1088 5034 illum
1104 4986 1133 5034 et
1145 4980 1207 5035 ideo
1219 4980 1304 5035 habet
1314 4982 1480 5036 charitatem
1494 5002 1500 5049 3
1517 4983 1584 5054 quia
1599 4982 1778 5056 diligites,

129 5063 232 5134 linguis
241 5062 363 5116 varietas
373 5067 424 5128 est,
437 5068 465 5116 et
477 5063 524 5117 ubi
533 5069 576 5117 est
585 5061 713 5128 varietas,
722 5061 760 5115 ibi
775 5062 922 5118 dissensio.
966 5076 994 5124 ot
1008 5069 1177 5139 proximum.
1192 5070 1231 5122 Ea
1260 5070 1334 5123 enim
1360 5088 1422 5142 quas
1437 5072 1578 5127 credimus
1607 5060 1778 5130 essene*

129 5154 162 5210 ln
177 5155 338 5206 sanctorum
352 5167 439 5221 regno
462 5168 518 5204 non
544 5153 598 5205 erit
624 5151 772 5218 dissensio,
789 5168 854 5222 ergo
874 5168 925 5206 nec
965 5159 1112 5229 promissa,
1123 5164 1208 5211 etiam
1223 5174 1274 5211 nos
1285 5166 1448 5230 accepturos
1463 5164 1681 5231 sperarnus,ffis
1699 5161 1778 5216 oa

128 5243 289 5313 linguarum
296 5239 426 5295 varietas.
438 5239 617 5294 Sircscientic
623 5242 790 5305 destructur,¹
800 5257 922 5312 praesens
964 5246 1104 5317 delectati,
1118 5247 1240 5317 amplius
1254 5246 1283 5299 in
1295 5248 1432 5302 charitate
1455 5249 1605 5306 fervemus.
1622 5252 1718 5307 l'emoi
1732 5238 1778 5291 1

128 5329 245 5388 scicntia
257 5345 319 5400 quae
329 5345 362 5382 ex
376 5332 456 5398 parte
470 5341 545 5379 nunc
560 5326 688 5392 habetur,
701 5346 764 5382 cum
778 5330 923 5400 plenitudo
965 5337 1040 5390 enim
1056 5336 1168 5391 credere
1183 5352 1239 5390 non
1254 5352 1413 5406 possumuS,
1428 5337 1482 5392 nisi
1497 5355 1530 5392 aa
1546 5355 1609 5408 quaa
1625 5339 1778 5411 promit

130 5418 375 5483 sciessflaelenesst,
385 5433 417 5471 ⁹⁰
428 5414 502 5487 qUOd
516 5413 554 5466 sil
567 5414 740 5487 impeffecta,
750 5419 921 5488 destruetur,
964 5430 1031 5480 sont
1043 5442 1198 5496 speremus,
1211 5442 1263 5479 nec
1284 5426 1439 5496 poterimus
1458 5427 1599 5483 sustinere
1613 5427 1778 5500 promtu

128 5512 156 5568 id
171 5514 215 5567 0⁸i
223 5508 253 5566 5¹¹
263 5506 364 5563 meum
376 5500 603 5562 mmmmm·
964 5514 989 5569 si
998 5514 1071 5570 desit
1080 5514 1146 5569 fidei
1156 5514 1277 5571 fidelitas
1287 5514 1379 5570 tirma.
1398 5515 1455 5571 Nec
1466 5516 1558 5572 aderit
1567 5518 1677 5577 fructus
1690 5525 1778 5591 sp*
