3818 6104
143 234 197 292 899
357 231 546 301 hernotus
565 226 810 287 HALBERSTAT.
831 228 948 284 EPlSC.¹
964 228 1044 286 OPP.
1065 232 1160 290 PARS
1176 233 1199 290 Ι.
1220 265 1252 278 -
1270 233 1456 301 COMMENT.
1479 236 1574 292 BlBL.
1733 235 1780 296 itt

141 365 311 431 superasset,
318 358 485 426 nullumque
494 353 624 408 relictum
634 353 752 408 haberet
765 353 813 425 qui
828 352 881 407 sibi
897 352 971 412 aaa
984 356 1098 411 credere
1119 373 1181 428 quae
1194 375 1251 412 non
1264 358 1394 413 videntur
1405 363 1435 413 et
1448 359 1518 413 dum
1546 376 1581 414 ea
1604 360 1743 414 credimus
1756 361 1779 416 in

141 454 250 503 certare
266 451 368 519 posset.
385 443 470 498 Verbi
479 443 582 513 gratia,
598 442 668 496 dum
683 442 732 497 ille
745 442 865 497 diceret:
884 441 946 495 iam
987 445 1104 499 veritate
1114 452 1164 500 aut
1173 447 1268 505 inisse,
1278 453 1328 501 aut
1341 463 1412 510 esse,
1420 448 1575 502 authxtura
1585 465 1724 520 esseque
1732 466 1778 505 nou

142 538 209 609 quia
224 532 621 604 omnrssuperavinullusquc
636 536 766 600 superest
773 530 821 601 qui
835 545 946 583 mecum
987 533 1122 598 videmus,
1139 535 1200 605 ipsa
1208 536 1278 589 sides
1288 536 1355 589 facit
1368 552 1402 589 ea
1420 534 1578 590 subsistere
1592 537 1623 592 in
1638 537 1721 591 corde
1737 555 1778 593 no·

141 631 240 692 certet,
249 624 285 679 da
299 623 367 676 milii
377 637 520 682 coronam,
533 624 643 689 poterat
651 619 691 672 illi
702 618 821 689 quilibet
830 618 922 671 dicere
937 636 943 671 :
986 626 1055 685 stro,
1067 624 1147 692 quasi
1158 631 1224 678 ante
1235 623 1330 677 oculos
1341 624 1476 694 corporis.
1485 623 1519 678 In
1528 625 1616 680 rebus
1626 631 1721 679 autem
1729 643 1776 696 que

142 714 256 769 Sustine
272 727 425 783 parumper
450 725 539 779 usque
556 708 622 760 dum
652 708 744 761 veniat
759 707 874 770 arbiter,
895 712 945 760 aut
986 709 1115 764 ridentur
1129 728 1220 782 neque
1234 711 1387 766 credulitas
1401 712 1457 766 dici
1473 719 1578 782 potest,
1594 730 1690 784 neque
1702 715 1776 768 men·

143 801 228 855 etiam
244 817 291 854 rex
306 799 354 869 qui
369 797 420 853 tibi
434 795 559 850 bravium
572 795 669 848 reddat
685 812 735 866 pro
749 794 864 849 victoria
877 799 940 851 tua.
985 795 1098 860 dulitas,
1114 799 1162 852 sed
1179 799 1272 869 potius
1282 799 1389 869 agnitio
1402 800 1521 854 dicenda
1531 807 1585 855 est.
1608 802 1775 857 Atverosrde

144 889 225 953 Quod
236 888 259 942 si
272 888 320 941 ille
331 887 438 940 athleta
452 883 633 954 impatienter
647 884 742 947 ferret,
755 899 810 936 non
821 883 944 952 tolerans
985 890 1037 948 cst,
1053 886 1094 939 ita
1108 887 1235 942 animum
1256 888 1369 942 lirmnm
1394 905 1456 942 esse
1479 889 1515 943 de
1530 890 1657 961 hisquae
1676 892 1773 944 nonvi-

140 978 216 1032 sitim
228 984 313 1047 atque
325 975 516 1037 aestuationes,
527 972 623 1026 dicens
636 991 641 1024 :
653 973 711 1026 Aut
719 972 784 1025 date
798 970 872 1041 quod
884 986 944 1025 me·
985 974 1097 1038 dentur,
1114 975 1187 1029 sicut
1197 975 1232 1030 dc
1244 976 1288 1031 his
1305 993 1367 1047 quae
1380 977 1439 1046 jam
1456 976 1600 1044 ridentur,
1614 984 1645 1033 et
1659 978 1724 1033 dum
1735 981 1773 1035 boe

142 1066 198 1130 rui,
214 1071 264 1119 aut
280 1064 420 1127 recedam,
433 1062 575 1115 diceretur
595 1060 652 1114 illi:
669 1060 814 1114 Patientcr
838 1058 945 1113 sustine
986 1063 1027 1125 nt,
1040 1063 1110 1116 sides
1123 1063 1191 1117 iacit
1204 1063 1400 1119 casubsistere
1411 1065 1439 1119 in
1451 1065 1533 1119 nobis
1546 1066 1773 1125 credendam

140 1156 213 1221 hanc
228 1153 378 1217 morulam,
388 1152 417 1204 in
432 1149 557 1220 proximo
574 1153 658 1202 estut
670 1148 765 1202 veniat
779 1148 943 1218 imperator,
984 1151 1086 1221 gratia,
1095 1156 1126 1205 ut
1137 1168 1169 1205 ex
1181 1152 1278 1207 multis
1287 1154 1386 1207 saltem
1397 1154 1494 1224 paucis
1505 1161 1629 1210 utamur
1638 1157 1771 1227 exemplis:

141 1243 253 1315 quitibi
267 1241 364 1296 reddet
380 1238 538 1311 praemium.
561 1237 618 1291 isto
642 1236 725 1289 modo
750 1240 779 1288 et
793 1235 945 1305 Apostolus
986 1241 1155 1295 resurrectio
1180 1242 1321 1311 generalis
1345 1243 1465 1297 necdum
1491 1243 1569 1299 tucn
1596 1250 1659 1298 est:
1680 1250 1709 1298 et
1723 1261 1773 1299 cun

142 1334 273 1387 hortatur
283 1345 373 1384 eosne
387 1326 573 1382 delicerentin
582 1324 732 1383 laboribus.
748 1324 795 1378 sed
803 1324 943 1396 patienter
985 1328 1104 1382 necdum
1119 1330 1156 1383 sit
1169 1330 1197 1384 in
1213 1330 1381 1395 substantia,
1394 1348 1458 1402 spes
1472 1331 1543 1386 facit
1557 1349 1625 1387 eam
1639 1332 1773 1389 subsistere

141 1425 337 1490 exspectarent
351 1415 464 1471 Domini
492 1415 652 1468 adventum.
676 1412 824 1475 Patientia,
840 1411 942 1483 inquit,
985 1417 1014 1470 in
1024 1419 1118 1470 anima
1132 1419 1331 1488 nostraquasi
1351 1436 1408 1490 prae
1434 1420 1608 1475 oculiseam
1626 1421 1771 1477 habeamus.

142 1508 219 1562 robis
234 1506 453 1565 necessariaest,
478 1504 531 1557 hoc
551 1508 603 1567 est,
620 1517 709 1555 unum
732 1499 941 1571 opusbabetis,
986 1505 1043 1559 lloc
1058 1511 1101 1560 est
1113 1507 1186 1577 quod
1202 1507 1281 1574 dixit,
1295 1508 1379 1561 fidem
1392 1524 1455 1562 esse
1468 1508 1663 1565 substantiam
1677 1510 1772 1565 illarum

140 1595 268 1650 videlicet
279 1598 311 1647 ut
319 1591 504 1663 perseveretis
517 1589 545 1642 in
568 1605 669 1658 agone,
686 1588 774 1642 donec
795 1588 937 1658 recipiatis
946 1627 968 1684 B
986 1596 1646 1668 rerumquaesperanturnecdumquevidentur.
1663 1599 1696 1653 Et
1708 1599 1770 1652 siar-

142 1699 273 1738 oorouam
289 1681 403 1750 dignam
415 1679 510 1733 labore
526 1683 626 1742 vostro,
639 1693 694 1730 non
710 1677 785 1730 enim
798 1677 847 1746 qui
856 1678 941 1747 cepit
980 1690 1145 1750 gumentum
1155 1683 1300 1737 estendam
1311 1685 1366 1737 lide
1377 1701 1471 1740 rerum
1488 1702 1552 1756 quae
1569 1687 1690 1741 necdum
1701 1703 1771 1759 appa·

140 1771 331 1835 coronabitur,
357 1769 406 1823 sed
434 1768 481 1838 qui
502 1766 721 1838 perseveraverit
734 1765 763 1818 in
788 1766 941 1820 certamine
981 1783 1053 1833 rent,
1066 1771 1130 1841 quid
1148 1778 1191 1825 est
1204 1771 1278 1842 quod
1289 1789 1351 1826 cani
1362 1774 1420 1842 Jam
1432 1774 1770 1846 voluntridereillrguere

140 1876 230 1931 usque
241 1859 374 1922 inlincm,
393 1856 540 1911 hicsalrus
555 1855 617 1909 erit.
631 1856 662 1910 ln
688 1854 833 1925 patientia,
850 1852 942 1924 inquit
983 1859 1113 1913 dicebant
1128 1860 1237 1930 antiqui
1249 1861 1397 1915 ostendere
1409 1880 1415 1914 :
1428 1878 1446 1915 a
1459 1879 1517 1933 quo
1536 1863 1615 1917 venit
1636 1879 1770 1935 argumen-

140 1948 288 2014 Dominus,
305 1945 483 2018 possidebitis
506 1945 615 1998 animos
636 1950 753 1996 vestras.
770 1943 940 2014 Reportetis,
983 1951 1054 2009 tum,
1066 1947 1147 2017 quasi
1159 1948 1281 2001 ostensio
1291 1953 1320 2002 et
1329 1950 1557 2019 praemonstratio
1572 1950 1769 2007 suturarumm·

139 2037 241 2108 inquit,
254 2035 479 2107 promissionem,
495 2034 577 2087 idest
591 2031 734 2102 accipiatis
742 2030 942 2101 gloriamsem·
982 2051 1056 2097 rum,
1068 2035 1216 2090 stillarum
1226 2052 1320 2091 rerum
1331 2054 1394 2107 quas
1404 2039 1613 2095 nonridentur.
1622 2041 1769 2097 istruna

139 2125 257 2196 piternae
266 2123 459 2179 beatitudinis.
981 2111 1093 2194 proprie
1103 2125 1388 2193 argumentum,ratio
1399 2127 1509 2197 querci
1518 2127 1767 2185 dubiaefacitlidem.

175 2213 354 2267 Adbuoenim
364 2212 503 2264 rnodirrnn
514 2211 737 2277 aliquantulum,
746 2211 796 2276 qui
806 2212 939 2260 venturus
982 2208 1109 2263 l'rofecto
1122 2226 1188 2280 crgo
1198 2212 1297 2282 liquet,
1311 2212 1378 2283 quia
1388 2213 1457 2267 tides
1469 2214 1587 2269 illarum
1598 2233 1692 2271 rerum
1701 2233 1769 2287 argo·

142 2303 287 2363 utuinisi,
296 2305 321 2353 et
334 2315 390 2352 non-
397 2299 529 2351 tardabit.
540 2297 736 2359 Quiventurus
747 2303 788 2350 est
795 2295 895 2360 reniet,
911 2299 940 2350 et
981 2304 1106 2352 mentum
1119 2305 1241 2370 estque
1256 2316 1392 2371 apparere
1408 2317 1464 2355 non
1476 2312 1606 2372 possunt.
1629 2305 1767 2368 Quaeeoim

140 2403 197 2443 non
207 2387 340 2452 tardabit,
350 2387 427 2441 haud
436 2385 552 2440 dubium
563 2385 779 2456 quinOhristuxn
790 2384 937 2454 significet.
980 2391 1126 2455 apparent,
1133 2387 1192 2455 jam
1204 2386 1288 2441 fidem
1300 2404 1356 2442 non
1368 2387 1486 2451 habent,
1497 2391 1767 2464 sicutsuperiusdixi-

142 2477 311 2532 Consolotur
325 2493 373 2530 eos
385 2482 520 2546 tanquam
534 2490 634 2546 parurn
652 2473 688 2527 sit
701 2474 834 2544 temporis
850 2488 939 2543 usque
980 2489 1053 2539 nius,
1062 2473 1111 2526 sed
1120 2475 1303 2545 agnitionem.
1313 2475 1384 2529 llum
1394 2493 1461 2547 ergo
1471 2478 1671 2535 ridit'l'homas
1685 2483 1763 2545 (iun.

144 2565 211 2621 dum
222 2565 324 2620 veniet.
334 2565 397 2620 Non
408 2562 812 2619 modicaenimconsolatiocst
822 2561 936 2628 laboris,
980 2563 1034 2631 xxi,
1052 2561 1118 2614 dum
1139 2562 1273 2633 palpavit,
1288 2579 1339 2617 cur
1352 2564 1378 2616 ei
1393 2563 1498 2620 dieitur
1515 2584 1521 2618 :
1540 2568 1614 2634 Quia
1629 2570 1763 2629 vidistine,

139 2655 195 2710 cito
205 2670 319 2725 sperare
322 2654 448 2723 judicem
454 2658 482 2706 et
497 2650 939 2717 remuneratorom‚constantiam
979 2651 1141 2703 credidisti?
1154 2650 1208 2704 Sed
1220 2650 1297 2704 aliud
1304 2651 1385 2720 vidit,
1395 2652 1472 2707 aliud
1484 2655 1616 2710 credidit.
1627 2658 1653 2710 Α
1665 2656 1763 2713 mortali

137 2743 300 2799 certaminis
310 2748 565 2797 remuneratorum.
979 2738 1053 2791 enim
1070 2738 1184 2793 homine
1199 2738 1336 2794 Divinitas
1348 2740 1435 2795 videri
1448 2758 1505 2797 non
1520 2744 1625 2814 potuit.
1636 2745 1762 2801 Hominem

175 2835 272 2887 iustus
287 2831 569 2896 circumcurrendo
583 2832 661 2883 eicit.
677 2829 782 2896 Quodsi
795 2828 940 2881 subirara·
979 2827 1083 2898 quippe
1098 2827 1212 2892 vidit,et
1233 2828 1323 2882 Deum
1343 2829 1486 2885 confessus
1498 2836 1552 2897 est,
1567 2832 1676 2888 dicens:
1690 2835 1761 2889 doni·

139 2925 179 2976 rit
193 2938 231 2988 se,
246 2937 303 2975 non
314 2921 430 2988 placebit
451 2921 554 2973 anime
577 2935 651 2972 nice.
668 2918 727 2970 Hoc
745 2915 938 2987 propheticum
981 2932 1034 2969 nus
1047 2932 1123 2970 virens
1138 2921 1161 2969 rt
1177 2919 1248 2970 Dens
1259 2933 1345 2971 meus.
1358 2916 1564 2991 Videndoergo
1583 2921 1757 2994 crediditqutx
1801 2982 1803 2989 ,

137 3008 333 3064 testimonium
341 3006 590 3076 intulithpostolus
598 3005 633 3058 ad
641 3004 861 3059 exhortationem
872 3002 936 3057 adei
947 3011 968 3072 0
980 3003 1181 3058 considerando
1198 3020 1293 3058 verum
1316 3005 1469 3073 hominem,
1487 3007 1579 3062 Deum
1590 3025 1673 3079 quem
1686 3008 1756 3064 videre

137 3096 388 3166 inacquisitionem
400 3094 509 3149 animae.
523 3094 602 3148 Sicut
617 3094 675 3147 vita
693 3092 817 3163 corporis
831 3092 935 3160 anima,
978 3108 1035 3146 non
1049 3098 1160 3164 poterat
1172 3093 1348 3148 exclamarit.

137 3184 246 3240 itavita
269 3183 371 3236 animae
393 3183 462 3236 fides
492 3190 543 3247 est,
567 3199 627 3251 quie
642 3181 938 3251 videliceteoncipitur
1009 3182 1753 3255 Inbecrniinlidetestimoninmjustitiaeronsoculisnnl

138 3273 231 3336 corde,
261 3270 411 3323 confitetur
430 3285 487 3333 ore,
515 3276 666 3324 exornatur
690 3286 782 3340 opere,
804 3269 936 3340 quoniam
979 3287 1060 3323 senos.
1076 3271 1162 3325 Senes
1177 3270 1220 3324 hic
1230 3269 1364 3325 debemus
1382 3272 1543 3344 intelligere
1558 3283 1653 3346 patres
1669 3274 1752 3329 Veteris

138 3360 208 3414 ssdes
223 3360 284 3414 sine
297 3358 426 3429 operibus
442 3365 618 3411 mortuaest.
636 3360 658 3411 Α
674 3374 730 3428 qua
759 3358 813 3411 lide
832 3359 856 3410 si
875 3360 938 3428 quis
979 3359 1160 3425 Testamenti,
1172 3359 1346 3429 patriarchas
1359 3360 1498 3425 videlicet,
1518 3365 1678 3433 prophetas,
1691 3364 1750 3418 alos·

137 3448 309 3507 subtraxerit
326 3465 365 3513 se,
383 3464 439 3502 non
450 3446 570 3518 placebit
592 3446 729 3500 voluntati
742 3445 804 3499 Dei.
821 3446 882 3498 Non
896 3453 939 3499 est
980 3463 1033 3518 qne
1043 3448 1135 3516 justos
1145 3448 1192 3520 qui
1207 3448 1235 3501 in
1248 3447 1301 3503 fide
1312 3449 1748 3524 quamcredideruntDeoejusque

137 3539 210 3595 enim
223 3540 379 3610 putandum
394 3537 466 3608 quod
482 3537 555 3590 Deus
567 3535 648 3589 Pater
662 3541 712 3588 aut
726 3535 847 3605 Spiritus
870 3551 937 3588 san·
979 3535 1221 3606 promissionibus,
1237 3537 1429 3593 testimonium
1445 3537 1541 3593 laudis
1564 3547 1649 3612 atque
1660 3539 1748 3612 iustitia

136 3635 207 3694 ctus,
220 3628 400 3682 autl'iliusin
412 3632 512 3679 natura
529 3623 933 3690 divinitatishabeatauimarn‚
977 3631 1201 3694 promeruerunt.
1212 3624 1292 3679 Unde
1302 3623 1444 3679 Abraham
1458 3626 1507 3696 qui
1523 3628 1643 3683 credidit
1653 3629 1710 3694 lieo,
1720 3640 1747 3678 re

135 3717 184 3774 sed
199 3734 277 3772 more
291 3718 414 3770 humano
432 3716 550 3785 loquens
575 3714 669 3767 divina
683 3712 837 3783 Scriptura,
854 3713 935 3766 nobis
977 3718 1105 3783 putatum
1120 3714 1209 3767 estad
1221 3713 1372 3783 justitiam,
1384 3718 1412 3767 et
1429 3715 1539 3769 amicus
1558 3717 1610 3772 Dei
1621 3715 1746 3790 appellatus

135 3806 307 3862 consulendo
318 3805 489 3860 voluntatem
498 3802 575 3856 illius
591 3801 691 3856 animae
702 3799 934 3872 vocabuloexpri·
975 3807 1028 3855 est.
1042 3799 1109 3855 uec
1120 3806 1213 3856 autem
1223 3802 1340 3857 hdesita
1347 3807 1390 3856 est
1398 3803 1575 3874 accipienda,
1590 3811 1624 3860 ut
1636 3800 1747 3861 credatu

136 3895 198 3951 mit.
214 3893 457 3951 considerandum
472 3898 579 3955 autem,
602 3890 667 3961 quia
689 3889 762 3943 sicut
776 3888 935 3960 displicebit
974 3890 1455 3956 corde,ooniiteturore,exornetur
1475 3892 1618 3964 operibus·
1636 3891 1747 3951 ssteuiu

135 3984 183 4056 qui
200 3983 379 4044 hesitaverit,
397 3981 438 4035 ita
447 3979 567 4052 placebit
578 3979 634 4034 Deo
645 3978 692 4049 qui
707 3974 867 4039 crediderit,
888 3977 931 4030 vi·
975 3979 1112 4032 veraciter
1125 3978 1224 4044 credit,
1239 3979 1288 4050 qui
1302 3986 1413 4034 exercet
1426 3982 1574 4050 operando
1589 3982 1663 4053 quod
1674 3978 1746 4037 crodit

135 4091 203 4129 vens
218 4074 247 4127 in
261 4073 317 4127 lide
329 4088 381 4126 sua
394 4075 479 4124 resta·
494 4067 664 4145 Laborastis,
686 4066 787 4138 inquit,
802 4065 831 4119 in
846 4071 933 4120 certa-
975 4066 1055 4130 Quod
1070 4067 1208 4127 contrade
1218 4066 1261 4120 his
1272 4067 1414 4138 quiddem
1428 4068 1637 4126 nominetenus
1644 4070 1746 4128 redunt,

135 4162 221 4222 mine,
232 4165 390 4226 exspectate
397 4158 507 4212 beatam
517 4173 605 4227 spem.
616 4156 710 4211 Nolite
720 4153 850 4208 dubitare
857 4170 932 4226 quae-
974 4155 1078 4209 Paulus
1088 4155 1157 4210 dicit
1173 4173 1178 4203 :
1192 4156 1363 4223 Confitentur
1377 4173 1403 4210 ss
1415 4172 1491 4211 nosse
1513 4160 1615 4225 Deum,
1632 4160 1747 4227 socinia-

135 4247 413 4318 rerequaesperatis:
431 4245 496 4314 quia
507 4245 602 4313 justus
614 4260 646 4297 ex
662 4244 716 4297 sido
733 4243 810 4296 vivit.
950 4316 953 4321 .
975 4250 1029 4299 tuin
1049 4249 1162 4313 nepulit.

141 4374 144 4381 Α
170 4337 225 4389 Nos
234 4342 328 4389 autem
336 4350 391 4388 non
400 4347 496 4386 sumus
505 4333 702 4386 subtractionis
708 4335 762 4399 filii
769 4335 799 4385 in
805 4324 971 4400 perditio-D
1009 4333 1073 4387 Fide
1084 4335 1270 4400 intellipiinns
1284 4338 1437 4402 optalacsse
1451 4327 1555 4391 seculo
1569 4338 1648 4393 serbo
1660 4326 1709 4402 na,
1723 4336 1744 4386 n

134 4439 207 4488 nem,
223 4424 269 4476 sod
284 4423 348 4490 (idai
363 4425 393 4475 in
405 4422 617 4489 acquisitionem
629 4423 738 4474 aniane.
752 4421 931 4481 Nonsumus,
973 4439 1005 4475 ca
1019 4424 1208 4475 invisibilibus
1219 4424 1342 4476 visibilia
1359 4425 1465 4491 fierent.
1486 4423 1561 4488 Quid
1572 4425 1648 4481 enim
1661 4422 1747 4497 quina

136 4511 239 4582 iuquit,
251 4527 302 4582 ego
313 4514 394 4566 etros
405 4508 456 4564 lilii
467 4508 579 4563 illorum
592 4525 766 4579 paganorum
775 4514 933 4579 atquegen-
974 4510 1157 4564 Hebraeorum
1181 4500 1273 4564 adhuc
1301 4509 1406 4564 debiles
1420 4518 1504 4566 erant
1518 4517 1547 4567 et
1562 4529 1578 4566 a
1592 4512 1648 4568 nde
1661 4510 1746 4585 quidem

131 4600 235 4668 tilium,
245 4599 293 4672 qui
304 4615 333 4654 se
343 4596 541 4653 subtrahunta
565 4596 620 4649 vita
635 4596 701 4650 lidei
712 4602 738 4651 et
753 4598 815 4651 luce
827 4595 932 4668 sernpi·
972 4599 1085 4653 initium
1101 4604 1291 4670 sumpserant,
1308 4615 1341 4653 ex
1352 4599 1531 4670 passionibus
1549 4608 1646 4657 autem
1655 4597 1746 4656 tribdr·

131 4684 618 4760 ternaadperditionemunimarum
634 4701 760 4747 suarum,
774 4684 931 4740 sodsumus
972 4687 1082 4742 tionum
1087 4686 1625 4759 pusillanimesalliciebantur,minnsve
1634 4691 1746 4764 patienter

132 4778 183 4835 filii
193 4764 431 4851 patriarcharum,
457 4774 504 4845 qui
526 4774 556 4828 in
575 4773 630 4827 tide
646 4773 755 4846 probati
767 4780 843 4838 sunt,
859 4781 887 4828 et
902 4775 932 4828 in
972 4775 1049 4829 mala
1059 4775 1112 4829 sibi
1127 4776 1252 4846 irrogata
1265 4775 1402 4842 ferebant,
1414 4764 1551 4834 hortatur
1564 4796 1613 4835 eos
1624 4776 1746 4852 Apostolus

130 4866 185 4921 side
195 4865 310 4938 perfecti
326 4866 442 4921 luerunt
458 4869 491 4919 ut
501 4861 737 4934 acquirerentsibi
747 4879 812 4916 suas
822 4862 932 4918 animas
972 4864 1062 4935 primo
1076 4880 1108 4919 ex
1128 4864 1229 4936 seipso.
1250 4865 1346 4920 dicens
1362 4883 1368 4918 ι
1385 4866 1624 4923 Rcinnnoromini
1638 4868 1746 4939 pristim

131 4953 166 5008 ad
181 4955 339 5009 salutemet
349 4952 591 5025 insuperaliorum
607 4967 658 5005 suo
673 4950 809 5022 exemplo.
972 4954 1038 5017 dics,
1050 4952 1149 5009 deinde
1160 4953 1347 5024 exscriptum
1357 4942 1456 5008 'divina
1466 4954 1591 5025 dicente,
1605 4956 1745 5029 quirinalis

971 5057 1003 5095 er
1012 5043 1150 5108 flrleoioit,
1167 5041 1269 5097 deinde
1284 5046 1379 5098 autem
1395 5057 1427 5097 ex
1442 5034 1613 5114 rationibus,
1622 5041 1744 5101 ostentus

433 5095 550 5150 CAPUT
568 5091 618 5148 XI·
969 5128 1128 5185 hdemesse
1158 5130 1346 5187 substantiam
1369 5147 1466 5187 rerum
1484 5131 1741 5206 nonapparentiun.

166 5221 214 5276 list
223 5219 871 5287 outonifirlcssporandorunrsubstenti'urerunr,
882 5233 929 5270 or·
968 5218 1050 5275 Nunc
1062 5236 1125 5273 vero
1134 5235 1166 5274 ex
1178 5219 1403 5291 progenitoribus
1418 5218 1519 5293 incipit
1533 5222 1620 5293 loqui,
1634 5210 1744 5278 mirabili·

129 5314 293 5381 punientiam
306 5323 360 5360 non
372 5305 926 5374 apparentiurn.0rdoverborum:Estau-
968 5313 1068 5362 tereos
1083 5308 1282 5379 inexemplum
1298 5324 1415 5379 ponens,
1438 5309 1507 5380 quia
1521 5309 1595 5366 sicut
1614 5309 1654 5365 illi
1670 5318 1745 5363 onon

128 5405 186 5457 born
201 5396 272 5453 sides
279 5393 436 5449 substantia
446 5395 647 5464 sperandarum
659 5412 764 5459 rerum,
775 5411 924 5467 argumen-
965 5412 1015 5468 per
1029 5396 1112 5450 fidem
1126 5396 1225 5450 salvati
1236 5402 1311 5460 sunt,
1327 5395 1368 5451 ita
1383 5401 1411 5451 et
1430 5413 1484 5451 nos
1500 5414 1599 5455 omnes
1623 5415 1672 5471 per
1682 5393 1745 5450 ntem

126 5495 190 5558 tum
204 5484 335 5547 videlicet
347 5498 443 5540 rerum
457 5497 514 5538 non
524 5484 729 5555 apparentium.
740 5484 822 5541 Fides
835 5490 878 5540 est
890 5500 925 5539 ea
965 5485 1115 5542 salvamur.
1127 5485 1280 5541 cumeum
1288 5484 1429 5542 invenerit
1438 5478 1577 5559 mimam
1590 5480 1745 5561 &adempta-

1798 5534 1803 5641 l
