3818 6104
113 202 163 260 sm
450 208 641 267 expostulo
661 210 701 267 IN
720 212 797 267 EPP.
818 213 846 267 S.
873 160 990 266 riuti.
1012 239 1046 254 -
1065 211 1105 267 IN
1125 210 1236 267 uetsr.
1256 210 1305 265 AD
1324 208 1412 266 ROM.
1696 204 1749 267 3⁷8

112 329 296 402 inexplebilis,
311 331 353 386 vel
368 332 537 388 adulterium
554 356 560 392 :
574 341 603 389 et
617 340 661 389 est
675 335 703 389 in
718 336 771 390 hnc
786 335 846 390 loco
855 334 1085 395 nonAsitudinis
1109 333 1259 406 appetitor,
1276 338 1305 388 et
1331 332 1379 403 qui
1405 330 1563 402 precellere
1585 331 1645 386 vult
1668 331 1748 387 alios.

113 417 254 473 solumad
269 422 426 493 pecuniam.
439 423 487 476 sed
502 423 587 477 etiam
604 423 638 477 ad
666 425 770 478 coitum
792 424 912 478 releren·
953 424 1032 478 Unde
1052 424 1148 478 Graeco
1169 422 1301 476 vocabulo
1329 421 1554 492 hyperephanos,
1570 420 1598 473 id
1613 424 1751 490 estsuper

113 504 190 561 dum.
206 509 348 576 Nequitia
366 510 499 580 Nequitia
527 518 569 565 est
583 511 715 582 superbla
729 512 772 566 rel
796 513 912 567 audacia
953 518 1221 583 apparensvocatur.
1243 512 1343 565 Elotos.
1361 509 1457 563 Elatus
1471 509 1518 579 qui
1535 510 1651 562 ellertur
1665 525 1752 579 supra

113 595 231 665 peccati.
248 597 330 651 Unde
344 597 448 651 dicitur
464 617 470 652 :
483 599 540 669 Ego
553 600 617 653 novi
628 601 782 670 nequitiam
797 618 908 656 eorum.
956 615 1117 655 mensuram
1135 616 1227 665 suam,
1252 599 1295 652 vel
1319 599 1368 669 qui
1383 598 1519 666 majorum
1544 597 1680 651 institutis
1694 612 1752 651 non

113 684 209 737 Plenas
219 686 337 742 inuidia.
354 686 798 759 Invidusdiciturplenusinvidia,
811 690 857 759 qui
872 690 914 743 al·
956 688 1117 760 acquiescit.
1130 690 1285 743 lucratores
1298 687 1447 752 malorum,
1456 686 1504 757 qui
1514 686 1604 741 multa
1618 687 1692 740 mala
1702 685 1754 739 ad·

112 771 202 826 terim
226 773 360 828 felicitate
371 779 529 845 torquetur,
542 781 570 830 et
583 777 721 832 scinditur
733 778 762 832 in
776 778 914 849 duplicem
956 777 1110 839 inveniunt,
1128 777 1202 831 sicut
1216 776 1257 830 illi
1270 779 1360 841 erant,
1372 773 1518 847 dequibus
1533 775 1670 829 haetenus
1683 774 1754 829 dixi·

112 861 275 932 passionem
289 879 296 916 ι
310 879 373 917 cum
385 871 435 918 aut
448 865 523 935 quod
538 865 599 936 ipse
614 872 665 932 est,
680 867 767 922 alium
782 883 843 922 esse
859 882 915 921 non
957 882 1029 920 mus.
1041 866 1205 919 Parentibus
1217 880 1273 919 non
1285 865 1443 918 obedientes.
1454 863 1621 918 Parentibus
1633 862 1754 918 terrenis

112 948 241 1014 mlt,aut
255 951 343 1004 alium
353 951 449 1006 videns
469 967 531 1006 esse
546 953 701 1021 meliorem,
713 955 789 1009 dolet
814 972 844 1009 se
857 970 914 1009 non
956 971 1012 1010 non
1023 953 1230 1025 obtemperant,
1241 953 1288 1025 qui
1300 969 1364 1008 vero
1377 952 1436 1007 Deo
1451 952 1528 1007 Patri
1549 968 1606 1007 non
1619 951 1752 1008 obedien·

111 1037 370 1093 esseconsimilem.
382 1041 460 1095 Inter
469 1039 602 1096 invidiam
612 1048 708 1097 autem
722 1049 748 1099 et
759 1044 848 1099 zelum
864 1045 915 1099 hoc
955 1049 999 1099 tes
1014 1043 1147 1097 esistunt.

109 1123 209 1190 distat,
222 1126 289 1197 quia
299 1128 376 1182 zelos
390 1129 432 1182 vel
447 1131 588 1185 emulatio
612 1139 855 1202 quaeunumsunt,
867 1134 916 1188 ali·
993 1135 1153 1200 lese'pirutrs
1171 1135 1238 1185 sunt
1257 1131 1335 1185 stulti
1360 1135 1389 1185 et
1412 1132 1492 1196 fatui,
1507 1147 1524 1185 a
1537 1131 1595 1185 sale
1609 1129 1754 1202 sapientiae

110 1214 227 1284 quando
238 1215 268 1269 in
283 1215 385 1271 bonam
398 1223 507 1288 partem
523 1220 647 1291 ponitur,
661 1227 692 1275 ut
702 1220 740 1274 ibi
757 1239 763 1275 τ
777 1224 856 1276 Zetus
867 1224 916 1276 Ι)ο-
956 1220 1106 1274 immunes.
1125 1221 1307 1287 Incorrvpositi.
1316 1218 1345 1272 id
1360 1223 1404 1273 est
1416 1219 1570 1273 inordinati
1583 1219 1751 1289 lascivique:

110 1305 536 1373 minusererrltuurntbciethor
546 1310 598 1376 (IV
610 1311 669 1375 ltro.
682 1315 749 1374 xlxi:
765 1309 879 1380 ponitur
888 1316 917 1363 et
958 1308 1022 1380 quia
1036 1307 1132 1362 omnia
1145 1323 1197 1362 sua
1211 1307 1368 1361 inordinate
1390 1312 1418 1360 ot
1432 1307 1577 1361 lasciviose
1604 1311 1752 1377 peragunt.

109 1388 144 1444 in
157 1391 263 1446 malam
279 1400 396 1463 partem,
414 1395 486 1449 sicut
511 1396 546 1449 de
574 1394 680 1468 loseph
708 1397 821 1468 legitur,
842 1399 916 1469 quod
958 1395 1752 1467 Omnisenirninsipiens‚incompositus,inordinatusest.

116 1480 345 1535 amulantessive
355 1483 477 1538 zelantes
492 1500 555 1539 cum
567 1485 668 1540 iratres
682 1486 735 1552 sui,
747 1487 774 1540 id
786 1493 830 1541 est
844 1487 917 1541 invi·
957 1487 1180 1558 Sineoffectione,
1191 1485 1218 1539 id
1228 1485 1342 1539 estsine
1355 1484 1503 1539 dilectione
1515 1484 1565 1538 Dei
1579 1488 1608 1537 et
1622 1482 1753 1554 proximi.

116 1566 215 1624 dentes
230 1569 477 1633 illi‚vendiderunt
490 1573 570 1628 illum
582 1574 664 1646 (Gerr.
682 1580 793 1635 xxxvul.
808 1575 916 1630 Invidia
957 1574 1006 1629 Est
1019 1574 1128 1629 allectio
1137 1591 1199 1645 quae
1216 1575 1331 1645 ponitur
1341 1588 1393 1644 pro
1403 1573 1564 1635 afflictione,
1578 1577 1610 1627 ut
1624 1573 1652 1626 in
1668 1571 1757 1626 Evan-

118 1670 181 1712 vero
191 1674 304 1730 semper
316 1659 345 1713 in
357 1661 458 1715 malam
475 1668 584 1733 partem
596 1663 719 1734 ponitur.
743 1665 910 1721 lloullcielio.
922 1663 1029 1740 Bgelio
1044 1663 1091 1718 ubi
1107 1663 1218 1724 dicitur,
1234 1663 1406 1734 quodseroos
1420 1664 1594 1717 contumeliis
1608 1660 1755 1729 affectaqid

119 1741 311 1802 Homicidium
327 1748 431 1804 dicitur
440 1750 476 1804 ab
488 1752 598 1805 horniue
612 1758 640 1805 et
655 1754 723 1806 cedo
731 1752 826 1814 serbo,
852 1753 917 1807 inde
958 1753 1138 1817 estalllictos‚
1156 1755 1313 1806 occiderunt
1330 1753 1434 1818 tillutth.
1449 1755 1524 1819 xxii),
1540 1757 1569 1805 et
1588 1756 1631 1805 est
1644 1750 1755 1805 allectio

121 1830 221 1889 dicitur
246 1835 388 1890 homicida
417 1837 561 1892 hominem
588 1839 706 1893 cedens.
722 1838 808 1894 Recte
821 1846 917 1895 autem
958 1858 1020 1915 qum
1030 1841 1205 1913 poniturpro
1215 1840 1375 1906 dilectione,
1386 1840 1457 1895 utin
1468 1840 1600 1912 praesenti
1610 1839 1756 1893 locodbs·

125 1929 181 1991 post
194 1923 329 1978 invidiam
343 1925 714 1996 subsequiturhomicidium
732 1930 838 1993 statim,
851 1929 918 2000 quia
958 1948 1009 2001 que
1023 1933 1129 1999 [edera
1145 1931 1198 1986 hoc
1211 1936 1255 1985 est
1267 1929 1393 1984 amicitia
1416 1933 1444 1982 et
1469 1943 1546 1999 pace.
1562 1928 1628 1983 Sine
1647 1930 1756 1981 miseri·

128 2009 267 2066 esiuvidia
281 2012 409 2083 procedit
423 2014 616 2079 homicidium,
631 2016 706 2072 verbi
719 2018 815 2088 gratia
829 2035 835 2070 z
852 2017 917 2072 Dia·
959 2022 1063 2074 cordio.
1081 2020 1153 2074 Sunt
1166 2018 1214 2089 qui
1228 2034 1279 2072 nec
1289 2017 1334 2071 sui
1348 2033 1399 2071 uec
1413 2017 1534 2072 aliorum
1563 2016 1734 2070 miserentur
1746 2033 1754 2082 3

127 2094 198 2153 bolos
207 2102 475 2157 vernenshominenr
484 2105 519 2158 ad
529 2104 582 2158 hoc
592 2106 695 2159 lactum
709 2112 740 2160 ut
753 2106 845 2161 locum
856 2107 919 2177 glo·
959 2109 1081 2181 primurn
1110 2108 1185 2162 enim
1210 2123 1323 2162 necesse
1337 2111 1380 2160 est
1392 2112 1425 2160 ut
1439 2104 1521 2160 nobis
1535 2103 1755 2160 misericordiam

130 2185 324 2260 nearciperet,
333 2207 415 2261 quem
430 2191 477 2246 ille
487 2193 675 2264 superbiendo
690 2196 860 2265 perdiderat,
877 2196 918 2249 iu·
959 2197 1166 2269 impendamus,
1183 2195 1284 2251 deinde
1298 2210 1363 2249 vero
1378 2194 1451 2248 aliis.
1479 2193 1559 2248 Unde
1584 2194 1653 2248 dicit
1675 2192 1757 2248 Salo·

129 2274 308 2332 vidiaductus
336 2278 477 2334 interiecit
503 2280 583 2336 illum
611 2282 640 2336 in
664 2282 847 2347 animatb'en.
863 2290 915 2353 ιιι).
959 2302 1046 2340 mon:
1064 2285 1269 2351 Fili‚rnisererc
1292 2286 1395 2338 animer
1418 2288 1471 2337 tuse
1481 2286 1592 2353 placens
1613 2281 1754 2351 beolEccl.

130 2362 257 2420 Similiter
283 2366 352 2421 Cain
377 2368 483 2423 invidia
511 2377 668 2425 commotus
686 2379 784 2427 contra
802 2373 918 2428 fratrem
959 2374 1033 2443 ιιιιι).

126 2464 203 2506 mum
215 2452 294 2517 Abel,
312 2454 378 2525 quia
392 2457 558 2528 respexisset
570 2459 707 2514 Dominus
722 2461 757 2514 ad
771 2461 862 2526 illum,
878 2460 919 2514 in·
995 2464 1124 2531 (issicum
1142 2464 1326 2530 monouissent
1336 2463 1480 2529 justitium
1497 2460 1555 2519 Dei,
1573 2474 1628 2512 non
1645 2458 1757 2512 intelle·

122 2538 292 2597 dammaudo
307 2560 427 2599 munera
441 2547 513 2616 ejus,
529 2548 667 2618 adipsum
682 2565 813 2604 veronen
828 2566 921 2622 respe·
959 2556 1062 2607 uerunt
1072 2554 1204 2620 quiritium
1221 2554 1270 2619 qui
1281 2552 1350 2603 tolia
1365 2554 1454 2617 aquut
1468 2549 1550 2615 diqni
1562 2552 1628 2602 sum
1645 2551 1732 2600 morte
1748 2564 1756 2600 .·

119 2627 210 2684 risset
220 2646 271 2685 nec
285 2632 320 2686 ad
335 2649 454 2688 munera
468 2636 529 2705 rjus
553 2636 764 2703 inflammando,
780 2638 920 2693 interiecit
960 2640 1049 2696 Omne
1062 2640 1135 2710 quod
1147 2646 1230 2710 turpe
1244 2645 1297 2702 est,
1313 2638 1370 2692 Deo
1385 2636 1521 2708 displicet.
1535 2636 1569 2690 Et
1586 2632 1755 2706 philosophi,

118 2715 203 2772 illum
219 2722 326 2788 (litut.
357 2723 542 2777 Contentione.
560 2725 707 2780 Contentio
736 2733 779 2780 est
799 2726 846 2781 ubi
862 2743 917 2782 non
958 2728 1240 2799 licetmalnagerent.
1253 2726 1384 2781 tamenin
1399 2726 1452 2780 hoc
1461 2728 1542 2778 erant
1551 2722 1758 2778 consentientes

118 2806 231 2862 ratione
244 2809 362 2880 aliquid,
386 2811 436 2865 scd
450 2813 537 2867 animi
553 2814 707 2885 pertinacia
733 2815 894 2870 detenditur
909 2833 917 2868 :
956 2816 1074 2888 justitia
1088 2815 1258 2887 Dei,quiaiu
1272 2814 1336 2868 aliis
1344 2814 1406 2886 ipsa
1418 2812 1485 2867 vitia
1498 2808 1754 2883 reprehendebant.

118 2893 168 2948 rel
187 2896 230 2951 ubi
244 2915 299 2953 non
314 2900 417 2954 veritas
427 2902 571 2971 quaeritur.
582 2904 631 2957 sed
644 2903 818 2970 animositas,
836 2904 920 2958 idest
960 2904 1074 2958 lustitia
1084 2903 1186 2975 quippe
1194 2903 1245 2957 Dei
1254 2909 1375 2972 estque
1389 2900 1449 2955 odit
1463 2916 1496 2954 ac
1510 2900 1668 2954 detestatur
1678 2897 1756 2958 vitia,

121 2984 254 3054 strperbia
263 2988 409 3059 fatigatur.
421 2991 616 3062 Loquicontra
626 2994 746 3048 alterum
757 2953 951 3063 siuealiquaC
962 2997 990 3047 et
1003 2992 1083 3046 docet
1098 2991 1228 3045 virtutes.
1244 2991 1334 3054 Quam
1347 2989 1485 3061 justitiam
1502 2989 1543 3043 illi
1557 2991 1758 3059 cognoverunt,

123 3070 244 3129 utilitate
258 3077 400 3132 contentio
414 3080 536 3134 maxima
550 3084 643 3150 potest
670 3080 733 3135 dici.
751 3082 828 3136 Dolo.
844 3083 922 3136 inter
963 3082 1011 3154 qui
1021 3081 1089 3136 vitia
1103 3097 1168 3135 vero
1183 3081 1329 3152 displicere
1343 3079 1544 3134 intellexerunt
1557 3096 1563 3144 ;
1580 3081 1711 3131 ettamen
1730 3073 1760 3128 in

128 3154 247 3216 dolorem
258 3170 287 3219 et
299 3166 397 3221 dolum
409 3166 462 3221 hoc
476 3167 572 3235 distat,
585 3169 652 3240 quia
662 3169 742 3224 dolor
755 3169 790 3223 ad
805 3170 922 3223 inlumi-
962 3171 1014 3225 hoc
1021 3170 1151 3240 ignorare
1166 3170 1308 3232 dicuntur,
1320 3169 1453 3239 quianon
1464 3167 1672 3228 intellexerunt,
1688 3178 1759 3235 quo·

131 3248 214 3304 hiem
223 3253 346 3324 corporis
356 3255 487 3326 pertinet,
499 3256 580 3312 dolus
593 3274 658 3311 vero
673 3263 717 3312 est
731 3256 833 3312 mantis
846 3257 921 3311 ealli-
962 3258 1037 3312 niam
1052 3258 1100 3330 qui
1110 3257 1178 3311 talia
1188 3262 1285 3327 agunt,
1294 3256 1389 3328 qualia
1402 3256 1457 3327 ipsi
1471 3252 1683 3327 agebantdigni
1693 3255 1760 3307 sunt

137 3330 212 3404 ditas,
223 3340 313 3396 dictus
322 3341 358 3396 ab
373 3359 406 3397 eo
421 3344 495 3415 quod
515 3345 631 3400 deludat
644 3347 736 3400 verbis
746 3347 829 3401 lictis.
844 3345 922 3400 Inter
963 3352 1053 3402 morte
1068 3352 1178 3401 aterna
1192 3345 1393 3414 damnationis
1410 3350 1439 3399 et
1452 3344 1531 3416 quasi
1545 3359 1601 3399 non
1616 3341 1761 3397 intellexe-

142 3418 222 3481 dolon
235 3436 328 3485 autem
342 3438 371 3486 et
395 3431 512 3487 insidias
535 3440 564 3488 et
579 3435 707 3489 fraudem
726 3436 779 3491 hoc
793 3435 920 3499 interest,
962 3441 1040 3501 runt,
1055 3436 1123 3489 dum
1138 3435 1198 3489 sine
1211 3435 1313 3488 timore
1326 3439 1526 3505 peccaverunt;
1539 3449 1595 3487 stou
1606 3434 1695 3485 solum
1710 3433 1760 3498 qui

147 3511 282 3579 quiadolos
296 3519 392 3575 auimo
411 3523 451 3586 sit,
479 3522 589 3577 insidiae
603 3523 664 3577 loco
684 3524 741 3579 sive
755 3525 823 3584 zelo,
844 3525 922 3578 fraus
962 3542 992 3580 eo
1008 3527 1128 3594 ferirent,
1144 3523 1278 3578 subaudis
1292 3523 1370 3594 digni
1380 3528 1555 3583 suntmorte,
1566 3522 1611 3574 sed
1620 3521 1760 3586 etiamqui

150 3606 367 3663 resocircandem
376 3613 923 3684 mutuam.MolipnhoteMalignitasest
963 3616 1138 3667 coessentiunt
1157 3614 1331 3680 foetentibus.
1347 3611 1400 3676 Qui
1417 3609 1484 3664 facit
1499 3613 1642 3681 peccatum
1660 3612 1759 3661 elnon

153 3689 240 3749 militia
254 3713 324 3768 opus
336 3714 399 3768 quae
416 3706 445 3753 et
459 3700 655 3755 malevolentia
678 3708 772 3772 potest
785 3702 850 3758 dici.
867 3703 923 3758 Su·
963 3701 1112 3765 consentit,
1128 3701 1229 3771 dignus
1252 3705 1296 3754 est
1310 3706 1408 3755 morte.
1425 3699 1479 3763 Qui
1493 3715 1548 3753 non
1575 3697 1759 3779 facitetcon·

154 3789 265 3842 temones.
274 3787 396 3841 Susurro
409 3788 444 3843 de
456 3806 525 3844 sono
538 3791 688 3845 locutionis
696 3807 797 3845 nomeu
805 3790 920 3862 accepit,
964 3791 1050 3846 sentit
1062 3790 1090 3843 iu
1108 3789 1227 3844 subditis
1241 3806 1296 3843 non
1309 3789 1461 3860 puniendo,
1477 3787 1578 3858 dignus
1600 3791 1642 3840 est
1657 3788 1757 3838 morte.

155 3866 262 3933 tuition
283 3874 312 3928 in
337 3875 407 3930 facie
422 3878 517 3948 alicui,
531 3879 580 3933 sed
596 3880 623 3934 in
642 3896 711 3934 aure
723 3879 856 3949 loquitur,
871 3878 922 3934 de·
963 3879 1017 3945 Qui
1031 3886 1126 3933 autem
1141 3879 1248 3933 iaciunt
1259 3885 1289 3932 et
1302 3878 1490 3943 consentiunt,
1502 3874 1655 3947 illiduplici
1668 3879 1759 3927 morta

156 3954 262 4017 labendo
273 3981 279 4016 ε
292 3970 321 4017 et
335 3970 378 4018 est
390 3968 606 4038 onomatopoeia,
622 3984 724 4023 nomen
746 3968 782 4022 de
797 3984 865 4022 sono
879 3967 922 4021 la·
962 3968 1039 4039 digni
1052 3973 1129 4024 sunt.
1589 3981 1591 3986 ’

181 4134 338 4196 detractores.
350 4142 470 4207 Quidam
479 4144 591 4199 codices
599 4142 921 4213 habentdetractatores,

158 4222 191 4276 'td
201 4225 258 4284 laiso
270 4230 406 4301 scripturn
429 4238 479 4287 est
507 4233 648 4288 Detractio
662 4239 705 4287 est
718 4234 838 4288 aliorum
854 4235 924 4289 bene
1001 4238 1114 4304 Propter
1127 4235 1207 4303 qreod,
1217 4234 1346 4305 quianon
1356 4234 1447 4288 solum
1457 4231 1661 4302 illedignusest
1670 4232 1761 4282 morte

158 4317 302 4390 senopem
316 4321 358 4374 vel
373 4320 403 4374 in
417 4322 523 4376 malurn
538 4323 678 4376 malitiose
692 4328 812 4388 mutare,
826 4322 869 4377 vel
884 4308 955 4377 ιιι-ὓ
965 4324 1012 4394 qui
1027 4324 1094 4378 lacit
1106 4327 1261 4395 peceatum,
1277 4322 1325 4376 sed
1341 4322 1426 4376 etiam
1447 4320 1502 4397 qui·
1514 4317 1662 4379 consentit,
1683 4319 1762 4369 ines-

159 4394 246 4461 h'leodo
257 4408 349 4463 fallaci
363 4409 461 4464 fraude
478 4410 634 4465 diminuere
647 4425 653 4459 τ
667 4428 730 4465 cum
742 4418 836 4466 autem
850 4413 925 4466 mala
964 4416 1095 4467 cessabitis
1111 4430 1169 4477 rs,o
1180 4412 1541 4480 horreoournr's‚qoijodiros
1563 4408 1615 4463 llic
1628 4422 1685 4462 non
1696 4410 1761 4460 tan·

160 4482 267 4562 liuntur,
283 4514 346 4568 quse
357 4496 431 4552 bona
441 4504 518 4561 sunt,
534 4505 584 4553 aut
597 4516 685 4570 parva
695 4497 777 4564 bona,
791 4517 852 4570 que
863 4518 924 4555 ma·
964 4508 1024 4557 turn
1039 4501 1172 4571 gentilem
1186 4499 1347 4572 quemlibet,
1357 4501 1406 4554 sed
1420 4505 1448 4554 et
1459 4499 1584 4554 Judaeam
1598 4495 1760 4567 alloquitur,

158 4586 268 4641 tlltunt.
280 4586 434 4641 Detrahere
449 4589 524 4641 enim
539 4589 650 4649 dicitur,
663 4589 711 4659 qui
726 4589 808 4643 alicui
818 4590 925 4660 aliquid
965 4596 995 4646 et
1004 4606 1101 4645 omnes
1114 4589 1286 4660 generaliter
1295 4590 1434 4661 prelatos.
1450 4589 1561 4643 ludaeos
1573 4585 1761 4655 ideoalloqui-

159 4663 291 4730 utonem
305 4676 505 4748 comprobatur
518 4683 547 4732 et
560 4677 726 4733 diminuere.
734 4679 786 4731 beo
800 4680 921 4742 odibiles,
964 4678 1091 4749 tunquia
1104 4677 1144 4731 illi
1159 4677 1401 4748 reprehendebant
1415 4682 1443 4729 et
1456 4674 1627 4730 damnabant
1641 4671 1761 4742 gentiles

160 4753 192 4820 lli
201 4758 243 4816 Dei
256 4764 351 4819 odium
365 4765 522 4820 incurrunt.
538 4769 760 4824 Contumeliosus.
772 4767 925 4822 Conturne-
966 4767 1046 4839 quasi
1062 4767 1224 4821 idololatras
1238 4771 1266 4820 et
1274 4772 1442 4837 peccatores,
1453 4763 1608 4833 gloriantes
1615 4777 1645 4814 se
1651 4760 1686 4814 ad
1694 4774 1761 4830 gra·

159 4834 201 4900 lusi
211 4850 336 4908 dicuntur
348 4854 395 4924 qui
412 4855 517 4909 veloces
531 4864 598 4909 sunt
612 4855 640 4909 in
655 4855 803 4910 verborum
814 4856 925 4926 injuriis
965 4856 1034 4911 tiam
1050 4855 1192 4927 Evangelii
1206 4861 1321 4926 propter
1333 4852 1539 4907 observantiam
1549 4849 1762 4922 legismeruisse

159 4934 240 5004 lloliis,
254 4949 304 4996 aut
316 4942 408 4997 verbis
423 4943 565 4997 autlactis
579 4944 712 5014 injuriam
727 4945 851 4999 iaciunt:
868 4962 925 5000 ver·
966 4945 1120 5017 pervenire.
1138 4945 1384 5006 Praelatosautem‚
1407 4940 1473 5011 quia
1487 4941 1516 4994 in
1538 4939 1601 4994 aliis
1616 4945 1761 5011 peccatum

159 5013 287 5086 lltrcilicet
295 5032 488 5098 conviciando,
504 5040 553 5087 out
563 5033 669 5104 aliquid
683 5033 899 5104 improperando
917 5052 922 5088 ε
963 5034 1093 5105 J'udicant
1107 5038 1136 5087 et
1150 5031 1367 5102 reprehendunt,
1385 5029 1574 5100 intelligentes
1588 5046 1649 5083 esse
1664 5046 1763 5102 pecca·

157 5104 282 5174 belesmo
299 5121 477 5191 flagellando.
494 5121 574 5177 Unde
595 5122 715 5192 legimus
730 5122 764 5175 de
779 5123 923 5193 apostolis,
965 5129 1035 5182 tum,
1053 5128 1083 5176 et
1096 5122 1125 5175 in
1140 5138 1169 5175 se
1181 5136 1236 5174 non
1251 5119 1399 5185 damnant,
1410 5135 1473 5173 cum
1501 5119 1606 5172 iaciant
1629 5119 1761 5190 idipsum.

156 5202 201 5270 llll
212 5208 341 5279 llagellati
356 5210 385 5263 in
400 5210 519 5264 concilio
533 5212 610 5263 ibunt
621 5213 780 5278 persedentes,
790 5214 923 5280 quoniam
965 5212 1011 5267 Sic
1022 5211 1106 5265 etiarn
1123 5208 1335 5279 intelligendum
1350 5213 1393 5262 est
1408 5207 1635 5278 deomnibusqui
1645 5208 1765 5263 aliorum
1824 5248 1827 5255 .

155 5290 212 5357 dont
224 5298 311 5352 llobitr'
322 5304 389 5351 sunt
403 5314 454 5365 pro
470 5301 853 5354 uorrtinelesurorrtruneh'om
865 5306 926 5368 poli
967 5300 1033 5354 vitia
1047 5297 1264 5370 reprehendunt,
1280 5297 1349 5351 etin
1364 5314 1393 5352 se
1408 5298 1506 5351 eodem
1530 5313 1585 5351 non
1602 5298 1762 5352 emendant.

153 5377 196 5441 tle
216 5390 253 5454 v),
267 5386 296 5440 id
311 5391 355 5440 est
378 5386 607 5455 flagellationem,
624 5393 652 5440 et
666 5389 876 5453 contumeliam,
898 5395 927 5443 et
967 5391 1068 5456 Inque
1083 5388 1279 5454 enirnjuelicos
1299 5388 1431 5452 etheron,
1449 5390 1566 5455 teipsum
1585 5389 1760 5440 condernnas.

150 5472 317 5540 opprobrium.
332 5474 477 5545 Superbos.
495 5475 637 5549 Superbus
656 5481 699 5530 est
713 5493 849 5547 perversa
869 5479 925 5532 cel·
967 5477 1026 5532 Hoc
1036 5476 1076 5530 ita
1085 5481 1129 5530 est
1136 5475 1366 5549 intelligendum:
1381 5476 1409 5531 Si
1420 5474 1601 5547 reprehendis
1612 5480 1641 5529 et
1651 5473 1761 5548 judicas

1281 4089 1398 4146 cheul*
1411 4090 1448 4144 ΙΙ.
