3818 6104
168 276 200 337 31
375 273 566 337 aemonis
584 271 831 334 matusala.
851 271 964 332 EPISG.
985 270 1066 329 OPP.
1086 269 1178 327 Plus
1196 270 1220 327 Ι.
1241 299 1274 312 -
1294 265 1482 326 munstur.
1503 265 1595 325 eret.
1769 268 1804 329 32

170 400 243 469 sitio¹
260 402 415 458 eteruditis
428 403 565 459 intersum
572 370 817 473 cogitationibiis.»
827 398 903 454 Etde
912 413 968 470 quo
976 400 999 458 Α
1008 412 1071 451 rain
1084 393 1282 467 temporalium
1295 394 1442 466 profundis
1451 393 1651 467 questionibus
1666 392 1805 449 desudan-

167 491 329 564 Apostolus.
341 510 352 543 i
365 492 608 564 Christuminquit
619 492 667 546 Dei
679 491 810 545 virtutem
821 495 850 543 et
863 487 914 542 Dei
924 503 968 541 sa·
1007 491 1060 542 tes.
1074 504 1086 537 s
1099 484 1194 540 Pisces
1210 484 1323 556 linquit)
1332 485 1419 541 maris
1433 482 1689 555 congregabuntur,
1707 503 1720 535 o
1736 482 1805 539 sub·

167 580 314 652 pientiam.
334 600 348 634 o
369 582 431 636 Non
454 581 607 636 habitatin
623 586 708 639 terra,
723 580 776 633 hoc
788 583 840 643 est,
852 593 909 632 non
920 593 966 631 re·
1007 573 1121 629 auditur
1134 573 1164 629 in
1180 579 1309 628 mortem.
1323 572 1404 628 Unde
1417 579 1446 627 et
1467 572 1523 626 alia
1537 572 1684 627 translatio
1694 571 1780 626 habet
1796 589 1802 624 :

169 669 289 741 quiescit
303 670 461 726 initlorum
476 670 626 734 mentibus,
643 669 691 741 qui
705 666 740 722 ab
755 669 816 739 ejus
834 667 890 721 fide
899 671 967 721 sunt
1007 662 1100 718 Pisces
1111 663 1196 716 maris
1205 663 1350 719 deficient.

168 758 265 814 alieni.
278 760 318 814 De
333 760 435 831 quibus
450 759 542 814 adhuc
555 758 692 830 sequitur.
1046 772 1058 804 ι
1071 752 1274 808 Verumtamen
1289 750 1484 822 unusquisque
1507 766 1562 805 uon
1578 751 1691 817 iudicet,
1706 756 1735 805 et
1748 765 1805 805 non

204 842 966 911 «Maledictumetmendacium‚ethomicidium‚etsur·
1007 847 1143 915 arguatur
1156 841 1207 897 vir.
1225 859 1238 894 a
1255 842 1457 895 Provocaverat
1474 856 1521 894 eos
1540 839 1714 911 superiusad
1726 839 1806 910 Judi·

167 936 270 1002 tumet
278 919 446 991 adulterium
458 935 673 990 inundaverunt.
688 933 889 988 »Maledictum
905 948 966 1004 per·
1006 933 1092 998 cium,
1107 936 1141 985 ut
1155 935 1356 1000 cognoscerent
1380 945 1410 983 se
1429 946 1462 982 ex
1476 928 1594 983 veritate
1604 927 1756 999 judicatos,
1777 933 1806 982 et

167 1022 241 1079 tinet
252 1025 288 1079 ad
303 1041 400 1078 eorum
420 1024 544 1078 convicia
562 1029 591 1078 et
614 1022 772 1095 opprobria,
794 1021 842 1092 qui
866 1025 966 1075 contra
1006 1032 1063 1076 non
1077 1018 1292 1091 perpotentiam
1306 1017 1357 1072 Dei
1371 1033 1529 1088 oppressos,
1544 1017 1594 1071 sed
1614 1023 1730 1088 propter
1744 1032 1807 1088 pee-

74 1173 77 1179 ,
167 1110 258 1167 Deum
269 1112 554 1179 tumebant‚dicentes
566 1131 591 1166 :c
604 1111 779 1167 [lamoniam
790 1108 887 1176 habes,
902 1115 962 1171 act,
1006 1115 1069 1164 catu
1088 1108 1230 1180 praeterita
1244 1106 1370 1161 hostibus
1384 1105 1513 1161 traditos.
1534 1106 1638 1160 Veram
1650 1106 1807 1176 quiadete·

167 1211 185 1249 a
199 1196 394 1251 Samaritanus
407 1214 446 1263 es,
465 1217 476 1248 a
493 1204 523 1252 et
535 1201 637 1251 caetera
650 1195 728 1250 talia.
740 1194 915 1250 Mendacium
930 1194 966 1249 ad
1007 1199 1097 1253 riores
1107 1197 1197 1252 edocti
1217 1202 1292 1255 suut,
1303 1202 1390 1251 tanta
1407 1203 1487 1251 erant
1498 1195 1705 1267 imprudentia.
1718 1201 1752 1249 ut
1770 1213 1806 1252 ne

166 1283 299 1356 hocquod
311 1285 442 1339 dixerunt
459 1304 481 1339 :r
498 1285 573 1340 Reus
587 1290 631 1340 est
642 1283 750 1350 mortis,
769 1303 782 1338 a
798 1292 836 1347 et,
847 1283 966 1337 «Hicest
1006 1287 1125 1342 convicti
1140 1286 1253 1358 quidem
1270 1282 1464 1339 verecundiam
1477 1282 1623 1338 haberent.
1644 1282 1806 1339 Prohibcta

167 1379 281 1428 vorator
291 1378 320 1428 et
333 1379 445 1444 potator
456 1374 523 1428 vini.
542 1394 553 1425 a
571 1374 762 1429 Homicidiurn
778 1373 813 1426 ad
827 1372 962 1442 hocquod
1003 1377 1089 1447 iustis
1101 1375 1221 1447 judicari
1237 1374 1358 1443 injustos
1381 1377 1408 1428 et
1424 1372 1516 1443 argui,
1533 1372 1600 1443 quia
1614 1372 1723 1442 indigni
1738 1379 1805 1428 sunt

167 1459 261 1533 ipsum
276 1463 360 1517 morti
374 1463 553 1518 tradiderunt
567 1469 596 1518 et
608 1479 705 1518 omnes
715 1462 875 1534 prophetas,
890 1460 964 1515 sicut
1005 1465 1211 1535 eorreptionem
1222 1462 1374 1533 suscipere.
1384 1461 1583 1532 Unusquisque
1593 1460 1805 1532 (iuquittjustus

167 1548 279 1622 ipseeis
291 1551 466 1624 improperat
478 1552 574 1607 dicens
588 1571 596 1608 :
611 1550 646 1605 Et
663 1567 711 1605 vos
721 1549 834 1621 implete
849 1564 964 1602 mensu·
1005 1569 1061 1609 non
1073 1553 1182 1624 judicet
1195 1551 1341 1623 injustum,
1358 1556 1388 1605 et
1401 1566 1456 1605 non
1467 1555 1604 1620 arguatur
1616 1548 1659 1604 vir
1671 1548 1775 1620 impius
1787 1566 1806 1604 a

166 1652 228 1692 ram
241 1643 353 1709 patrum
369 1646 553 1698 vestmrum.c
565 1642 690 1711 ueceego
702 1640 784 1701 mitto
793 1639 828 1693 ad
844 1654 892 1691 vos
902 1652 965 1708 pro·
1006 1643 1062 1714 pio,
1079 1642 1151 1713 quod
1164 1641 1261 1712 utique
1276 1639 1444 1694 enormitate
1458 1639 1595 1692 scelerum
1612 1637 1665 1708 ipsi
1680 1637 1760 1708 impii
1777 1642 1806 1693 et

167 1724 302 1796 Phwsst
311 1728 452 1799 sapientes
461 1734 490 1783 θῐ
498 1728 613 1794 scriba&
624 1726 838 1783 tem-Etbfflius
848 1725 995 1822 Steph8·3
1007 1732 1103 1803 injusti
1116 1747 1173 1786 non
1185 1734 1338 1785 merentur.
1353 1729 1498 1799 «Populus
1513 1727 1586 1781 enim
1597 1732 1673 1784 tuus.
1690 1727 1763 1781 sicut
1775 1727 1805 1780 hi

167 1815 350 1879 nlleuem
357 1812 965 1889 linquit)pr0phetarumnonsuntptrsecuii
1007 1817 1644 1891 quiconuadicuntsacerdotioEtestsensus:
1658 1815 1805 1887 Sicutple-

167 1908 262 1973 patres
272 1904 377 1959 vestri?
388 1906 422 1960 Et
433 1906 594 1961 occiderunt
608 1922 656 1961 eos
672 1905 719 1976 qui
739 1901 967 1976 praetuntiabant
1006 1909 1105 1965 becula
1117 1908 1280 1964 inobediens
1290 1913 1356 1961 est
1343 1906 1479 1961 sacerdoti
1483 1907 1648 1976 ,qu'usnon
1658 1904 1804 1959 vultobse·

168 1988 967 2092 (1⁰“dventltlttttffuiusmnutcwditmtstefrhomi·
1007 2016 1055 2070 qui
1047 1998 1220 2060 'mandatis
1244 2002 1273 2051 et
1290 1996 1373 2051 sicuti
1393 1995 1547 2066 discipulus
1563 1993 1727 2048 inobediens
1742 2011 1804 2047 ma-

167 2068 355 2151 eidaefuispss
351 2060 501 2153 nssii‘rtiriq
508 2073 639 2155 ἑςξῦῆςξ
651 2073 698 2156 ed
693 2074 765 2156 moos,
769 2073 844 2155 ςιξὸᾖ
850 2061 966 2156 &ipsos
1005 2088 1105 2159 gistro,
1116 2088 1156 2141 sic
1170 2086 1289 2158 populus
1301 2090 1368 2139 tuus
1378 2084 1546 2138 contradicit
1561 2082 1651 2138 verbis
1666 2083 1723 2136 oris
1737 2082 1804 2150 mei,

169 2170 198 2221 et
210 2168 283 2223 tilios
295 2186 360 2225 suos
378 2171 464 2228 furati
485 2178 561 2237 sunt,
575 2172 721 2226 diceutes·
741 2189 755 2223 a
770 2170 890 2241 Sanguis
904 2171 966 2240 ejus
1006 2183 1036 2231 et
1047 2175 1111 2231 ideo
1125 2191 1181 2229 non
1196 2180 1239 2228 est
1251 2174 1278 2228 di
1272 2173 1403 2244 ugnusvel
1417 2189 1434 2226 a
1447 2173 1594 2244 propheta,
1607 2171 1806 2242 velaquolibet

96 2318 99 2323 ¹
168 2260 664 2355 superposatsajnrttiliqsnostrpqe
671 2258 966 2359 erVekqamuiottfflt]
1006 2264 1232 2335 redarguijusto

168 2325 696 2423 Ghtiqffltaemettffitflattitptrigiptsi
698 2336 966 2420 effltffi'sffiit'
1043 2371 1055 2404 s
1073 2354 1107 2408 Et
1120 2368 1233 2406 corrues
1247 2350 1339 2417 hodie,
1352 2356 1381 2406 et
1390 2353 1501 2405 corruet
1516 2349 1600 2404 etiam
1615 2349 1752 2420 propheta
1764 2352 1805 2403 te·

166 2429 253 2498 riam,
260 2435 297 2488 ad
306 2435 513 2492 immunditiam
526 2438 570 2491 rel
582 2438 617 2492 ad
627 2437 824 2492 idololatriam.
829 2437 894 2490 llaec
908 2451 966 2490 om·
1006 2457 1080 2496 cum.
1089 2441 1247 2513 »Superius
1256 2440 1290 2494 ad
1298 2440 1463 2511 prophetam
1474 2439 1584 2493 locutus
1593 2443 1636 2492 est
1645 2437 1680 2491 de
1689 2437 1802 2509 populo,

168 2535 218 2577 ¹¹¹⁸
230 2538 261 2578 ¹¹¹
274 2522 380 2582 Judaers
400 2526 616 2591 mundaverant,
632 2526 659 2580 ld
680 2532 723 2581 est
742 2525 964 2581 abundaverant·
1007 2546 1081 2586 nunc
1098 2535 1193 2584 auteur
1209 2529 1344 2599 adipsum
1351 2527 1601 2600 populum‚deeem
1614 2526 1742 2581 videlicet
1754 2526 1805 2580 tri·

167 2608 347 2668 Perverbum
358 2615 871 2686 euiminundationis‚magnitodinem
882 2613 966 2668 scelo-
1005 2619 1068 2687 bus,
1084 2619 1168 2674 vertit
1182 2634 1350 2684 sermonem,
1375 2617 1493 2672 dicens:
1512 2633 1526 2667 a
1547 2616 1667 2670 corrues
1679 2613 1773 2679 hodie,
1789 2635 1801 2664 ι

167 2714 232 2756 rum
246 2704 396 2759 ostendit«
408 2707 443 2761 Et
455 2705 571 2776 sanguis
585 2705 749 2776 sanguinem
764 2702 966 2774 tetigitsSan-
1006 2708 1036 2763 id
1050 2714 1093 2763 est
1107 2709 1136 2762 in
1151 2707 1281 2779 prasenti
1295 2713 1432 2777 tempore,
1444 2706 1570 2759 relcerte
1584 2704 1611 2758 in
1626 2704 1800 2775 apertaluce,

165 2789 230 2861 guis
243 2793 409 2864 sanguinem
425 2796 525 2866 tangit,
537 2812 600 2850 cum
615 2794 798 2849 homicidium
813 2791 964 2847 homicidio
1005 2809 1035 2851 ee
1047 2796 1077 2852 in
1091 2797 1217 2852 omnium
1241 2796 1329 2851 oculis
1348 2794 1459 2850 duceris
1473 2794 1503 2849 in
1516 2793 1717 2865 captivitatem.
1737 2811 1748 2842 ι
1767 2790 1804 2846 lit

164 2879 305 2952 Jundimls
324 2888 353 2938 θῐ
377 2900 440 2938 cum
460 2890 607 2956 peccatum
621 2888 734 2955 peccam
749 2888 878 2954 augetur·
895 2881 964 2936 San·
1005 2891 1118 2941 corruet
1131 2885 1217 2940 etiam
1229 2885 1500 2957 prophetismum«
1513 2881 1628 2938 Duobus
1642 2881 1732 2935 modis
1743 2897 1804 2952 pos·

165 2971 261 3041 guinis
281 2972 356 3028 enim
383 2973 498 3028 nomine
512 2980 656 3045 peccatum
681 2974 855 3045 designatur,
877 2978 909 3027 ut
922 2976 965 3026 est
1005 2991 1103 3030 sumus
1117 2975 1164 3029 hic
1175 2974 1340 3046 prophetam
1356 2972 1523 3043 intelligere,
1537 2971 1581 3026 vel
1595 2970 1697 3025 falsum
1708 2969 1805 3023 videli-

167 3057 238 3115 illud
254 3079 260 3114 :
277 3060 404 3116 «libera
418 3079 463 3116 me
477 3063 512 3117 de
524 3063 718 3135 sanguinibus.
737 3083 748 3114 a
972 3031 1051 3119 Ccet
1076 3064 1253 3135 prophetam,
1283 3062 1350 3134 quia
1375 3061 1547 3132 aequivocum
1563 3062 1667 3114 nomen
1690 3063 1742 3123 est,
1760 3058 1802 3111 vel

204 3148 350 3221 «Propter
358 3150 411 3206 hoc
423 3151 533 3223 lugebit
543 3158 628 3217 terra,
639 3159 667 3207 et
676 3152 867 3207 infirmabitur
873 3150 965 3205 omnis
1005 3154 1090 3210 etiam
1105 3153 1298 3225 prophetalem
1312 3151 1491 3222 dignitatem,
1506 3149 1573 3222 quia
1593 3149 1690 3203 decem
1713 3145 1804 3202 tribus

168 3236 217 3308 qui
229 3238 339 3294 habitat
353 3239 382 3294 in
394 3257 436 3302 ea,
450 3241 478 3295 in
487 3240 578 3296 bestia
591 3241 663 3312 agri,
680 3247 709 3296 et
722 3242 750 3295 in
761 3241 873 3295 volucre
882 3240 962 3294 coeli:
1005 3241 1329 3316 postcaptivitatemnon
1344 3240 1464 3310 legimus
1478 3238 1611 3293 habuisse
1624 3236 1802 3310 prophetam.

167 3326 217 3381 sed
229 3332 258 3381 et
271 3328 361 3400 pisces
376 3330 461 3384 maris
472 3330 730 3402 congregabuntur.
745 3350 758 3382 i
775 3331 961 3402 Propterhoc,
1004 3332 1134 3397 Quandiu
1150 3331 1225 3385 enim
1240 3346 1296 3386 non
1306 3335 1373 3384 sunt
1382 3334 1470 3400 capta
1483 3326 1579 3383 dorem
1594 3324 1804 3381 tribushabue·

167 3412 236 3485 quie
243 3431 294 3486 pro
300 3415 382 3472 bonis
396 3418 527 3490 operibus
538 3419 605 3473 uitia
617 3419 748 3490 superius
757 3419 833 3473 dicta
846 3417 964 3472 inunda-
1004 3427 1071 3477 runt
1079 3421 1169 3475 Ellam
1179 3419 1345 3491 prophetam
1355 3422 1384 3473 et
1398 3418 1715 3486 Elisaeummaetemsque
1731 3413 1803 3467 tilios

166 3509 276 3571 verunt,
293 3505 400 3577 lugebit
413 3514 499 3565 terra.
512 3508 600 3562 Terra
614 3509 711 3578 lugere
727 3507 837 3562 videtur
852 3507 963 3577 quando
1005 3510 1217 3581 prophetarum,
1234 3507 1283 3579 qui
1302 3506 1541 3578 prophetaverunt
1557 3505 1586 3559 in
1610 3501 1747 3559 Samaria.
1770 3501 1804 3554 Et

164 3588 270 3647 inculta
282 3602 418 3661 remanet,
430 3596 548 3651 sublatis
555 3596 802 3655 habitatoribus.et
812 3613 873 3666 quas
881 3600 963 3649 antea
1006 3597 1119 3668 quidem
1134 3597 1196 3651 duae
1211 3595 1300 3651 tribus
1314 3595 1343 3649 iu
1354 3595 1415 3667 ipsa
1431 3593 1591 3666 captivitate
1606 3597 1635 3646 et
1649 3589 1803 3662 posteaha-

165 3680 225 3735 suis
233 3681 311 3736 latos
316 3682 477 3753 proferebat
484 3684 702 3756 sructusincipit
710 3701 808 3755 vepres
816 3699 963 3755 procreare
1005 3686 1091 3741 buere
1106 3672 1391 3757 prophetas.⁸Decem
1405 3699 1480 3748 vero,
1497 3687 1646 3753 postquam
1659 3679 1803 3733 translatae

166 3775 196 3824 et
208 3769 313 3840 spinas.
331 3772 454 3844 Ideoque
473 3772 502 3828 in
519 3773 571 3827 hoc
590 3774 651 3827 loco
674 3773 811 3828 desolatio
825 3772 920 3827 decem
936 3776 964 3826 et
1004 3780 1072 3829 sunt
1085 3774 1114 3828 in
1129 3772 1224 3828 Medos
1235 3779 1264 3828 et
1277 3773 1306 3828 in
1316 3771 1573 3834 Persasmeminem
1584 3768 1745 3824 referuntur
1755 3767 1803 3820 ha-

165 3857 286 3914 duarum
300 3859 426 3917 tribuum
437 3863 680 3934 exprimitur‚cum
693 3862 829 3917 dicitur:«
845 3862 963 3933 Lugebit
1003 3866 1097 3922 baisse
1119 3864 1294 3937 prophetam.
1311 3862 1434 3935 Ideoque
1453 3863 1494 3917 eis
1508 3861 1632 3917 dicitur:
1651 3878 1664 3912 a
1684 3859 1804 3915 Oorruet

165 3951 253 4004 terra.
266 3968 280 4003 a
295 3949 358 4006 Sive
373 3956 535 4023 perterram
550 3952 625 4024 ipsos
635 3953 650 4006 J
653 3952 747 4007 udoeos
760 3968 910 4024 possumus
918 3952 963 4006 in·
1005 3954 1091 4008 etiam
1104 3953 1352 4024 prophaetarum,
1364 3951 1420 4005 »id
1433 3955 1476 4004 est
1479 3948 1615 4020 ‚dignitas
1629 3946 1803 4020 prophetalis

165 4036 302 4111 telligere‚
324 4045 431 4095 terram
445 4050 612 4113 quaerentes,
629 4048 658 4097 et
679 4047 791 4097 terrena
810 4041 961 4113 sapientes
1004 4047 1064 4096 ate
1079 4040 1199 4113 peribit3
1210 4041 1484 4112 tolsalsiprophetae
1489 4038 1803 4111 quivobissalsampro-

166 4125 247 4181 Unde
260 4129 396 4182 etstatim
420 4131 571 4201 sequitur.
591 4149 602 4180 ι
619 4130 655 4184 Et
670 4128 861 4184 infirmabitur
871 4146 963 4184 omnis
1004 4129 1129 4202 phatiam
1147 4128 1333 4195 resolvebant,
1349 4145 1407 4183 una
1421 4128 1562 4184 vobiscum
1577 4126 1721 4198 peribunt.
1738 4143 1752 4177 a
1769 4125 1803 4178 Et

166 4210 217 4284 qni
230 4213 384 4270 habitatin
398 4233 441 4280 ea,
459 4218 536 4272 ahoe
548 4224 600 4283 est,
612 4218 660 4287 qui
673 4234 724 4289 por
737 4234 862 4272 amorem
877 4218 964 4272 etde·
1004 4224 1085 4274 nocte
1099 4219 1152 4273 ieci
1168 4225 1262 4273 tacere
1276 4223 1493 4276 matremtuam.
1503 4219 1615 4274 »Mater
1628 4217 1689 4288 ipta
1703 4214 1802 4270 ludai-

166 4300 302 4357 siderium
315 4302 353 4357 ibi
366 4310 471 4359 manet.
479 4305 759 4376 comprehensionim
775 4305 811 4360 ab
824 4305 960 4370 hostibus,
1004 4323 1037 4362 ca
1049 4307 1144 4379 plebs'
1137 4324 1166 4361 m
1180 4307 1366 4373 generalitate
1379 4306 1547 4378 appellatur
1564 4304 1627 4360 Filii
1640 4304 1725 4373 hujus
1740 4319 1801 4356 ma-

166 4390 299 4445 luxerunt
308 4396 337 4446 et
344 4391 479 4448 infirmati
494 4399 569 4454 sunt.
585 4393 717 4464 quoniam
733 4410 766 4448 ea
777 4409 838 4465 quae
852 4409 963 4448 summo
1004 4396 1056 4451 tris
1070 4395 1113 4449 vel
1128 4395 1259 4466 singulte
1277 4395 1390 4468 populo,
1407 4394 1492 4449 veihi
1507 4394 1556 4467 qui
1570 4409 1621 4465 per
1634 4391 1737 4463 oppida
1750 4392 1801 4445 vil-

167 4494 264 4534 amore
277 4480 473 4547 dilexerant‚et
483 4481 511 4537 in
522 4480 624 4553 quibus
632 4482 745 4553 gloriati
757 4482 964 4547 fuerantamit·
1004 4486 1102 4557 lasque
1112 4485 1319 4556 erautdispersi
1339 4483 1372 4539 In
1385 4490 1466 4539 nocte
1478 4499 1556 4555 ergo,
1572 4482 1600 4536 id
1613 4487 1665 4547 est,
1680 4480 1711 4535 in
1725 4485 1802 4535 teue-

164 4566 294 4625 tatone«
308 4570 340 4625 ln
349 4569 436 4625 bestie
445 4571 517 4641 agri.
531 4571 598 4626 etin
613 4572 722 4626 volucre
736 4571 963 4627 ooeliaNaturale
1003 4572 1061 4628 bris
1073 4573 1243 4645 captivitatis
1258 4578 1287 4628 et
1305 4573 1433 4628 moeroris
1444 4578 1473 4627 et
1486 4576 1639 4644 prementis
1653 4571 1801 4642 angustiae,

166 4662 220 4725 cst,
235 4663 268 4713 ut
281 4657 379 4715 beatus
394 4660 584 4732 Hiemnymus
599 4660 675 4725 dicit.
693 4666 724 4716 ut
738 4661 761 4715 si
773 4668 851 4716 terra
866 4661 902 4715 ab
916 4662 963 4716 ha·
1004 4662 1057 4718 feci
1072 4668 1167 4718 tacere
1181 4669 1301 4718 matrem
1315 4669 1404 4728 tuam,
1417 4662 1484 4734 quia
1500 4677 1556 4716 non
1566 4665 1610 4716 est
1623 4676 1694 4715 ausa
1706 4659 1801 4714 dolere

166 4746 334 4804 bitatoribus
355 4748 413 4805 suis
431 4749 518 4805 fuerit
536 4750 679 4815 derelicta,
699 4750 795 4805 bestiae
809 4767 920 4822 quoque
936 4758 965 4806 et
1005 4752 1110 4807 malum
1122 4768 1205 4807 suum
1217 4768 1311 4806 rorem
1326 4749 1463 4807 hostibus.

166 4852 232 4891 ares
246 4836 282 4891 ab
296 4853 328 4892 ea
341 4838 480 4894 deficiant.
497 4839 600 4894 altiori
623 4845 717 4894 autem
733 4855 827 4905 sensu,
848 4856 899 4911 per
914 4840 962 4895 be·
1041 4858 1055 4894 a
1072 4841 1214 4896 conticuit
1225 4841 1345 4912 populus
1360 4856 1449 4905 meus,
1464 4854 1498 4894 eo
1514 4837 1589 4910 quod
1601 4853 1659 4893 non
1672 4836 1805 4892 habuerit

166 4924 236 4981 stiae
257 4925 328 4996 agri,
357 4926 464 4982 feroces
478 4928 605 5000 populas,
630 4932 659 4982 et
676 4927 786 4982 bestiali
811 4928 963 4983 stoliditate
1003 4929 1159 4984 scientiam.
1175 4951 1187 4977 s
1205 4930 1264 4984 lloc
1278 4925 1608 5000 est‚comprehensusab
1621 4925 1749 4980 hostibus
1763 4926 1803 4978 si-

164 5030 277 5087 pressos
292 5015 446 5085 signiticat3
467 5032 518 5087 per
540 5017 665 5072 volucres
684 5033 759 5082 vero,
775 5016 918 5088 superbos.
935 5024 964 5073 et
1003 5018 1091 5075 lentio
1100 5019 1202 5083 tabuit,
1213 5035 1270 5073 non
1280 5019 1387 5074 audens
1397 5018 1438 5073 eis
1447 5032 1613 5089 repugnare.
1624 5013 1661 5069 Et
1674 5014 1804 5069 redditur

127 5118 131 5125 ·
166 5102 264 5169 elatos,
278 5119 311 5158 ac
324 5104 400 5187 loyes
414 5120 563 5175 possumus
587 5105 754 5178 intelligere.
772 5107 868 5179 quales
882 5112 964 5161 amnt
1005 5125 1090 5164 causa
1105 5125 1156 5163 cur
1169 5113 1297 5163 sanctum
1309 5108 1347 5163 sit
1355 5106 1499 5162 eissilicet
1513 5122 1546 5160 eo
1556 5102 1803 5176 quodnouhabue·

164 5191 220 5265 ipsi
229 5192 369 5258 tutatae
380 5193 544 5248 meritorum
557 5193 693 5265 dignitate
704 5196 886 5266 instanteset
895 5196 963 5251 alios
1004 5199 1043 5252 rit
1055 5197 1200 5253 scientiam
1216 5196 1287 5267 legis
1297 5197 1394 5257 Deiet
1404 5193 1597 5266 praceptallei
1607 5208 1664 5247 uon
1673 5209 1803 5247 servave-

165 5280 366 5354 despicientes;
383 5282 527 5354 perpiscas
541 5280 756 5355 maris‚ipsinon
767 5286 963 5340 inconvenien-
1004 5286 1052 5350 rit,
1067 5291 1100 5341 ut
1111 5286 1152 5341 illi
1163 5286 1280 5340 serviret
1293 5291 1323 5340 et
1336 5285 1411 5339 idola
1421 5287 1623 5339 contemneret.
1637 5281 1709 5346 Quia
1724 5281 1801 5335 enim

164 5375 210 5428 ter
221 5370 451 5442 accipiunturqui
461 5371 489 5426 in
503 5373 693 5442 profunditate
702 5375 833 5429 vitiorum
845 5375 911 5430 etin
922 5380 962 5430 te·
1004 5375 1083 5446 prius
1092 5390 1109 5429 s
1118 5374 1249 5430 laudibus
1260 5374 1309 5430 liei
1319 5391 1350 5428 os
1359 5373 1584 5444 clauserat.juste
1594 5371 1630 5425 ad
1639 5369 1801 5425 hancdere·

164 5456 258 5515 nebris
276 5466 452 5530 peccatorum
472 5461 717 5517 conversabantur.
731 5463 793 5519 Sive
804 5464 961 5536 perpisces,
1003 5463 1301 5528 nitmiseriammtuec
1311 5458 1802 5517 malumsuumirnerhostesdellere

164 5546 346 5623 philosophos
361 5548 461 5605 mundi
473 5548 673 5621 intelligamus,
685 5552 715 5608 in
721 5553 902 5630 exquirendis
916 5569 961 5609 re·
1003 5552 1132 5611 auderet.
1149 5569 1163 5606 c
1179 5552 1253 5620 Quia
1261 5558 1293 5607 tu
1304 5550 1452 5607 sciendam
1465 5550 1604 5624 repulisti,
1613 5547 1748 5621 repellam
1761 5552 1800 5615 te,
