3818 6104
133 216 204 278 llll?
344 219 533 280 HAYMONIS
552 223 796 282 HALBERSTAT.
818 224 930 281 EPISC.
951 223 1031 281 OPP.
1052 221 1145 279 PARS
1165 220 1188 278 1.
1209 247 1243 263 ·-
1262 213 1448 274 comune.
1468 212 1565 269 alan.
1698 206 1760 266 toll

133 348 307 420 designatur.
325 349 404 416 Quod
419 354 514 405 autern
524 355 588 421 post
601 351 695 422 ignem
705 351 820 423 sanguis
837 352 1041 432 sequi-ADeos
1058 348 1298 418 autquodcolitar
1314 342 1356 410 (Π
1370 342 1459 396 Thess.
1476 342 1518 407 ιι).
1535 339 1605 407 Igne
1616 334 1705 399 ardet,
1719 333 1762 388 boc

135 443 193 505 tur,
205 439 240 494 ad
248 439 457 495 damnationem
470 439 654 511 reproborum
666 441 798 511 pertinet,
815 441 881 512 quia
895 440 933 494 vi·
973 446 1025 503 est,
1041 437 1149 492 malitia
1164 441 1191 491 et
1207 433 1310 488 invidia
1324 434 1482 501 torquetur.
1500 427 1583 482 Unde
1609 431 1639 479 et
1654 424 1763 495 primum

135 527 237 584 delicet
250 530 326 584 velut
340 528 485 583 homicide
506 529 662 585 humanum
681 531 847 602 sanguinem
867 531 932 586 sun·
973 528 1116 583 hominem
1126 525 1231 580 idcirco
1241 520 1359 592 decepit,
1372 514 1683 590 quiainviditeilocnm
1694 528 1766 583 quen

133 612 243 679 dentes,
258 614 299 668 ita
310 614 380 668 tales
395 613 443 684 qui
457 613 578 669 insecuti
592 619 660 669 sunt
673 631 752 669 veros
771 616 934 687 predicato·
973 617 1034 688 ipse
1043 614 1213 687 perdiderat.
1229 611 1330 666 Missus
1340 605 1422 662 estin
1431 620 1521 671 mare,
1531 604 1647 665 hocest,
1660 599 1689 653 in
1699 616 1767 654 mun·

135 717 192 766 rea,
215 701 356 773 peribunt,
371 701 481 757 dicente
511 703 630 758 Domino
647 721 654 757 :
670 705 723 771 {lui
737 706 792 758 odil
814 706 933 773 fratrem
974 704 1053 770 duro,
1069 708 1098 757 et
1120 702 1149 756 in
1176 699 1305 756 cordibus
1329 694 1514 768 reproborum
1540 689 1766 758 habiureooepu.

134 803 227 852 suum,
242 794 365 845 censerit
378 792 488 860 judicio
500 791 607 859 (Malta.
621 791 659 863 v).
672 793 706 848 Et
725 792 850 848 loannes
863 808 868 842 τ
881 793 934 861 Oai
974 795 1099 850 canente
1113 792 1209 861 itaque
1221 787 1290 843 tuba
1299 784 1409 857 angelo.
1422 799 1504 838 mons
1518 795 1644 851 magnus
1659 778 1721 846 igne
1734 793 1769 829 ar·

136 878 194 933 odit
207 880 327 946 fratrem
341 895 435 946 suarii,
452 881 643 935 holaicr'daesl
671 882 933 951 (lloaa.111».Non
974 883 1043 938 dens
1058 878 1358 942 missusestinmare,
1384 873 1451 945 quia
1469 870 1646 944 praedicante
1660 866 1771 920 Ecclesia

137 971 233 1022 autem
247 967 363 1036 mirum,
373 968 397 1022 si
412 967 478 1023 inde
493 969 574 1034 electi
587 970 765 1025 clementiam
776 971 931 1037 inveniunt,
975 973 1004 1027 in
1013 970 1071 1027 suis
1087 966 1257 1030 doctoribus,
1274 965 1403 1020 exclusus
1417 965 1461 1016 est
1475 959 1511 1014 ab
1527 958 1573 1012 his
1584 955 1717 1011 diabolos
1731 954 1770 1023 qui

136 1056 213 1110 unde
238 1056 350 1128 reprobi
372 1057 443 1111 iram
470 1058 627 1119 incurrunt.
648 1058 757 1114 dicente
775 1060 932 1131 Apostolo:
975 1060 1109 1120 advitam
1125 1064 1259 1113 aeternam
1271 1058 1353 1108 erant
1364 1047 1559 1125 praeordinati,
1574 1051 1605 1101 et
1619 1043 1770 1115 compulsus

138 1143 283 1211 Qaiaalr'is
295 1161 393 1199 samus
406 1146 473 1199 odor
482 1149 580 1200 raorlis
603 1150 635 1200 ia
649 1153 774 1213 morteri,
790 1150 855 1202 aliia
869 1150 935 1202 odor
978 1157 1022 1205 est
1035 1149 1128 1203 redire
1142 1147 1177 1201 ad
1192 1161 1267 1210 suos,
1284 1159 1340 1198 non
1355 1140 1429 1212 quod
1442 1140 1470 1193 in
1486 1138 1528 1192 eis
1541 1141 1609 1191 ante
1618 1149 1677 1188 non
1686 1132 1769 1197 tuerit,

137 1236 199 1288 vite
214 1235 247 1288 ia
256 1236 344 1289 vitam
358 1234 397 1300 (Il
411 1233 472 1288 Gor.
487 1235 528 1303 n).
543 1234 578 1289 Et
590 1234 704 1290 Simeon
718 1235 753 1290 do
764 1235 826 1306 ipso
839 1236 937 1291 Domi·
978 1238 1025 1294 sed
1036 1235 1245 1308 quodabjeetus
1255 1231 1289 1286 ab
1302 1231 1373 1296 istis,
1387 1245 1420 1284 eo
1433 1226 1558 1299 amplius
1568 1221 1698 1295 reprobis
1706 1220 1771 1274 dam·

136 1338 193 1378 no:
210 1322 274 1376 Ecce
285 1325 392 1390 positas
401 1327 438 1376 cit
449 1324 493 1376 hio
503 1327 535 1377 in
548 1326 665 1378 ruinam
673 1329 698 1379 ct
707 1328 936 1379 resurrectionem
977 1328 1037 1383 nari
1052 1325 1145 1397 coepit.
1170 1325 1205 1378 at
1219 1325 1293 1390 saeta
1308 1326 1346 1375 est
1362 1321 1443 1374 tertia
1454 1332 1524 1386 pars
1543 1316 1636 1367 inuria
1657 1312 1769 1378 sanquis.

129 1413 293 1469 maltorum
308 1413 339 1465 in
354 1413 441 1466 lsrael
457 1412 529 1480 (Lac.
545 1414 587 1478 11).
603 1415 636 1467 ιι
647 1416 762 1468 niueam
774 1419 812 1468 cst
827 1417 858 1468 in
879 1419 934 1468 ter·
976 1418 1021 1474 Sic
1035 1415 1125 1470 visum
1140 1418 1183 1469 est
1197 1412 1237 1466 illi
1249 1411 1354 1465 sactum
1370 1408 1399 1462 in
1421 1405 1504 1470 mari,
1517 1404 1594 1458 sicut
1606 1400 1675 1455 olim
1690 1399 1771 1452 tuerat

136 1514 211 1557 rom.
227 1503 252 1553 et
267 1501 349 1553 tertio
362 1515 429 1568 pars
444 1504 523 1555 terra
530 1502 669 1555 combusta
680 1507 727 1566 est,
739 1506 764 1556 ct
779 1505 934 1572 terliapars
973 1506 1079 1560 factum
1106 1503 1136 1557 in
1164 1500 1295 1570 AEgypto,
1317 1497 1353 1551 ad
1368 1509 1515 1566 egressum
1535 1490 1662 1546 tiliorum
1682 1485 1769 1540 Israel.

136 1589 270 1645 arborum
284 1588 423 1642 ambusto
441 1593 488 1654 eal,
505 1593 529 1642 el
544 1606 623 1643 oraine
638 1590 736 1657 senam
752 1591 841 1645 viredo
863 1607 935 1645 com·
976 1594 1065 1650 Porro
1085 1607 1136 1663 per
1153 1604 1256 1660 aquam
1271 1586 1300 1641 in
1314 1583 1480 1656 sangninem
1496 1595 1619 1643 versam,
1642 1575 1771 1647 sapientia

138 1678 250 1733 bustum
261 1680 308 1729 est.
324 1676 378 1730 Per
391 1681 497 1730 terram
511 1677 617 1732 terreni
632 1678 760 1733 homines
783 1660 1097 1750 designata-Bearnalis
1115 1675 1291 1747 intelligitur,
1312 1690 1373 1744 quae
1393 1671 1423 1725 in
1450 1669 1624 1740 sanguinem
1650 1664 1769 1727 vertitur,

136 1769 194 1828 tur,
208 1779 294 1835 super
308 1779 378 1835 quos
392 1761 643 1836 iraomnipotentis
656 1764 707 1819 Dei
719 1765 859 1821 caditsed
871 1783 935 1821 cum
976 1768 1195 1840 quandoaperte
1205 1764 1280 1818 malo
1290 1758 1539 1834 agerepersuadet,
1552 1772 1613 1810 non
1627 1755 1717 1809 solum
1730 1769 1771 1806 eos

136 1853 309 1919 dictumest,
330 1852 405 1923 quod
420 1852 503 1906 tertia
530 1869 595 1924 pars
620 1858 703 1908 terre
722 1852 931 1922 combustaest,
976 1858 1024 1929 qui
1038 1861 1116 1911 extra
1127 1850 1350 1916 Ecclesiam,sed
1379 1849 1464 1904 etiam
1488 1845 1642 1902 haereticos
1655 1843 1772 1898 etialsos

135 1941 176 1996 sic
189 1940 327 2007 videatur,
343 1941 403 1996 haec
431 1940 516 1996 verba
540 1957 650 2008 sonare,
666 1943 747 2013 quasi
772 1943 801 1998 in
824 1942 933 1999 duabus
975 1946 1143 2001 christianos
1155 1942 1203 2014 qui
1218 1956 1284 1996 suas
1296 1939 1454 1993 voluntates
1468 1935 1550 2006 sequi
1570 1933 1768 1997 desiderantes,

135 2029 264 2102 partibus
292 2030 444 2084 electorum
471 2030 566 2101 plnres
592 2032 791 2094 remanserint,
807 2048 890 2103 quom
904 2032 934 2088 in
974 2035 1123 2089 defendere
1136 2048 1165 2085 se
1177 2031 1390 2098 conantur,'pcr
1404 2041 1484 2081 suam
1495 2022 1670 2095 sapientiam
1683 2021 1770 2075 atina·

134 2118 220 2174 tertia
235 2118 379 2190 perierint,
391 2119 440 2172 sed
455 2134 511 2172 non
527 2122 569 2172 est
583 2117 632 2183 ita,
644 2119 710 2189 quia
725 2119 930 2191 scriptumest:
974 2140 1039 2178 nem
1050 2119 1265 2194 philosophiam.
1275 2116 1354 2172 Unde
1365 2114 1501 2186 scriptum
1514 2120 1555 2167 est
1570 2130 1577 2165 :
1595 2113 1701 2166 littera
1711 2113 1770 2163 acci·

136 2207 218 2263 Multi
228 2213 295 2262 sunt
309 2207 408 2273 vocati,
424 2206 508 2277 pauci
522 2222 588 2260 vero
601 2207 693 2262 electi.
710 2206 743 2261 In
759 2208 867 2263 duobus
879 2210 933 2264 ita-
974 2214 1025 2276 dil,
1040 2214 1156 2280 ιριιιιιιι
1171 2213 1263 2262 aulem
1279 2208 1397 2272 vivificat
1412 2206 1452 2268 (ΙΙ
1478 2205 1543 2258 Cor.
1564 2203 1621 2268 ιιι).
1642 2200 1677 2254 Et
1690 2199 1729 2253 sic
1739 2197 1768 2251 ad

137 2313 192 2368 que
205 2294 332 2367 partibus
346 2294 624 2366 comprehenduntur
636 2312 734 2350 omnes
744 2295 819 2361 boni,
832 2298 878 2367 qni
893 2298 934 2352 di·
975 2299 1185 2372 perversitatem
1203 2295 1308 2350 erroris
1322 2294 1440 2348 vertitur
1453 2291 1597 2362 sapientia
1608 2289 1771 2343 carnis'l'er·

135 2385 187 2440 visi
200 2381 267 2439 sunt
279 2384 310 2438 in
325 2383 400 2437 duali
416 2399 544 2450 numero,
555 2382 584 2438 id
594 2383 684 2440 estin
694 2385 817 2454 praelatis
827 2392 855 2441 et
866 2387 934 2441 sub·
974 2389 1015 2445 tia
1029 2394 1123 2443 autem
1139 2403 1204 2459 pars
1214 2392 1350 2440 creatura
1360 2399 1421 2454 quae
1436 2387 1549 2435 mortua
1580 2384 1625 2433 est
1645 2376 1769 2441 inmari,

133 2473 226 2544 jectis,
243 2473 271 2527 in
286 2471 516 2544 predicatoribus
531 2476 560 2526 et
576 2472 761 2540 auditoribus,
778 2474 812 2528 de
831 2475 933 2545 quibus
973 2476 1126 2532 secundum
1136 2465 1772 2546 praedictumsensum,intelliguntnrhaeretici,

135 2561 399 2634 supradictumest:
426 2561 528 2615 Beatus
542 2561 589 2632 qui
615 2562 682 2632 legit
710 2568 738 2616 et
759 2563 838 2619 audit
851 2564 934 2619 verba
973 2565 1035 2620 salsi
1048 2562 1203 2626 christiani,
1223 2561 1335 2633 pagani.
1350 2565 1378 2614 et
1389 2559 1489 2624 ludaei,
1512 2557 1574 2628 qui,
1602 2555 1669 2610 licet
1687 2555 1772 2608 vivant

135 2650 290 2723 prophetiae
314 2650 408 2720 hujus.
423 2649 456 2704 In
475 2650 872 2722 tertiaautemparteomnes
891 2670 933 2708 re·
973 2669 1099 2725 corpore,
1116 2651 1220 2706 mortui
1235 2655 1302 2705 sunt
1323 2649 1471 2710 inanima,
1500 2651 1529 2700 et
1555 2647 1588 2699 in
1607 2646 1661 2699 hoc
1676 2642 1772 2698 mundo

135 2738 226 2812 probi,
234 2739 264 2794 id
276 2743 321 2794 est
342 2739 477 2804 haeretici,
488 2739 600 2811 pagani,
624 2740 723 2806 ludaei,
742 2747 770 2796 et
783 2741 846 2796 salsi
858 2742 933 2796 chri·
973 2742 1046 2796 versi
1061 2740 1165 2796 suntin
1178 2739 1356 2810 sanguinem,
1370 2737 1461 2800 idest,
1476 2735 1507 2789 in
1536 2733 1770 2805 perpetrationem

135 2827 230 2884 stiam.
244 2828 334 2899 Super
347 2827 398 2883 hos
413 2843 510 2882 omnes
522 2828 641 2899 grando,
656 2828 685 2882 id
704 2834 747 2883 est
759 2829 803 2883 ira
815 2830 877 2895 Dei,
889 2846 934 2885 ve·
974 2831 1113 2887 malorum
1128 2844 1256 2902 operum,
1270 2844 1331 2898 quae
1342 2833 1373 2881 ut
1382 2825 1514 2891 diximus,
1529 2822 1771 2894 designanturper

135 2917 179 2972 nit
192 2922 222 2971 et
235 2916 309 2986 ignis
322 2921 434 2971 aetcrnae
446 2916 645 2983 damnationis,
661 2933 726 2972 cum
738 2918 885 2988 sanguine,
904 2919 932 2972 id
973 2918 1150 2989 sanguinem.

136 3010 188 3072 est,
200 3005 322 3060 vindicta
336 3005 478 3060 homicidii
506 3012 535 3060 et
561 3012 726 3061 caeterorum
746 3013 933 3077 peccatorum,
1014 3009 1046 3063 ιι
1058 3010 1142 3062 tertia
1152 3009 1346 3077 parrhasium
1359 3000 1665 3058 iniereariavesecin
1678 3000 1770 3056 bonam

136 3111 199 3166 qne
213 3109 264 3165 per
275 3093 440 3164 sanguinem
470 3094 676 3165 intelliguntur,
691 3095 772 3166 juxta
788 3095 874 3150 illud:
894 3097 936 3151 Li·
976 3102 1085 3168 partem
1100 3101 1253 3167 ponuntur,
1269 3100 1298 3148 et
1309 3095 1339 3148 in
1353 3093 1467 3147 malam.
1481 3090 1517 3146 In
1532 3090 1649 3157 bonam,
1665 3095 1698 3144 ut
1710 3089 1770 3159 legi·

137 3184 201 3236 bera
217 3198 259 3235 me
272 3183 304 3235 de
317 3183 502 3248 sanguinibus
527 3184 613 3252 (Psoi.
637 3185 672 3250 n).
696 3183 800 3238 Verum
820 3184 873 3238 hoc
892 3189 935 3239 est
974 3202 1038 3240 mus
1048 3186 1077 3240 in
1092 3183 1252 3255 Evangelio,
1269 3183 1343 3254 quod
1367 3183 1505 3236 Ilorninas
1519 3182 1672 3234 ascendens
1686 3183 1716 3232 ιιι
1730 3194 1770 3232 aa·

135 3275 224 3336 terra,
237 3267 312 3338 quod
332 3268 456 3334 arbores,
472 3270 501 3323 id
528 3276 571 3324 est
585 3271 724 3326 malorum
740 3288 860 3327 summa.
877 3273 933 3344 Ipsi
974 3278 1041 3340 υίιιι,
1053 3275 1121 3329 abiit
1132 3272 1321 3340 translretum
1332 3272 1431 3339 (liare.
1446 3270 1533 3339 ιι).Ιιι
1548 3267 1668 3334 malam,
1679 3273 1711 3323 ut
1723 3267 1766 3321 bia

136 3358 213 3414 enirn
226 3361 293 3412 sunt
306 3362 383 3411 terra
397 3364 553 3427 quarentes
563 3363 686 3424 terrena,
698 3360 751 3431 ipsi
764 3377 874 3431 quoque
891 3378 934 3415 ar·
974 3364 1071 3421 Tertia
1084 3369 1178 3418 autem
1191 3378 1256 3433 pars
1274 3361 1387 3415 navium
1396 3359 1425 3413 in
1441 3357 1587 3430 praedictis
1599 3357 1736 3412 hereticis
1747 3360 1769 3410 et

135 3446 218 3502 bores
232 3443 417 3500 instabilitate
430 3450 573 3512 nutantes,
589 3446 624 3501 de
638 3446 739 3517 quibus
753 3465 803 3519 per
816 3452 935 3520 Aposto-
974 3453 1083 3508 catoris
1092 3451 1269 3521 intelligitur.
1285 3449 1334 3520 qui
1348 3447 1455 3518 absque
1468 3446 1668 3516 gubernatore
1685 3446 1767 3500 serun-

135 3536 196 3591 lum
211 3535 315 3590 dicitur
330 3561 335 3592 :
354 3535 390 3589 lli
415 3541 481 3590 sunt
508 3535 622 3590 arbores
638 3538 827 3604 autumnales,
842 3538 933 3594 infru·
974 3547 1031 3605 tur,
1048 3540 1166 3610 ideoque
1177 3540 1206 3593 in
1218 3537 1289 3592 isiaci
1302 3537 1384 3592 istius
1398 3535 1495 3590 secoli
1507 3536 1645 3590 fluctibus
1660 3534 1768 3589 tundun-

135 3631 248 3688 ctuosae,
262 3624 419 3689 eradicatae,
435 3623 477 3678 bis
501 3630 627 3679 mortuae.
643 3625 723 3689 Quod
742 3631 837 3680 autem
850 3643 933 3682 omne
974 3637 1021 3685 tur
1036 3636 1064 3684 et
1078 3628 1308 3699 submerguntur.
1737 3610 1741 3617 ⁴

134 3715 230 3770 tenum
241 3714 331 3769 viride
344 3713 520 3768 combustum
536 3730 598 3768 esse
611 3714 723 3781 dicitur,
738 3715 858 3787 repetita
872 3732 933 3770 sen·
1009 3720 1042 3773 ιι
1058 3722 1156 3772 tertius
1176 3720 1291 3785 angelus
1319 3718 1384 3770 taba
1396 3716 1505 3781 cecina,
1519 3720 1545 3768 ct
1561 3715 1661 3769 cecidit
1674 3715 1705 3767 dc
1717 3714 1766 3768 colo

134 3803 225 3860 tentia
239 3806 292 3869 est,
303 3801 332 3856 in
346 3800 432 3857 tertia
441 3807 521 3873 parte
536 3801 651 3868 scilicet,
662 3803 736 3857 sicut
745 3810 774 3858 et
788 3821 883 3875 supra,
904 3804 932 3858 id
973 3807 1269 3875 stellamapaaardens
1281 3811 1414 3873 tuaquom
1423 3805 1530 3871 [acala
1539 3803 1624 3868 Quod
1639 3804 1713 3858 enim
1723 3802 1766 3874 pri·

135 3899 179 3951 est
192 3896 350 3948 memorata
363 3907 428 3962 pars
442 3891 581 3946 malorum
607 3892 655 3963 qui
669 3893 764 3947 senum
783 3899 859 3957 sunt,
880 3893 932 3948 boc
973 3913 1036 3950 mus
1051 3896 1178 3966 angelus,
1195 3896 1248 3949 hoc
1261 3894 1400 3948 secundus
1413 3898 1442 3948 et
1455 3892 1560 3947 tertius
1581 3899 1610 3947 et
1628 3892 1729 3958 ceteri,
1744 3888 1766 3943 id

134 3980 348 4049 est,illaeebrosi
361 3986 390 4034 et
403 3980 931 4053 voluptuosi,luauriamsuamsequen·
973 3991 1024 4050 est,
1031 3985 1196 4039 universalis
1204 3983 1332 4038 Ecclesiae
1345 3981 1555 4055 predicatores.
1576 3982 1634 4037 Sed
1653 3979 1765 4053 quiasibi

134 4077 187 4128 tes.
203 4072 244 4126 De
257 4069 506 4141 talibuspropheta
521 4068 589 4123 dicit
604 4090 609 4123 :
629 4070 797 4124 Ornoirearo
821 4072 929 4138 scitura,
972 4073 1091 4127 invicem
1102 4073 1264 4138 succedunt,
1274 4072 1356 4127 sicuti
1367 4070 1765 4143 martyresapostolis,ipsiqne

134 4167 159 4216 el
171 4163 260 4215 omnia
274 4162 366 4227 gloria
385 4161 443 4226 ejvs
456 4163 486 4212 ut
502 4162 551 4227 slas
564 4160 625 4226 seni
637 4160 699 4226 (lsa.
716 4158 773 4229 ιιι).
790 4159 850 4223 Quo
865 4175 932 4213 con·
973 4161 1144 4233 martyribus
1155 4164 1328 4218 consessores
1343 4165 1371 4215 et
1384 4160 1519 4231 virginee,
1536 4160 1603 4214 ideo
1616 4160 1712 4214 taliter
1723 4159 1766 4213 dis

134 4255 178 4305 tra
196 4267 202 4302 :
219 4248 273 4311 Qui
287 4248 322 4301 de
336 4247 456 4318 panibus
476 4245 527 4300 Dei
545 4246 718 4312 reficiuntur,
735 4264 820 4319 super
833 4249 1150 4321 senuthinguuntur‚
1170 4255 1203 4306 ut
1216 4250 1328 4305 dicatur
1350 4248 1468 4319 primus,
1489 4249 1647 4314 secundus,
1667 4250 1764 4312 tertius,

134 4334 325 4401 discumbunt,
339 4335 406 4404 qnia
421 4351 518 4389 omnes
532 4335 563 4389 in
585 4351 615 4389 se
629 4336 756 4391 carnales
774 4336 931 4408 voluptates
972 4345 1001 4394 et
1012 4340 1114 4394 caeteri¹
1127 4341 1191 4411 lpse
1203 4345 1299 4393 autern
1311 4338 1475 4409 designatur
1485 4353 1537 4408 per
1549 4338 1676 4406 stellam,
1691 4338 1766 4410 quiet

133 4425 332 4496 comprimunt.
973 4446 1024 4500 per
1036 4434 1171 4495 montem,
1196 4428 1331 4499 antiquus
1358 4426 1487 4481 videlicet
1510 4425 1614 4492 hostie,
1637 4428 1687 4499 qui
1705 4428 1766 4481 inter

169 4513 541 4580 Etsccoadusaapclustaba
560 4515 666 4575 cecinit,
678 4518 845 4583 etlaaqaam
854 4532 932 4570 morta
973 4523 1074 4574 caetera
1100 4518 1162 4572 coeli
1180 4518 1257 4572 clara
1275 4515 1383 4571 lumina
1400 4521 1522 4577 creatus,
1540 4516 1669 4587 primum
1688 4517 1766 4571 adhuc

133 4621 253 4674 magnas
269 4602 446 4672 tancardcor
460 4605 610 4656 missurast
625 4604 656 4655 ιη
678 4617 764 4656 mare.
778 4603 858 4658 Mons
870 4619 931 4658 ma·
972 4611 1085 4661 tantum
1098 4622 1202 4660 nomen
1216 4606 1328 4670 retinet,
1354 4619 1410 4659 non
1425 4603 1500 4675 quod
1513 4603 1621 4671 luceat,
1644 4607 1693 4660 sed
1711 4605 1767 4677 quia

132 4712 207 4770 gnus
216 4699 261 4752 est
273 4692 410 4756 diabolus,
428 4692 476 4764 qni
489 4708 519 4746 se
534 4691 642 4746 extollit
651 4691 680 4745 in
691 4692 869 4747 altitudinem
886 4710 931 4747 sn·
971 4695 1000 4750 in
1020 4695 1151 4767 angelum
1171 4695 1241 4749 lucis
1260 4710 1289 4748 se
1308 4693 1502 4764 transfigurat.
1522 4693 1599 4749 Nam
1620 4700 1650 4749 et
1664 4695 1695 4749 in
1707 4693 1765 4748 caelo

131 4784 245 4858 perbiae,
261 4784 336 4839 unde
350 4783 421 4837 etin
437 4781 574 4854 principio
589 4798 646 4836 sue
668 4781 818 4836 creationis
841 4782 929 4838 voluit
970 4785 1052 4839 stella
1068 4800 1172 4854 magna
1185 4777 1295 4838 Lucifer
1309 4781 1477 4854 appellatur,
1498 4797 1563 4852 quae
1580 4799 1640 4854 pre
1670 4782 1765 4838 ceteris

91 4928 95 4936 ,
133 4873 194 4927 heri
208 4873 306 4928 similis
318 4872 360 4927 illi
374 4872 409 4927 de
424 4887 479 4942 quo
489 4871 624 4942 scriptum
638 4876 680 4924 est
696 4892 702 4925 :
719 4871 781 4925 Erit
796 4874 828 4925 in
842 4874 930 4926 noeis·
969 4874 1052 4929 lucet.
1067 4873 1101 4926 Et
1110 4873 1146 4926 ad
1155 4873 1247 4944 ipsum
1258 4888 1308 4942 per
1315 4870 1420 4925 lsaiam
1431 4870 1550 4925 dicitur:
1563 4873 1704 4939 Quomodo
1712 4872 1764 4926 ceti·

133 4963 212 5014 sionis
225 4963 319 5015 dietas
328 4966 588 5030 preparatusmons
600 4961 698 5015 dorrras
707 4961 821 5014 Danant
832 4964 930 5015 ineer-
969 4964 1045 5027 diali,
1058 4963 1177 5028 Lucifer,
1190 4964 1240 5029 qui
1249 4976 1330 5013 ariane
1344 4960 1478 5013 oriebaris
1494 4961 1561 5024 (Iso.
1570 4960 1650 5024 xlvi?
1664 4961 1698 5015 Et
1709 4960 1763 5031 qnia

132 5050 182 5101 tice
192 5051 342 5114 mantiam,
358 5052 450 5104 dicens
466 5069 473 5103 :
489 5049 642 5106 Asanam
655 5065 737 5117 super
748 5050 929 5103 altitudinem
970 5051 1055 5105 etiam
1066 5049 1240 5121 praecaeteris
1253 5047 1402 5111 sideribus,
1415 5047 1499 5101 idest
1518 5048 1657 5118 angelicis
1670 5048 1762 5121 spiriti·

133 5137 263 5200 nubium,
279 5142 303 5190 ct
317 5152 362 5190 ero
376 5140 479 5192 similis
492 5140 634 5193 altissimo
648 5140 708 5192 ’lsa-
718 5151 738 5192 ιι
755 5142 782 5191 et
796 5141 861 5206 ιιι).
877 5137 928 5193 Vel
969 5137 1021 5193 bus
1031 5139 1110 5204 luxit,
1121 5143 1196 5192 recte
1206 5153 1262 5191 non
1274 5136 1442 5207 simpliciter
1455 5135 1548 5201 stella,
1563 5137 1613 5191 sed
1621 5154 1685 5192 cum
1694 5135 1762 5191 addi-

131 5225 218 5282 etiam
229 5229 465 5294 proptereamons
475 5228 642 5298 appellatur,
659 5227 764 5297 quiain
775 5227 927 5281 novissimo
968 5233 1095 5282 tamenta
1110 5226 1191 5282 stella
1206 5242 1309 5296 magna
1323 5232 1448 5279 vocatur.
1460 5225 1570 5279 Cecidit
1579 5225 1615 5279 de
1627 5227 1704 5289 coelo,
1719 5226 1762 5278 hoc

129 5320 257 5389 tempore
265 5313 439 5384 ingredietur
451 5315 591 5384 perditum
602 5316 787 5381 hominem‚et
796 5316 856 5387 ipse
866 5314 927 5370 Deo
968 5322 1019 5381 est,
1035 5317 1070 5370 de
1085 5316 1218 5370 societate
1233 5315 1407 5385 angelorum,
1422 5314 1504 5383 juxta
1519 5312 1615 5367 illud:
1650 5316 1761 5369 Videbam

128 5404 251 5462 similem
264 5419 295 5458 se
309 5418 370 5458 esse
383 5402 522 5466 ostendet,
532 5405 613 5473 juxta
622 5405 696 5476 quod
707 5406 858 5477 Apostolus
866 5405 923 5459 ait:
967 5404 1334 5473 Salariamquusisulgarrle
1345 5405 1408 5457 calo
1419 5403 1561 5456 radanem
1573 5404 1641 5469 (Lae
1653 5406 1689 5461 xl.
1700 5400 1761 5466 Quia

126 5495 327 5570 adversabitur
338 5497 365 5552 et
386 5492 532 5550 ιιιοιιιιυν
545 5507 628 5564 saper
641 5509 720 5550 omae
734 5497 807 5564 qaod
819 5497 927 5551 dicitur
966 5511 1032 5550 vero
1043 5500 1193 5566 postquam
1208 5492 1308 5551 cecidit
1327 5492 1452 5548 humano
1473 5491 1574 5564 generi
1587 5491 1698 5563 invidit,
1712 5505 1761 5545 me
