3818 6104
147 279 195 338 32t
615 274 824 335 salaberta
842 273 882 329 lN
901 272 1058 352 CANTIOA
1078 276 1323 355 cadulcoauu.
1733 282 1789 341 322

147 404 236 459 sancti
250 404 380 459 doctores
394 420 523 459 mammae
542 409 618 471 sunt,
640 403 667 456 id
692 406 735 455 cst
754 395 872 468 simplici
894 397 945 445 do·
955 399 976 457 Α
988 397 1127 458 emittens.
1146 401 1194 470 qui
1209 400 1251 454 bis
1265 402 1295 456 in
1309 419 1384 458 anuo
1399 404 1549 475 colligitur,
1566 405 1595 459 in
1609 408 1745 461 auttrmno
1760 413 1790 462 et

146 495 237 547 ctrina
257 494 380 547 bumilcs
399 493 546 555 nutriuut;
568 492 641 546 oculi
663 495 738 545 sunt.
755 505 819 543 cum
834 504 946 542 summa
987 503 1059 541 vere.
1072 489 1102 542 ln
1114 491 1270 543 autuutuali
1282 492 1445 547 collectione
1456 501 1650 564 preparantur
1664 494 1789 562 arbores,

147 598 263 653 quaeque
280 587 309 635 et
332 581 455 635 coelestia
474 581 634 652 praedicant.
651 579 699 634 tiit
718 594 785 647 ergo
802 595 808 630 z
826 597 836 627 ι
855 576 945 639 Quam
985 576 1080 630 incisis
1095 577 1244 632 corticibus
1265 580 1485 650 flagrantissimo
1502 583 1608 637 astatis
1629 584 1739 646 ardore,
1757 600 1790 639 ac

147 671 270 741 pulchrae
278 674 345 724 sunt
355 676 556 733 uiarnmaetuae,
567 686 648 724 soror
656 684 718 722 mea
726 682 843 739 sponsa3
854 664 881 717 id
892 668 943 727 est,
986 662 1026 717 sic
1036 665 1198 734 prosiliente
1209 685 1307 737 spuma
1318 670 1424 740 pingui.
1433 688 1494 741 quae
1504 678 1635 726 currereta
1644 671 1788 741 densatur,

149 775 228 829 quam
240 758 350 829 pulchri
361 758 565 813 suntdoctores
576 759 627 816 tui.
640 757 773 828 quoniam
784 770 876 809 sermo
887 753 946 806 illo·
986 751 1034 806 ubi
1058 761 1159 807 natura
1182 755 1233 809 loci
1251 764 1356 826 poscat,
1373 766 1465 829 tegete
1490 759 1600 830 palmea
1622 761 1788 831 excipiente.

148 861 205 900 runt
220 852 249 900 ct
260 847 374 917 eloquio
384 846 548 916 praeemiuet
570 856 597 899 et
608 846 731 916 pondere
742 858 873 897 sensuum
886 857 946 911 pre·
986 840 1066 904 Quod
1079 842 1106 896 in
1122 843 1222 898 arbore
1237 845 1325 910 haesit,
1339 846 1413 901 terro
1429 848 1595 919 depectitur.
1613 848 1733 919 ideoque
1748 851 1787 904 ri·

150 933 233 989 tiosus
255 942 309 989 est.
324 958 335 980 a
351 933 516 988 Pulcttriora
530 943 595 988 sunt
613 932 701 989 ubera
714 942 763 986 tua
779 931 850 983 rino.
866 950 877 977 i
894 928 945 982 llic
986 927 1068 982 detur
1081 931 1232 985 corticeum
1248 950 1309 987 esse
1327 934 1519 1004 purissimum.
1535 936 1562 989 id
1578 944 1621 990 est
1637 938 1788 993 candidum

151 1023 298 1077 versiculus
309 1024 368 1092 jam
385 1023 513 1093 superius
528 1023 670 1094 expositus
685 1028 736 1083 est,
753 1018 799 1073 ubi
815 1017 918 1071 dicitur
936 1035 942 1069 ε
985 1017 1060 1071 tbus.
1078 1019 1206 1073 Secunda
1217 1021 1358 1075 vindemia
1368 1031 1411 1076 est
1425 1038 1500 1088 vere,
1518 1025 1552 1078 ad
1565 1042 1626 1080 eam
1640 1027 1732 1081 bieme
1745 1027 1789 1083 in·

154 1110 295 1165 «Meliora
310 1118 377 1165 sunt
391 1111 478 1165 ubera
491 1120 541 1166 tun
556 1111 627 1165 rino.
646 1128 659 1163 s
677 1110 710 1163 Et
723 1109 774 1162 boc
789 1106 944 1161 notandum
985 1105 1050 1160 cisis
1064 1109 1222 1173 corticibus,
1236 1110 1352 1165 rubrum
1364 1113 1417 1166 boc
1427 1114 1493 1172 exit.
1506 1131 1556 1167 nec
1566 1119 1787 1186 comparandum

154 1200 219 1269 quod
231 1200 354 1253 Ecclesia
365 1199 494 1270 superius
506 1199 593 1253 ubera
603 1197 698 1269 sponsi
712 1197 756 1250 sui
770 1194 895 1249 laudarit
905 1194 946 1247 di·
986 1195 1081 1264 priori.
1097 1197 1229 1251 Creditur
1243 1204 1271 1251 et
1295 1200 1409 1254 novellae
1433 1201 1541 1255 arboris
1556 1204 1701 1258 candidius
1714 1223 1786 1267 esse.

154 1302 230 1342 oens:
252 1308 262 1337 r
285 1288 400 1342 Meliora
414 1295 482 1342 sunt
504 1287 591 1342 ubera
605 1294 655 1341 tua
675 1286 749 1346 irino,
765 1305 777 1332 i
793 1299 866 1337 nunc
880 1300 945 1337 sero
986 1282 1034 1336 sed
1050 1284 1151 1338 veteris
1162 1285 1314 1340 odoratius.
1330 1287 1410 1350 Quod
1425 1305 1458 1341 ex
1470 1305 1503 1342 eo
1519 1291 1691 1345 rotunditate
1700 1299 1788 1362 guttas

153 1376 263 1432 uicissim
280 1393 401 1447 sponsus
415 1391 524 1446 sponsae
543 1392 600 1429 suae
615 1375 701 1429 ubera
716 1371 833 1433 extollit,
852 1377 883 1424 ut
896 1385 947 1440 per
986 1373 1128 1443 pependit,
1142 1376 1294 1428 musculum
1307 1392 1453 1435 rocamus;
1471 1384 1581 1446 guttam
1595 1395 1731 1434 concussu
1741 1381 1788 1435 eli·

151 1465 197 1519 boc
210 1465 305 1519 unitas
319 1464 422 1518 Christi
443 1471 472 1518 et
487 1464 613 1517 Ecclesiae
625 1461 847 1516 commendetur.
864 1458 945 1513 Chri·
987 1476 1058 1526 sam,
1075 1478 1206 1516 mannam
1222 1479 1381 1517 vocamus:

147 1558 205 1607 stus
220 1554 295 1606 enim
311 1559 396 1623 capiat
411 1558 463 1610 est.
480 1557 509 1605 et
525 1551 644 1605 Ecclesia
658 1566 760 1620 corpus
774 1549 836 1618 ejus
851 1564 856 1598 :
874 1564 944 1617 prac-

144 1641 219 1697 cellit
231 1640 307 1694 euim
318 1641 430 1695 initium
440 1639 644 1711 predicationis
654 1637 818 1708 evangelicae
827 1636 944 1705 legalem

137 1728 322 1785 sententiam.
344 1749 355 1778 ι
376 1730 410 1783 Et
425 1728 494 1782 odor
509 1735 716 1798 unguentorum
731 1732 843 1781 tuorum
859 1741 945 1796 super

134 1819 238 1873 oxnnia
256 1822 394 1871 aromata.
406 1816 578 1886 »Unguenta
590 1815 717 1870 Ecclesia
732 1821 798 1868 sunt
812 1812 944 1868 doctrina

130 1905 266 1961 coelcstis
280 1904 460 1966 charismata,
477 1904 616 1958 ueletiam
633 1904 706 1957 larcia
720 1903 865 1962 uirtutum,
883 1918 944 1972 qum

121 1994 185 2051 de
199 1994 316 2048 Ecclesia
331 1993 456 2063 fragrat3
472 2001 600 2046 aromata
615 2008 679 2045 vero
694 1990 889 2061 intelliguntur
903 1991 943 2043 le·

112 2084 223 2154 gates
244 2081 460 2136 observationes.
482 2081 573 2151 Super
590 2087 715 2134 aromata
737 2096 804 2149 ergo
819 2084 862 2132 est
876 2078 945 2132 odor

111 2178 353 2240 unguentorum
375 2169 511 2232 Ecclesiae,
532 2168 597 2238 quia
612 2168 688 2223 sauia
700 2167 864 2238 euangelica
880 2183 944 2237 per-

109 2256 273 2312 fectionis
289 2258 464 2312 transcendit
477 2273 588 2311 omnem
607 2257 718 2312 laudem
734 2257 833 2327 legalis
847 2255 946 2309 obscr-

109 2348 274 2401 vasonis.

194 2436 303 2490 ‹Farus
316 2435 457 2491 distillans
471 2435 545 2491 labia
556 2442 616 2499 tua.
633 2451 745 2506 sponsa.
768 2453 781 2487 i
797 2434 887 2488 Favus
902 2439 944 2486 est

109 2525 241 2577 melin
251 2541 322 2578 cera.
337 2525 495 2580 stelantem
509 2525 537 2578 in
549 2541 613 2577 cera
622 2529 666 2578 est
679 2523 834 2593 spiritualis
844 2522 945 2575 intelli·

109 2614 240 2679 gentis
250 2615 278 2667 in
289 2614 393 2667 littera.
408 2613 492 2667 Labia
502 2630 569 2683 ergo
580 2611 707 2667 Ecclesiae
718 2612 796 2665 larus
805 2611 945 2665 distillans

109 2711 289 2765 vocantur,
309 2701 376 2772 quia
395 2700 484 2754 sancti
499 2700 636 2762 doctores,
656 2699 703 2769 qui
719 2714 768 2769 per
783 2698 855 2752 labia
870 2697 945 2751 desi·

110 2799 278 2856 wittae,
293 2790 451 2861 spiritualia
464 2790 631 2843 documenta
647 2787 793 2858 proferunt
806 2786 945 2840 instrucn-
985 2849 1050 2886 wo
1065 2833 1246 2887 lonsctiae
1286 2835 1410 2888 uiaevan
1432 2835 1550 2889 elim
1568 2837 1588 2890 ,t
1608 2837 1627 2891 t,
1674 2839 1680 2849 ,

118 2870 345 2933 districtibus.
360 2878 417 2932 Nec
432 2877 522 2930 solum
538 2877 626 2939 larus,
641 2875 689 2929 scd
705 2875 789 2928 ctiam
805 2874 945 2928 distillans
981 2920 1012 2974 ,10
1028 2851 1308 2976 ωυηίωζοεῐῆζιᾳυῐ
1318 2939 1352 2975 ηρ
1374 2941 1390 2976 u
1412 2851 1514 2977 {mm
1535 2854 1604 2936 ,Μ
1621 2855 1644 2892 ¹⁵
1658 2855 1786 2981 ⁸¹g¹¹lff⁰uss

127 2965 521 3020 voantursscelesiaetahia.
539 2963 661 3018 Distillat
682 2963 756 3016 enim
777 2963 942 3021 larus.cum
985 3010 1068 3063 8η
1095 3029 1102 3039 ἱ
1117 3011 1152 3064 sd
1209 2962 1215 2977 “
1249 2958 1280 3064 ‘th
1301 3011 1317 3063 Ι,
1345 2941 1371 2993 'q
1393 2941 1414 3023 θ,
1436 3014 1451 3065 ΙΙ
1479 2942 1784 3068 ¹⁴¹⁰¹i¹ff⁰q⁰⁰m⁸¹g¹¹¹

133 3054 239 3107 mellis
253 3054 332 3125 copia
350 3052 506 3107 exuberans
523 3052 581 3122 jain
596 3066 652 3104 non
668 3057 759 3121 potest
781 3051 867 3104 cereis
882 3067 945 3121 cap·
1002 3027 1102 3080 pmm'
1128 3028 1134 3063 ¹
1157 3028 1247 3065 emm
1282 3028 1543 3067 ⁰¹⁰²¹mv¹⁰mau
1569 3031 1785 3087 mumpemva'

141 3141 220 3196 sutis
231 3142 375 3196 contineri.
393 3141 477 3195 Recte
501 3158 567 3211 ergo
588 3141 682 3194 divina
703 3136 846 3209 Scriptura
863 3135 975 3200 savusC

149 3226 284 3285 distillans
299 3237 421 3284 uocatur.
440 3230 506 3300 quia
523 3228 716 3299 multipliciter
730 3228 898 3297 intelligitur
916 3234 945 3281 et

159 3319 232 3373 variis
241 3320 368 3374 sensibus
382 3319 540 3389 exponitur.
552 3334 626 3371 nunc
632 3319 711 3386 juxta
723 3317 857 3375 litteram.
869 3332 944 3369 nunc

159 3403 945 3479 iuxtaatlegoriani,nunejuxtamoralitatcm‚nuncjuxta

169 3507 301 3566 anagogen.
317 3496 345 3549 id
361 3503 404 3549 est
421 3496 593 3565 superiorem
616 3510 739 3547 sensum.
760 3514 770 3542 i
790 3493 944 3547 Metellae

150 3610 156 3625 ·.
171 3581 304 3655 sublingua
316 3592 374 3639 tua.
390 3585 467 3652 ›Lac
478 3583 600 3654 parvulis
611 3582 750 3638 convenit.
766 3582 884 3653 ideoque
896 3599 945 3653 per
1023 3584 1221 3640 «Erarissiones
1235 3577 1290 3641 tuis
1305 3586 1452 3656 paradisus
1463 3589 1600 3643 malorum
1616 3589 1784 3644 Punicorum

174 3664 631 3749 lecdesignatursiaiplcxdoctrina,
648 3689 703 3742 qua
713 3671 823 3725 initium
832 3672 945 3726 creden·
986 3691 1049 3728 curu
1066 3691 1211 3744 pomorum
1228 3675 1372 3729 fructibus.
1391 3697 1401 3725 ι
1417 3676 1586 3732 Emissioncs
1602 3678 1729 3733 Ecclesia·
1745 3684 1785 3739 tut

177 3753 225 3811 tium
239 3760 389 3825 imbuitur;
408 3762 462 3814 mel
477 3778 542 3815 raro
565 3761 638 3831 quod
651 3762 685 3814 dc
703 3761 946 3814 rorecoelicoalici
987 3762 1091 3816 dictum
1112 3764 1166 3832 est)
1187 3763 1360 3817 iucrmucnta
1379 3775 1445 3819 sunt
1465 3766 1528 3819 tidei
1547 3774 1576 3819 et
1594 3766 1785 3822 disseminatio

178 3845 279 3911 aditur.
294 3850 434 3904 calestem
450 3857 478 3903 ct
488 3849 661 3919 spiritualem
674 3848 828 3902 doctrinam
843 3849 947 3918 signifi·
988 3851 1278 3922 practicatiouis.Quae
1288 3853 1451 3906 emissiones
1464 3854 1784 3923 paradisussunt.Para-

179 3939 216 3997 etl,
226 3952 277 4006 quac
288 3939 417 4009 perfectis
429 3945 457 3992 et
470 3938 615 3992 instructis
629 3937 759 3991 contenit
782 3936 839 3992 Sub
851 3938 946 4006 lingua
986 3940 1063 3994 disus
1078 3940 1185 4000 Graece,
1201 3940 1298 3993 hortus
1313 3941 1421 3994 Latine.
1438 3942 1502 4012 quia
1518 3942 1566 3995 illa
1582 3943 1722 4013 primitiva
1737 3944 1785 3998 Ec·

179 4032 225 4090 truc
232 4025 351 4082 Ecclesia
363 4027 416 4081 mel
427 4033 455 4081 et
466 4027 508 4081 lac
520 4035 571 4085 est.
585 4027 652 4098 quia
661 4026 813 4098 aliquando
821 4026 946 4080 calestia
987 4029 1080 4094 etesia,
1095 4046 1156 4099 quae
1172 4029 1201 4081 in
1215 4029 1311 4082 ludaea
1327 4029 1405 4099 quasi
1421 4029 1519 4083 hortus
1532 4030 1593 4087 luit.
1609 4046 1658 4101 per
1673 4031 1785 4085 univer·

181 4115 282 4179 mysteria
298 4117 436 4188 perlectis,
449 4116 600 4188 aliquando
610 4115 727 4170 rudibus
743 4115 825 4185 plana
839 4122 868 4168 et
881 4114 946 4168 sim·
986 4135 1048 4172 sum
1062 4118 1199 4171 mundum
1209 4117 1312 4171 multos
1321 4118 1425 4172 hortos.
1438 4117 1465 4171 id
1481 4123 1525 4172 est
1536 4118 1670 4173 Ecclesias
1680 4120 1784 4177 emisit.

181 4196 240 4264 plicia
250 4206 445 4259 annuntiant«
460 4205 494 4258 Et
507 4206 576 4259 odor
587 4205 815 4258 vestimentorum
832 4213 945 4257 tuorum
987 4207 1060 4261 blata
1076 4213 1169 4260 autem
1181 4205 1285 4260 Punica
1309 4224 1369 4277 quae
1385 4206 1570 4260 rubicundum
1586 4208 1690 4262 babent
1704 4207 1787 4262 corti-

183 4285 232 4342 siut
243 4293 304 4347 odor
316 4294 417 4348 thuris.
431 4311 444 4346 s
458 4294 630 4348 Vestimenta
646 4292 772 4347 Ecclesiae
784 4299 850 4345 sunt
861 4291 945 4345 bono·
986 4311 1112 4355 cameos
1123 4295 1283 4365 significant
1293 4295 1340 4366 qui
1351 4312 1406 4350 non
1416 4296 1636 4366 solumgenerali
1647 4295 1786 4368 baptismo
1811 4368 1816 4375 .

184 4387 227 4429 lta
235 4396 337 4451 operum
346 4389 521 4438 ornamenta.
527 4383 608 4452 juxta
619 4382 692 4452 quod
703 4383 825 4453 loannes
835 4381 865 4434 in
876 4383 1152 4469 Apo-nsanctidcati
1167 4392 1243 4446 sunt,
1261 4401 1355 4438 rerum
1372 4384 1455 4439 etiarn
1472 4385 1585 4456 proprio
1599 4386 1736 4456 sanguine
1755 4386 1785 4441 in

183 4464 608 4542 elypidius«[tysstnumenim
617 4470 948 4541 justificationessancto-
987 4471 1119 4544 passione
1140 4470 1280 4541 baptizati,
1299 4478 1437 4541 martyres
1458 4472 1545 4526 effecti
1570 4479 1645 4527 sunt.
1668 4473 1787 4527 Fructus

185 4564 294 4616 tunsuut.
304 4560 567 4616 »Etinlobdicitum
579 4558 948 4620 «lustitiaindutussumct
988 4578 1053 4614 cero
1074 4576 1220 4631 pomorum
1234 4575 1318 4630 opera
1335 4559 1493 4629 significant
1508 4560 1652 4621 virtutum.
1668 4562 1787 4615 circeos

185 4636 945 4717 induimesicutornamentoetdiademate,judicionico.»
988 4650 1034 4721 qui
1050 4649 1125 4720 ipsas
1146 4648 1263 4703 virtutes
1283 4664 1367 4718 opere
1383 4654 1520 4701 exercent.
1538 4648 1706 4703 Emissiones
1720 4665 1786 4718 ergo

186 4723 251 4787 Tbure
260 4743 348 4791 auteur
358 4736 480 4790 diximus
491 4743 651 4790 sanctarum
664 4736 821 4788 orationum
835 4735 947 4789 mundi·
989 4739 1116 4793 Ecclesiae
1138 4736 1285 4808 paradisus
1309 4737 1445 4789 malorum
1470 4735 1638 4788 Punicorum
1661 4736 1786 4804 fuerunt,

187 4814 233 4872 tion
253 4825 397 4896 designari.
423 4823 598 4878 Vestimenta
625 4840 691 4894 ergo
719 4823 847 4878 Ecclesiae
870 4823 947 4878 tliuri
989 4827 1055 4898 quia
1070 4826 1192 4898 primum
1206 4826 1295 4880 locum
1313 4825 1340 4877 in
1353 4823 1473 4878 Ecclesia
1487 4829 1549 4892 post
1563 4824 1702 4894 apostolos
1719 4841 1790 4878 uiar-

186 4915 356 4980 conparantur,
368 4914 436 4985 quia
445 4914 536 4967 omnia
549 4931 634 4985 opera
649 4914 777 4969 Ecclesiae
791 4914 871 4984 quasi
883 4931 947 4969 ora·
989 4921 1066 4987 tyres
1076 4915 1268 4978 obtinuerunt,
1283 4913 1331 4984 qui
1349 4913 1437 4982 ipsam
1451 4911 1561 4965 Domini
1572 4912 1729 4983 passionem
1739 4929 1789 4984 pa-

186 4988 249 5051 filues
259 5008 327 5058 sunt.
340 5004 372 5058 ln
387 5003 494 5057 cunctis
505 5003 578 5056 enim
591 5019 652 5073 quac
662 5003 722 5073 agit
735 5019 846 5073 semper
856 5003 949 5057 Domi·
988 5002 1382 5063 tiendoinuitaristuduerunt,
1391 5000 1791 5071 quamrisgeneraliteromnis

187 5092 232 5137 utcu
243 5088 407 5162 deprecatur,
423 5098 451 5145 et
466 5091 515 5145 tali
532 5092 613 5145 modo
635 5091 769 5161 impletur
789 5092 857 5145 illud
874 5093 948 5163 quod
989 5092 1143 5147 multitudo
1155 5090 1300 5162 paradisus
1313 5087 1449 5143 aratorum
1464 5089 1632 5144 Punicorum
1646 5092 1735 5161 possit
1747 5108 1792 5146 ac·

185 5165 287 5235 Dbainus
298 5181 385 5236 dicit:
400 5201 411 5231 ι
424 5183 542 5250 ttportet
556 5196 667 5251 semper
677 5197 769 5234 orare.
785 5181 949 5235 xNecsem·
990 5181 1054 5252 cipi,
1067 5181 1115 5252 qui
1130 5180 1202 5234 mala
1221 5178 1323 5233 Punica
1337 5184 1413 5240 aurit,
1430 5181 1496 5249 quia
1511 5179 1668 5249 passionem
1684 5181 1727 5235 sui
1742 5181 1794 5236 Re·

186 5273 275 5327 trram
285 5271 433 5326 Dnrninum
444 5270 495 5323 boc
503 5269 586 5323 aliter
594 5269 704 5340 impleri
714 5275 814 5340 potest,
824 5269 878 5323 nisi
888 5274 949 5324 tota
990 5269 1144 5341 demptoris
1155 5285 1267 5338 semper
1277 5268 1305 5322 iu
1321 5266 1456 5321 memoria
1467 5269 1597 5322 retinent.
1610 5269 1643 5323 Et
1654 5269 1727 5325 sicut
1736 5286 1795 5325 ma-

184 5360 253 5411 acan
264 5360 316 5415 rita
328 5368 359 5415 et
373 5358 547 5414 conversatio
562 5358 626 5412 tatis
646 5358 683 5411 sit
704 5364 734 5412 ut
756 5358 784 5411 in
799 5367 949 5428 conpectu
992 5359 1050 5414 lum
1075 5357 1210 5412 Punicum
1231 5356 1307 5412 intra
1328 5373 1416 5411 urium
1438 5356 1567 5411 corticem
1583 5358 1794 5413 multitudinem

182 5437 305 5503 lleioratio
317 5446 478 5520 deputatur',
493 5448 570 5502 'lhus
590 5446 674 5500 arbor
688 5453 731 5501 est
750 5446 868 5507 Arabiae,
885 5464 950 5501 cor·
992 5447 1118 5503 continet
1130 5462 1295 5517 granorum,
1314 5445 1354 5499 ita
1375 5446 1403 5500 in
1425 5445 1544 5501 Ecclesia
1560 5447 1709 5503 multitudo
1725 5448 1794 5502 lide·

190 5530 254 5591 iceet
264 5539 327 5595 tolio
347 5538 429 5593 buco
443 5535 552 5603 similis,
567 5552 681 5591 succum
700 5536 855 5608 amygdalae
870 5538 952 5592 modo
992 5536 1065 5592 bum
1074 5535 1149 5591 iutra
1158 5536 1242 5592 tidem
1250 5535 1397 5592 bouiinicae
1403 5534 1542 5608 passionis
1550 5535 1795 5592 continetur.llinc

1024 1612 1035 1644 c
1054 1594 1159 1649 Hortus
1171 1596 1319 1651 conclusus
1330 1613 1410 1652 soror
1419 1614 1482 1651 inca
1492 1615 1605 1665 sponsa,
1617 1601 1715 1657 liortus
1725 1620 1788 1657 con-

954 1683 1091 1768 Bclusus,
1108 1684 1169 1738 sons
1182 1685 1309 1755 signatus
1336 1706 1349 1736 a
1366 1686 1495 1741 Sororem
1511 1695 1540 1742 et
1561 1706 1691 1759 sponsam
1707 1709 1786 1747 suarn

986 1770 1136 1824 Ecclesiam
1151 1772 1228 1833 dicit,
1250 1790 1335 1843 quam
1354 1790 1386 1826 ex
1402 1775 1504 1828 ancilla
1518 1792 1642 1831 sororem
1658 1778 1711 1833 sibi
1726 1796 1787 1834 esse

985 1859 1139 1923 constituit,
1157 1866 1186 1914 et
1206 1860 1270 1915 dote
1294 1861 1415 1931 Spiritus
1439 1863 1527 1916 sancti
1544 1863 1718 1934 pigneratam
1733 1867 1786 1921 sibi

984 1964 1114 2018 sponsam
1130 1949 1230 2004 ellecit.
1247 1951 1311 2004 ltcec
1326 1967 1392 2021 ergo
1409 1952 1530 2005 Ecclesia
1545 1953 1644 2008 hortus
1657 1962 1709 2021 est,
1719 1939 1787 2028 quia

985 2037 1173 2106 spiritualium
1187 2039 1320 2093 virtutum
1334 2041 1463 2108 germina
1478 2042 1666 2114 profertque
1680 2045 1709 2099 in
1721 2062 1786 2100 con·

985 2126 1167 2196 sequentibus
1181 2135 1339 2181 aromatum
1361 2129 1503 2182 vocabulis
1521 2129 1695 2200 designatur.
1712 2134 1787 2188 Con·

984 2213 1079 2267 clusus
1091 2231 1154 2268 vero
1169 2215 1267 2269 bortus
1281 2222 1324 2269 est
1336 2216 1399 2276 iste,
1412 2216 1477 2286 quia
1487 2229 1585 2271 sancta
1599 2220 1724 2275 Ecclesia
1736 2222 1786 2276 ac-

985 2301 1140 2372 demptoris
1151 2304 1262 2357 Douriui
1277 2304 1320 2359 sui
1336 2304 1477 2374 adJutorio
1489 2307 1597 2360 munita
1610 2313 1662 2375 est,
1674 2314 1703 2363 et
1718 2326 1787 2379 [πω-

986 2390 1058 2444 sidio
1071 2393 1262 2461 angelicarum
1279 2394 1412 2447 virtutum
1428 2394 1539 2449 vallata.
1553 2395 1637 2450 uultis
1653 2398 1787 2467 maligno-

985 2495 1049 2533 rum
1064 2481 1213 2550 spirituum
1231 2486 1306 2552 patet
1322 2481 1440 2535 insidiis.
1455 2481 1521 2536 Haec
1534 2482 1595 2553 ipsa
1609 2485 1729 2539 Ecclesia
1744 2492 1787 2540 cst

984 2568 1048 2622 scius
1070 2569 1207 2637 signatus.
1234 2570 1307 2623 Fons
1330 2570 1403 2630 idco.
1427 2570 1493 2640 quia
1517 2570 1650 2626 doctrinae
1664 2575 1786 2629 caelestis

986 2656 1099 2710 liuentis
1111 2665 1215 2731 manat.
1229 2658 1330 2727 quibus
1341 2675 1439 2712 omnes
1450 2660 1479 2713 in
1490 2661 1601 2715 Christo
1613 2664 1785 2718 credentesa

985 2745 1107 2815 peccatis
1122 2747 1207 2811 lavat,
1222 2751 1251 2799 et
1274 2747 1398 2800 veritatis
1415 2747 1532 2801 scientia
1546 2754 1634 2820 potat.
1651 2751 1784 2820 Signatus

985 3095 1070 3150 leant.
1090 3097 1141 3151 llic
1155 3099 1262 3164 hortus,
1278 3098 1321 3152 uel
1336 3098 1381 3152 bic
1393 3098 1454 3152 fons
1468 3100 1507 3167 tid
1522 3105 1565 3155 est
1579 3100 1710 3170 Ecclesia)
1726 3104 1785 3174 pri·

986 3200 1061 3238 muru
1079 3185 1106 3238 in
1123 3203 1207 3256 parvo
1230 3187 1332 3241 ludaeae
1346 3187 1444 3241 locello
1459 3189 1602 3259 plantatus
1617 3192 1657 3243 vel
1672 3197 1786 3246 exortus

985 3279 1037 3335 est,
1058 3274 1159 3330 deinde
1187 3292 1237 3346 per
1255 3277 1416 3329 universum
1441 3277 1577 3331 niundum
1604 3278 1786 3334 disseminata

985 3362 1192 3433 predicatione,
1209 3364 1317 3418 areolas
1336 3382 1401 3419 suas
1416 3366 1459 3420 vel
1478 3367 1582 3422 rivulos
1596 3384 1661 3423 suos
1681 3369 1784 3424 emisit.

986 3451 1066 3505 Unde
1080 3453 1208 3523 sequitur
1221 3471 1227 3507 ε
