3818 6104
129 214 199 272 1175
339 216 529 274 HAYMONIS
549 218 794 274 HALBERSTAT.
816 219 929 276 EPISO.
949 218 1029 275 OPP.
1049 217 1141 272 PARS
1160 217 1183 272 1.
1204 215 1445 295 geomar.
1465 213 1563 274 BIBL.
1700 210 1760 269 nro

127 337 183 392 bile
195 338 225 393 in
244 355 297 394 sua
310 346 423 406 natura,
438 340 543 396 tactum
558 347 601 396 est
613 341 722 396 visibile
736 358 787 414 per
797 341 1050 414 assumpAmista
1060 341 1197 412 adipsum
1207 341 1290 397 dicit:
1311 344 1392 411 Virga
1402 349 1478 398 recta
1488 344 1618 408 estetrpa
1624 341 1704 408 repat
1714 341 1752 391 tui
1755 382 1760 392 .

128 426 235 483 tionem
248 429 342 484 carnis
355 429 384 483 in
399 434 505 484 nostra.
967 431 1003 486 Et
1014 430 1094 502 quasi
1104 431 1266 501 exponendo
1286 431 1352 501 quid
1368 437 1442 487 esset
1464 432 1526 486 haec
1549 429 1641 500 virga,
1657 426 1760 481 subdit:

164 517 199 573 Et
212 521 347 572 exercitas
360 522 411 586 qut
422 524 487 572 sunt
502 522 532 572 ia
548 523 620 584 cerlo,
631 522 885 587 sequebanturcum
895 524 927 574 in
968 522 1097 574 Dilexisti
1105 523 1250 587 justitiam
1265 527 1288 573 et
1304 521 1388 573 odisti
1401 523 1596 589 iniquitatem.
1610 547 1645 560 -
1670 517 1702 570 Et
1716 519 1761 582 ipse

129 609 205 675 equis
218 607 297 659 olbis.
313 606 457 660 Exercitus
472 606 518 659 hic
543 606 693 661 multitudo
716 608 885 678 intelligitur
897 608 928 660 sr-
968 612 1054 663 calcat
1066 603 1762 675 torculareinisuroristraDeiomnipotentisQuia

130 694 246 748 delium.
267 694 375 749 Coelurn
394 711 506 766 quoque
529 696 653 750 Ecclesia
667 701 718 757 cst,
741 695 814 750 sicut
832 694 927 765 saepis·
969 701 1083 768 propter
1097 702 1211 767 peccata
1224 696 1338 749 humani
1352 697 1466 766 generis
1481 696 1585 766 quibus
1614 690 1762 764 promeruit

130 782 201 836 sime
228 782 332 837 dictum
360 788 411 837 est.
428 783 472 837 Sic
487 800 553 853 crgo
579 783 926 853 dicunturexercitusqui
966 786 1038 839 iram
1050 784 1110 848 Dei,
1123 790 1251 839 mortuus
1262 790 1305 838 est
1315 784 1646 840 Christus.Nemoenim
1658 783 1762 837 uiueret.

130 871 323 927 suntincoelos
332 872 412 941 sequi
423 871 576 931 Christum,
588 889 651 926 cum
662 872 716 944 ipsi
724 872 862 926 exercitus
870 872 927 925 sint
967 873 1020 927 nisi
1039 874 1099 943 ipse
1118 878 1284 927 moreretur.
1317 873 1378 926 Nisi
1398 874 1472 927 enirn
1494 878 1641 944 peccasset
1665 871 1763 940 primus

130 960 242 1020 coelum,
257 960 329 1014 sicut
340 959 472 1014 dicuntur
486 960 515 1014 in
529 961 629 1015 castris
641 961 713 1014 inire
727 960 856 1014 homines
870 977 928 1014 cer·
967 963 1062 1024 homo,
1073 961 1243 1015 immortalis
1254 961 1411 1015 mansisset.
1427 961 1483 1016 Sed
1495 961 1564 1031 quia
1574 960 1627 1014 Dei
1638 965 1765 1029 precepta

130 1053 237 1110 tamen,
253 1064 317 1101 cum
329 1048 390 1119 ipsa
398 1055 490 1102 castra
503 1049 560 1103 sint
572 1048 623 1120 ipsi
635 1049 682 1119 qui
693 1048 927 1119 prmparauturad
970 1049 1246 1122 contempsit,statim
1259 1049 1330 1102 iram
1339 1050 1391 1103 Dei
1399 1049 1560 1106 incurritet
1578 1054 1707 1101 mortuus
1719 1052 1764 1101 est.

128 1136 249 1195 bellum.
264 1137 349 1191 Recte
362 1143 457 1191 autem
480 1138 618 1193 exercitus
641 1143 842 1207 nuncupantur
856 1137 929 1190 mul·
971 1139 1060 1203 Quam
1074 1144 1193 1192 mortem
1208 1154 1259 1208 pro
1271 1137 1352 1191 nobis
1376 1136 1601 1191 misericorditer
1617 1135 1705 1189 Filius
1722 1134 1765 1187 Dei

130 1224 266 1282 titudines
276 1224 518 1296 sanctorum,quia
528 1226 557 1279 in
573 1225 885 1285 noesaeculodimieant,
902 1231 930 1279 et
972 1228 1136 1299 suscipiens
1154 1228 1184 1280 in
1198 1243 1254 1296 qua
1266 1226 1389 1280 calcatus
1404 1233 1456 1289 cst,
1471 1225 1600 1288 calcavit,
1615 1224 1683 1294 quia
1703 1223 1766 1276 hanc

130 1330 243 1384 semper
254 1314 282 1367 in
297 1313 451 1368 certamine
465 1314 622 1367 consistunt
634 1319 733 1367 contra
745 1313 931 1377 hostesvide·
972 1333 990 1370 a
1003 1316 1122 1371 mortuis
1137 1331 1297 1385 resurgens
1312 1314 1420 1379 potenti
1435 1313 1540 1367 virtute
1562 1312 1713 1383 depressit.
1723 1310 1767 1362 i'el

133 1400 201 1454 licet
215 1400 353 1470 malignos
368 1400 494 1470 spiritua,
510 1401 553 1454 rel
568 1417 713 1471 perversos
725 1401 862 1466 homines,
874 1401 932 1454 sira
972 1405 1153 1477 pertorcular
1162 1403 1476 1474 possumusintelligere
1482 1402 1699 1456 tribulationem
1708 1416 1769 1470 pra-

132 1497 217 1551 etiam
233 1501 329 1572 contm
347 1497 415 1550 vitia
435 1498 538 1552 earnis.
554 1498 624 1567 Equi
650 1504 744 1552 autem
759 1497 816 1552 albi
830 1497 932 1569 quibus
972 1495 1060 1549 sentis
1076 1494 1151 1549 vitre.
1181 1493 1278 1547 Calcat
1296 1491 1432 1546 Dominus
1446 1490 1583 1552 torcular,
1602 1490 1657 1543 hoc
1671 1487 1769 1557 estqui

132 1585 258 1639 insident
271 1601 389 1656 corpora
403 1585 514 1640 illorum
532 1586 636 1640 munda
648 1586 684 1640 ab
702 1587 778 1641 omni
798 1576 924 1658 peccato.
971 1590 1038 1637 sunt
1056 1583 1084 1636 in
1100 1582 1243 1644 torculari,
1261 1581 1288 1635 id
1303 1585 1457 1634 estomnes
1482 1580 1597 1640 electos,
1624 1593 1694 1649 quos
1710 1593 1770 1646 pur·

132 1675 229 1744 Equus
242 1673 345 1745 quippe
359 1680 402 1728 est
415 1674 566 1745 unicuique
580 1680 683 1728 sanctae
704 1675 806 1728 animae
829 1692 930 1745 cerpus
939 1691 963 1751 Β
972 1679 1022 1743 gat
1032 1690 1082 1743 per
1095 1673 1181 1743 huius
1196 1671 1257 1729 vitae
1270 1669 1415 1740 angustias
1435 1668 1508 1722 Hinc
1517 1667 1674 1738 Apostolus
1685 1666 1769 1719 dicit:

132 1779 225 1825 suurn,
240 1762 314 1833 quod
329 1762 457 1817 videlicet
470 1763 523 1817 scit
534 1769 563 1817 et
576 1761 610 1816 ab
632 1762 736 1817 illicitis
750 1762 928 1818 continentia
970 1769 1021 1821 Per
1038 1765 1141 1816 inultas
1156 1761 1348 1813 tribulationes
1356 1762 1459 1826 oportet
1470 1773 1519 1810 nos
1534 1760 1646 1809 intrare
1660 1770 1772 1824 regnum

133 1868 164 1906 se
178 1852 257 1905 irene
272 1851 451 1922 restringere,
464 1856 492 1906 et
501 1868 600 1906 rursus
610 1851 930 1922 charitatisimpulsu,in
971 1855 1028 1908 Det.
1045 1853 1077 1906 Et
1089 1850 1222 1904 Salomon
1234 1865 1240 1899 :
1254 1848 1385 1914 Dtcpctlat
1395 1846 1465 1899 Deus
1473 1860 1584 1898 omnem
1590 1845 1685 1910 fitium
1697 1858 1771 1910 qrrem

134 1939 364 1995 exercitationem
393 1939 459 1994 boni
479 1940 572 2010 operis
600 1939 735 1994 relaxare.
767 1940 931 2010 Sequuntur
972 1943 1080 2009 recipit.
1099 1938 1178 1992 Sicut
1192 1937 1269 1989 enim
1283 1934 1312 1988 in
1331 1933 1466 1987 torculari
1480 1949 1542 1986 urae
1558 1931 1731 1993 tunduntur,
1745 1936 1772 1983 ut

133 2028 358 2099 christumquia
367 2028 516 2082 imitantur
525 2030 586 2099 ejus
597 2029 763 2083 munditiam
779 2034 807 2081 et
816 2029 931 2082 castita·
972 2029 1037 2083 rino
1063 2024 1259 2098 promptuaria
1280 2023 1453 2093 repleantur,
1475 2022 1517 2074 sic
1539 2021 1679 2074 nimirum
1698 2019 1772 2072 electi

133 2121 201 2182 tam,
215 2117 419 2170 mortificantes
433 2133 464 2171 se
476 2134 540 2171 cum
555 2117 628 2171 vitiis
644 2123 673 2171 et
687 2116 928 2187 concupiscentiis,
972 2131 1169 2190 pressurarum
1180 2111 1379 2166 afflictionibus
1394 2115 1592 2170 conteruntur,
1610 2115 1644 2162 ut
1658 2109 1686 2162 in
1700 2107 1773 2161 coele·

130 2207 211 2274 juxta
221 2205 291 2258 illud
306 2205 624 2275 Apostoli:.l{ortiltcote
635 2208 759 2259 membra
772 2211 861 2259 vestro
872 2221 931 2273 qua
973 2207 1062 2261 stibus
1090 2202 1257 2257 habitaculis
1283 2199 1481 2254 recondantur.
1500 2199 1535 2252 Et
1554 2198 1624 2269 quia
1640 2198 1772 2268 patienter

133 2297 200 2345 surtt
212 2297 420 2360 superterram,
434 2297 487 2344 etc.
508 2293 572 2354 (Det.
594 2306 647 2351 nn.
668 2291 804 2362 Superius
824 2292 931 2346 dictum
974 2293 1055 2350 electi
1065 2293 1136 2346 iram
1148 2290 1199 2345 Dei
1210 2289 1425 2359 sustinent,quae
1437 2286 1635 2358 peccatoribus
1650 2285 1771 2345 debetur,

134 2387 178 2436 est
191 2380 226 2433 de
241 2378 602 2450 virginibus,qu0dcentum
612 2380 800 2450 quadraginta
810 2386 932 2450 quatuor
974 2383 1079 2437 idcirco
1090 2380 1161 2434 bene
1174 2381 1234 2449 jam
1249 2379 1344 2432 vinum
1369 2376 1472 2430 furoris
1495 2376 1545 2430 irae
1561 2375 1614 2429 Dei
1633 2384 1770 2428 vocantur.

134 2468 224 2523 millia
242 2467 745 2539 sequunturillumquocunqneierit.
757 2466 936 2521 Undescien·
977 2470 1122 2526 Sustinent
1135 2467 1211 2521 enim
1227 2467 1297 2520 iram
1322 2465 1373 2518 Dei
1396 2469 1512 2535 propter
1534 2470 1661 2534 peccata,
1678 2463 1772 2532 quibus

134 2556 283 2627 dum,quia
297 2561 454 2627 sequuntur
463 2572 528 2610 eum
543 2555 642 2620 etalii,
658 2556 711 2608 hoc
725 2559 769 2608 est
783 2561 933 2626 martyres,
976 2559 1067 2630 primo
1078 2556 1237 2619 homini,ut
1247 2554 1353 2608 dictum
1362 2552 1512 2619 est,iratus
1523 2558 1567 2606 est
1578 2550 1667 2613 Deus,
1684 2558 1713 2603 et
1722 2550 1773 2604 elli·

134 2645 316 2708 confessores
333 2645 476 2714 conjugati
491 2644 576 2699 etiam
588 2643 662 2706 boni,
673 2643 835 2714 specialiter
849 2644 935 2714 virgi-
977 2645 1196 2702 ciunturrinum
1211 2642 1284 2714 quod
1300 2644 1329 2696 in
1349 2640 1497 2696 dominicis
1525 2640 1671 2711 apothecis
1685 2655 1773 2692 recon-

134 2751 194 2789 nes·
209 2734 262 2798 Qui
276 2733 381 2803 temdus
392 2734 503 2803 quando
521 2732 711 2796 excellentiffl,
724 2738 803 2785 lantO
823 2739 865 2786 est
878 2733 934 2786 uti·
977 2733 1181 2792 ditur.Vinacia
1191 2738 1297 2793 autem,
1313 2730 1341 2783 id
1354 2735 1397 2783 est
1410 2745 1508 2783 omnes
1521 2728 1646 2799 reprobi,
1667 2744 1729 2781 cum
1742 2727 1774 2780 si-

134 2839 191 2894 que
205 2839 323 2878 numero
336 2822 438 2876 minor.
456 2823 547 2875 t'estiti
567 2823 675 2890 byssino
697 2823 758 2875 aldo
772 2826 796 2874 et
819 2823 933 2874 meando.
977 2825 1082 2878 militer
1094 2827 1270 2893 premantur,
1282 2819 1356 2873 toras
1371 2818 1568 2888 projiciuntur,
1579 2825 1609 2870 et
1617 2817 1652 2870 ab
1667 2817 1774 2869 illorum

135 2912 196 2967 Hoc
210 2918 253 2966 est
266 2911 427 2966 innocentia
442 2910 589 2972 castitatis,
615 2917 644 2964 et
659 2909 804 2963 munditiae
823 2909 929 2965 ornati,
977 2913 1110 2968 societate
1123 2917 1300 2981 separantur.
1310 2908 1364 2961 Sed
1378 2907 1459 2960 electi
1474 2905 1584 2959 tamdiu
1600 2905 1698 2959 vinum
1708 2904 1774 2957 iuro·

135 3001 284 3055 tamenim
299 3016 384 3070 supra
398 2999 505 3053 dictum
520 3003 571 3060 est,
590 2999 658 3068 quid
673 2998 711 3052 sit
735 2997 891 3069 byssinum,
905 2959 964 3051 idC
976 3002 1016 3056 ris
1029 3005 1255 3070 sunt,quousque
1270 2997 1298 3051 in
1310 2994 1443 3050 torculari
1457 2995 1516 3048 rice
1531 3011 1594 3047 uvae
1610 2994 1771 3053 tunduntur,

135 3095 179 3143 est
191 3090 405 3158 justificationes
420 3095 590 3142 sanctorum.
977 3094 1006 3143 et
1019 3105 1036 3142 a
1049 3087 1164 3141 vinaciis
1179 3085 1394 3156 separanturdt
1404 3082 1450 3136 ubi
1466 3083 1664 3153 promptuaria
1678 3089 1774 3136 :eterna

173 3178 206 3231 Et
216 3179 248 3230 de
263 3193 309 3230 ore
323 3180 377 3245 ipsi
380 3194 411 3230 us
424 3178 544 3244 procedit
557 3177 668 3242 eladius
678 3192 710 3229 ea
725 3181 843 3243 atraque
857 3181 935 3244 parte
977 3176 1154 3238 intraverint,
1166 3177 1226 3245 jam
1237 3173 1377 3227 desistunt
1392 3187 1454 3225 esse
1476 3171 1574 3224 uinum
1591 3170 1705 3239 luroris,
1716 3170 1775 3240 quia

136 3270 245 3322 acutas,
270 3264 387 3319 Gladius
412 3280 492 3317 sacra
507 3264 653 3334 Scriptura
667 3263 843 3334 intelligitur,
855 3266 937 3333 juxta
978 3264 1082 3319 desinit
1094 3263 1210 3317 calcatio
1225 3261 1383 3316 torcularis.

136 3349 207 3404 illud
217 3350 363 3421 Apostoli:
373 3352 406 3404 Et
415 3353 541 3418 pladiani
556 3354 683 3418 spiritus,
693 3354 810 3418 qaodest
824 3354 937 3405 verbam
1014 3354 1047 3407 Et
1059 3354 1139 3406 babet
1152 3355 1184 3404 in
1200 3353 1359 3404 restituente
1372 3354 1397 3406 et
1408 3352 1439 3402 in
1453 3351 1557 3416 seniore
1570 3365 1622 3402 suo
1631 3351 1773 3416 scriplum:

137 3439 188 3494 Det
213 3437 323 3508 (pres,
339 3447 386 3505 vr).
412 3438 452 3492 De
473 3439 528 3493 isto
546 3439 639 3508 gladio
659 3439 720 3508 ipse
743 3438 879 3493 Dominus
908 3441 937 3495 in
978 3443 1138 3508 Deurepom
1148 3444 1171 3492 rt
1188 3441 1320 3492 Domitius
1334 3439 1553 3491 ‹lorrainantium
1570 3437 1775 3490 Perrestirnen·

140 3524 291 3596 Evangelio
307 3525 431 3580 aittll'on
446 3530 509 3580 trent
523 3541 617 3595 parem
628 3529 747 3588 mittere,
757 3529 937 3594 scriptartiurn
979 3535 1039 3583 tum
1051 3527 1172 3589 Domini,
1189 3527 1261 3581 sicut
1271 3543 1356 3597 supra
1366 3525 1605 3597 diximns‚corpus
1619 3526 1689 3580 illud
1700 3524 1774 3579 intel-

138 3615 249 3683 (natta.
266 3613 305 3684 x).
334 3614 413 3669 Sicut
439 3615 515 3669 enim
526 3615 621 3685 gladio
640 3614 754 3687 ancipiti
778 3616 940 3670 inciduntur
981 3618 1088 3688 ligitur,
1106 3617 1180 3688 quod
1195 3614 1319 3669 Verbum
1335 3615 1385 3669 Dei
1407 3615 1495 3685 patris
1517 3615 1618 3668 anima
1642 3616 1774 3668 mediante

139 3719 250 3770 carnes,
261 3709 290 3756 et
298 3703 450 3758 membran
460 3704 595 3757 membris
604 3709 782 3775 separantur,
795 3705 836 3758 sic
845 3706 939 3775 gladio
982 3706 1104 3776 suscepit
1116 3706 1145 3759 in
1156 3711 1235 3759 utero
1244 3703 1368 3774 virginis.
1381 3703 1609 3758 Perfemurvero
1618 3703 1774 3774 propagatio

139 3792 218 3846 verbi
234 3792 283 3846 Dei
296 3791 460 3846 dividuntur
474 3791 539 3847 boni
552 3809 570 3846 a
585 3792 782 3856 malis‚tidelcs
797 3793 832 3846 ab
842 3793 941 3847 infide·
981 3796 1074 3850 earnis
1093 3795 1270 3866 exprimitur,
1286 3794 1361 3848 unde
1376 3793 1518 3847 Abraham
1535 3793 1654 3847 mittens
1670 3808 1772 3846 serrum

115 3884 118 3889 '
140 3880 225 3935 libus.
239 3881 289 3934 Hic
300 3881 385 3934 etiam
396 3881 508 3951 gladius
523 3881 552 3934 in
568 3886 688 3952 utroque
700 3882 881 3935 Testamenta
896 3881 940 3935 in·
983 3901 1065 3938 suurn
1080 3889 1112 3937 ut
1121 3884 1260 3953 acciperet
1272 3898 1390 3936 uxorem
1402 3881 1459 3935 sitio
1474 3897 1524 3934 suo
1540 3881 1576 3935 de
1596 3881 1681 3935 donio
1696 3880 1773 3952 patris

140 3969 288 4039 telligitur,
316 3970 383 4039 quia
401 3968 531 4023 videlieet
549 3968 614 4023 hinc
640 3975 755 4039 peccata
778 3970 882 4040 operis,
910 3975 940 4023 et
982 3975 1053 4043 ejus,
1069 3972 1139 4025 dixit
1154 3972 1180 4025 ei
1197 3989 1203 4023 :
1218 3974 1289 4025 Perre
1305 3975 1511 4023 rtranrontaom
1526 3972 1577 4023 sub
1591 3973 1696 4038 [errrore
1716 3986 1771 4025 raca

140 4057 218 4111 illinc
232 4064 396 4112 resecantur
410 4064 524 4128 peccata
547 4058 734 4127 cogitationis.
753 4059 792 4112 De
818 4075 866 4113 ore
890 4059 942 4112 Dei
982 4068 1006 4115 et
1016 4065 1088 4130 jura
1100 4062 1388 4128 mitriperDemirmm
1399 4060 1491 4112 recitet
1503 4064 1583 4113 terra
1593 4060 1769 4129 (Gcnmxrrrl.

141 4146 279 4218 procedit,
285 4146 366 4216 juxta
374 4147 448 4217 quod
460 4146 518 4217 ipse
526 4144 664 4201 Dominus
678 4146 762 4200 dicit:
774 4149 941 4202 tl'oninsoto
982 4149 1113 4204 Praevidit
1127 4149 1201 4202 enim
1219 4148 1370 4202 Dominum
1384 4147 1446 4201 coeli
1460 4164 1493 4201 ex
1508 4163 1561 4201 suo
1574 4148 1683 4202 seniore
1697 4146 1771 4201 nasci·

138 4249 213 4302 pane
224 4236 387 4299 vieitttamo,
400 4236 446 4288 sed
456 4237 487 4288 in
499 4238 577 4288 onrni
588 4238 668 4292 cerdo
682 4237 755 4304 qamt
768 4237 891 4304 precedit
907 4238 941 4289 ab
982 4243 1088 4302 turum,
1100 4254 1151 4308 per
1164 4253 1247 4307 quern
1260 4237 1401 4306 adjurarit
1414 4252 1523 4289 serrum
1537 4255 1544 4303 ;
1571 4237 1659 4290 Jacob
1674 4250 1770 4307 quoque

142 4324 247 4377 orcDrr'
260 4324 371 4392 (Matttt.
388 4321 434 4391 rr).
446 4324 504 4377 Iste
520 4330 614 4378 autern
625 4325 720 4395 gladio
734 4325 829 4379 fideles
843 4327 940 4380 vulne·
950 4300 973 4358 Β
983 4327 1053 4380 dixit
1068 4343 1074 4376 :
1091 4327 1153 4380 Non
1170 4327 1317 4392 censeretur
1337 4331 1475 4392 sceptrum
1494 4327 1526 4376 dr
1544 4326 1630 4389 retra,
1648 4332 1672 4378 et
1683 4323 1768 4377 <tarde

140 4413 242 4462 rantur
253 4411 289 4463 ad
308 4410 429 4464 salutem
448 4427 538 4475 suam,
552 4412 680 4466 infideles
698 4430 763 4468 vero
776 4420 941 4468 etcontem·
982 4416 1083 4481 seruere
1098 4419 1166 4481 ejus,
1183 4416 1266 4467 dorice
1284 4416 1376 4466 rcrriat
1390 4416 1440 4480 qui
1463 4415 1617 4466 mittendas
1639 4419 1676 4467 est
1700 4413 1764 4475 (Gen.

140 4505 236 4570 ptores
244 4498 507 4554 addemnatienem.
520 4500 591 4554 Hinc
602 4507 631 4555 ct
641 4501 856 4573 Apostolusqui
868 4520 940 4557 unus
982 4510 1071 4572 xcix).
1085 4504 1117 4557 In
1132 4519 1182 4556 suo
1193 4503 1288 4574 itaque
1300 4503 1477 4569 vestimento,
1492 4503 1546 4555 hoc
1560 4509 1604 4555 est
1619 4503 1648 4555 in
1661 4503 1781 4565 humano³

141 4596 203 4642 erat
214 4605 246 4642 ex
257 4588 300 4642 bis
315 4587 363 4661 qui
376 4587 504 4657 gladium
516 4588 591 4643 rerbi
607 4589 656 4642 Dei
673 4590 832 4659 portabant,
847 4591 915 4645 dicit
932 4609 937 4643 :
982 4609 1108 4663 corpere,
1125 4591 1194 4645 etin
1211 4592 1325 4656 temore,
1341 4592 1368 4643 id
1385 4591 1471 4644 estin
1487 4591 1595 4644 carnali
1608 4590 1767 4662 propagatis

140 4676 213 4733 Arm
226 4694 324 4731 suerrus
340 4679 406 4731 octor
422 4681 483 4731 etta
492 4681 524 4730 in
538 4681 636 4742 eitam,
648 4681 714 4731 atris
725 4680 792 4732 odor
801 4683 897 4732 mortis
908 4683 940 4735 in
981 4698 1027 4745 ne,
1043 4679 1128 4734 habet
1137 4683 1273 4750 scriptum
1290 4680 1364 4749 quod
1377 4679 1415 4732 sit
1426 4697 1473 4732 rex
1483 4680 1592 4748 Regum
1610 4687 1639 4734 et
1649 4680 1766 4733 Dominus

140 4770 257 4820 mortem
272 4768 315 4836 (ll
328 4766 389 4820 Cor.
399 4771 443 4831 11).
459 4766 540 4820 Unde
554 4768 701 4838 sequitur:
719 4772 749 4821 ut
761 4769 793 4821 in
808 4772 865 4836 ipso
876 4785 940 4836 pcr-
981 4769 1195 4822 dominantium.
1217 4768 1297 4822 Unde
1312 4769 1459 4821 ltattlraeus
1480 4769 1692 4836 generationem
1706 4768 1765 4821 illius

140 4856 229 4906 cutiot
241 4860 341 4921 pentes.
352 4854 457 4909 Gentes
467 4855 496 4908 in
505 4855 556 4908 hoc
565 4856 625 4909 loco
636 4872 692 4909 non
702 4862 735 4909 ut
748 4873 834 4927 supra
849 4857 939 4912 malas
980 4874 1030 4927 per
1044 4874 1125 4927 reges
1133 4856 1277 4920 describit,
1287 4856 1315 4909 id
1326 4863 1368 4909 est
1379 4873 1427 4926 per
1436 4856 1522 4909 David
1534 4865 1563 4910 et
1571 4858 1634 4926 ejus
1645 4864 1762 4928 posteros.

138 4944 238 5006 gentes
248 4941 419 5010 significant,
432 4943 480 4996 sed
496 4942 593 5008 bonas,
610 4951 725 5015 propter
744 4946 796 4999 hoc
811 4947 884 5015 quod
898 4962 939 5000 se·
981 4946 1068 5017 Cujus
1082 4946 1157 4999 dicta
1173 4963 1235 4999 curn
1251 4945 1379 5015 legimus,
1394 4952 1422 4999 et
1436 4945 1572 4998 ueraciter
1582 4962 1648 4999 euni
1657 4944 1763 5012 exstirpe

140 5025 246 5094 quitur.
263 5030 296 5081 Et
310 5035 365 5096 tpm
381 5038 454 5098 repet
468 5047 512 5084 car
525 5034 643 5100 ineirgm
657 5036 759 5100 ferrea.
772 5034 939 5104 Dehisgen-
980 5036 1068 5090 David
1091 5035 1277 5096 descendisse,
1295 5051 1391 5103 regem
1419 5049 1515 5086 rerum
1533 5033 1763 5103 cognoscensa

138 5113 215 5167 tibus
228 5115 253 5167 ei
267 5121 294 5169 et
307 5135 356 5187 per
366 5120 544 5174 psalmistam
555 5136 572 5173 a
586 5121 670 5175 Patre
685 5121 806 5175 dicitur:
828 5124 938 5176 Dostuta
979 5124 1130 5187 credimus,
1141 5124 1170 5177 in
1182 5123 1293 5176 Domini
1304 5123 1409 5176 tetriore
1419 5122 1693 5192 credendolegimus,
1704 5115 1762 5191 quod

139 5218 158 5257 a
169 5206 243 5256 meet
256 5203 325 5257 dabo
338 5207 389 5258 tibi
402 5214 492 5274 pentes
503 5210 691 5263 hereditatem
707 5211 937 5280 tuorn(Psot.1r).
980 5215 1040 5285 ipse
1055 5214 1093 5266 sit
1109 5228 1157 5265 rex
1172 5228 1280 5281 regum.
1296 5211 1415 5264 Maxime
1437 5211 1513 5263 enim
1528 5212 1723 5280 promissiones
1738 5207 1762 5258 de

139 5290 226 5362 Virga
240 5297 334 5345 autem
350 5293 440 5347 ferrea
451 5303 575 5366 potestas
598 5298 765 5368 intelligitur
779 5299 939 5354 inflexibilis
981 5304 1043 5370 ejus
1068 5301 1261 5355 incarnatione
1277 5300 1312 5353 ad
1336 5299 1421 5353 David
1440 5300 1519 5352 taetre
1539 5305 1618 5362 sunt,
1639 5317 1654 5352 e
1678 5296 1762 5368 quibus

140 5386 170 5435 et
180 5380 293 5436 inuicta.
316 5379 352 5435 In
365 5381 443 5450 virga
462 5383 553 5438 terrea
571 5393 651 5457 reget
663 5394 771 5459 gentes,
785 5389 838 5442 hoc
851 5394 894 5442 est
907 5388 938 5442 in
978 5405 1036 5442 una
1049 5394 1091 5442 est
1106 5399 1112 5433 ἒ
1128 5387 1199 5441 Cum
1214 5388 1362 5442 dormieris
1377 5405 1439 5442 cum
1454 5387 1582 5458 patribus
1603 5389 1669 5455 tuis,
1689 5382 1761 5440 susci·

139 5471 220 5541 regni
231 5468 403 5540 fortitudine,
417 5471 459 5524 vel
471 5470 616 5530 iatlexibili
627 5477 749 5545 Justitia.
764 5476 838 5531 Hinc
851 5475 933 5531 Psal-
978 5476 1045 5530 tabo
1059 5475 1094 5530 de
1113 5476 1220 5531 semiue
1243 5482 1302 5543 tuo,
1326 5477 1400 5548 quod
1426 5477 1587 5546 egredietur
1614 5478 1649 5531 de
1675 5469 1760 5530 lumbis
