3840 6098
143 248 213 313 tlte
605 248 796 312 aurosum
810 246 850 310 lrt
864 239 1127 308 monument.
1136 276 1171 294 ··
1184 246 1254 307 me.
1268 241 1334 305 Vll.
1714 242 1784 306 ltto
1853 296 1860 313 ,

141 386 191 434 ⁸¹1t
200 390 255 435 1¹05
264 379 475 448 PODUDWDSBD
486 384 601 450 ΡῑὊΡῑθΓ
612 379 833 434 mutabilitatem
843 380 966 449 lloemlut
976 390 1096 447 interius
1115 392 1282 447 candescere
1306 388 1441 443 videmus.
1457 387 1529 442 ilinc
1544 392 1573 443 et
1598 383 1735 443 Dominus
1750 385 1780 458 ln

140 464 939 536 rum,calorisscilicetetfrigoris.Quocontradesanctis
981 480 1130 550 Evangetit,
1150 496 1269 551 mgnum
1295 478 1430 532 emiorum
1452 476 1543 532 mstati
1565 481 1720 546 comparat.
1746 476 1781 529 Et

139 555 387 625 dicitubifflaiam
397 560 510 626 tempus
521 572 577 610 ¹¹0ss
588 557 651 621 esst,
665 556 828 610 idestnulla
838 555 940 607 imfflu·
982 570 1065 632 locos,
1081 567 1207 638 pristiam
1217 565 1386 619 subauditur
1398 564 1588 629 visionisoon
1602 566 1777 618 cottuoentus

138 644 273 698 tabilitas.
290 643 370 707 Quod
386 660 526 714 exponens
545 645 650 699 Paulus
663 645 751 699 dicit:
770 645 867 699 Ornnos
880 645 941 710 qui·
981 655 1015 707 tm
1025 659 1074 710 tm,
1089 657 1129 708 At
1148 655 1173 709 si
1187 654 1293 708 diceret
1309 671 1315 705 :
1330 653 1435 722 Figura
1449 652 1584 722 praeterit,
1605 656 1707 705 natura
1721 668 1782 721 pei.

139 734 201 786 dtm
218 747 403 799 retulttmffla
432 734 477 786 Sed
499 749 555 786 ἢθη
569 749 662 787 Omntt
681 734 899 786 immutabimur
915 731 942 796 (l
980 747 1089 800 manet.
1109 742 1182 795 Hinc
1204 741 1309 795 Paulus
1323 736 1410 793 dicit:
1438 742 1564 794 Preterit
1582 742 1674 807 fiqure
1698 740 1781 809 liujus

140 820 201 875 Gor.
218 822 272 890 xv).
286 821 366 890 Apud
382 821 484 874 electos
499 821 575 875 enim
590 820 695 875 nullius
709 820 750 875 rel
765 820 821 874 erit
833 818 940 872 vicissi-
980 832 1083 884 muudi
1101 832 1127 899 (i
1140 832 1202 885 om,
1217 830 1274 900 m),
1290 828 1445 882 possumus
1457 834 1486 880 tt
1500 842 1550 899 pm
1565 826 1664 880 omium
1679 825 1781 881 immiti.

138 909 219 974 tudo,
240 910 289 962 sed
305 910 472 963 sicuterunt
484 909 657 963 immortales
672 909 846 980 corpore,sic
857 911 941 961 erunt
980 933 1047 988 gem
1062 918 1172 972 ammas
1186 923 1358 971 mimorum,
1374 916 1429 969 Pet
1448 920 1555 969 tomam
1575 931 1641 969 vero
1664 929 1782 987 corpora

141 1002 170 1050 ct
182 997 373 1051 immutabiles
398 1003 505 1053 mente.
525 997 647 1068 Reprobi
662 1002 767 1061 autem
793 994 860 1049 licet
883 995 940 1048 sint
980 1004 1104 1061 iliorum,
1120 1005 1187 1069 Qum
1201 1020 1258 1059 imm
1272 1005 1364 1058 mmm
1377 1010 1444 1057 tmm
1457 1003 1697 1074 immmptimem
1718 1018 1781 1057 tm.

139 1084 313 1138 immortales
327 1101 453 1156 corpore,
472 1093 567 1139 tamen
589 1086 798 1155 corruptionem
821 1083 964 1154 sustine,
981 1093 1067 1163 potis,
1078 1108 1174 1146 imum
1190 1093 1273 1146 etiam
1289 1090 1603 1146 incommutabilitatem
1618 1091 1721 1146 mentiti
1734 1108 1781 1144 m.

141 1172 290 1243 bunt,quia
303 1190 321 1226 a
331 1173 473 1228 vermibus
483 1173 712 1241 comedentur,et
722 1171 939 1226 mutabilitatem
981 1180 1089 1251 cepturi
1119 1185 1195 1245 sunt,
1212 1179 1324 1250 quando
1340 1177 1374 1232 ab
1386 1196 1419 1233 ea
1433 1180 1535 1250 specie,
1549 1195 1633 1250 quam
1648 1194 1722 1233 nunc
1733 1179 1784 1233 lta.

140 1261 228 1314 animi
242 1263 394 1331 patientur,
408 1278 575 1333 semperque
594 1261 733 1328 deficient,
751 1268 780 1316 et
794 1278 939 1332 nunquam
979 1266 1057 1331 bent,
1073 1273 1208 1338 tanquam
1228 1273 1335 1320 terram
1361 1272 1391 1320 ct
1415 1268 1517 1320 culum
1538 1272 1728 1333 transeuntes,
1749 1267 1779 1321 in

139 1348 323 1404 addelectum
338 1349 509 1421 pervenient.
526 1351 591 1407 Heec
605 1352 701 1422 itaque
725 1350 938 1404 immutabilitas
980 1354 1170 1425 pulchriorem
1185 1358 1290 1407 statum
1304 1351 1562 1408 commutabuntur.
1583 1350 1619 1408 Et
1632 1355 1710 1409 locus
1722 1354 1782 1426 pri-

139 1451 287 1507 poenarum
297 1439 342 1493 hic
351 1440 517 1509 exprimitur
525 1458 575 1512 per
586 1441 660 1495 diem
672 1446 818 1495 etnoctem
826 1439 936 1504 ‚atina
981 1443 1062 1496 stinae
1076 1440 1301 1512 corruptioniset
1310 1440 1508 1495 mutabilitatis
1517 1456 1573 1495 non
1583 1441 1742 1495 invenietur
1751 1441 1781 1496 in

139 1524 215 1578 diem
223 1542 371 1596 possumus
382 1529 485 1582 reterre
497 1529 532 1582 ad
539 1529 658 1598 gloriam
667 1529 818 1599 justorum,
828 1534 938 1581 noctem
980 1530 1029 1584 eis.
1047 1530 1134 1593 Quasi
1145 1529 1219 1583 enim
1232 1531 1292 1600 jam
1306 1544 1363 1583 non
1378 1528 1431 1599 ipsi
1442 1534 1518 1592 sunt,
1535 1527 1585 1583 sed
1600 1528 1658 1595 elii,
1680 1529 1748 1582 dum
1761 1544 1780 1582 a

139 1613 175 1665 ad
189 1629 301 1684 poenam
320 1615 514 1686 reproborum.
540 1616 583 1670 Illi
607 1633 673 1688 ergo
701 1616 750 1687 qui
775 1616 803 1669 in
829 1614 938 1670 inferno
978 1624 1118 1672 uetustate
1129 1617 1227 1688 primae
1238 1617 1424 1690 corruptionis
1434 1617 1622 1672 innoritatem
1631 1622 1780 1672 transeunt

140 1707 233 1768 erunt,
242 1702 287 1755 die
301 1719 333 1756 ae
347 1708 428 1757 nocte
442 1703 652 1767 cruciabuntur,
665 1704 846 1759 recordantes
852 1703 969 1790 bono-B
980 1705 1108 1760 secundae
1119 1704 1351 1776 regenerationis.

140 1804 204 1843 rum
216 1792 359 1859 justorum
371 1797 400 1844 et
412 1791 552 1845 malorum
566 1807 690 1845 suorum.
1016 1795 1049 1847 lit
1064 1795 1123 1847 eidi
1133 1798 1255 1847 nrortuos
1270 1809 1384 1861 magnos
1397 1797 1422 1846 ct
1434 1796 1550 1862 pusillos
1562 1799 1664 1849 stantes
1675 1797 1705 1848 in
1714 1810 1779 1850 con-

175 1877 208 1930 m
222 1879 280 1930 eidi
291 1879 422 1932 thronum
432 1895 567 1946 inaquam
576 1881 737 1933 condictum.
748 1877 878 1933 Thronus
888 1879 938 1932 Ec·
980 1882 1181 1950 spectuthroui.
1190 1881 1285 1950 Magni
1299 1886 1366 1935 sunt
1379 1880 1527 1951 dequibus
1542 1880 1678 1936 Dominus
1690 1881 1775 1936 dicit:

139 1963 225 2017 clesia
238 1969 291 2032 est,
316 1966 361 2019 cui
375 1965 505 2020 Christus
531 1966 714 2037 singulariter
728 1971 757 2020 et
770 1966 940 2037 generaliter
982 1968 1036 2035 Qut
1051 1970 1145 2036 fecerit
1161 1974 1185 2022 et
1200 1971 1331 2035 docitertt,
1350 1971 1394 2023 tic
1403 1985 1522 2036 magnus
1536 1972 1676 2024 vocabitur
1687 1973 1720 2024 in
1734 1985 1780 2024 re·

138 2053 278 2123 presidet.
289 2054 408 2124 Magnus
419 2055 531 2120 dicitur,
548 2055 615 2124 quia
628 2054 750 2109 Ecclesia
759 2072 792 2108 ex
808 2055 937 2108 multitu·
978 2071 1032 2123 pne
1048 2059 1179 2111 calorum
1196 2057 1306 2127 (illotus.
1320 2061 1361 2123 v),
1380 2054 1479 2111 Pusilli
1494 2057 1543 2127 qui
1569 2057 1779 2129 simplicitatem

139 2141 204 2195 dine
214 2143 307 2212 populi
324 2148 443 2209 constat,
458 2151 487 2196 et
499 2160 549 2214 per
564 2143 661 2197 mundi
674 2149 768 2213 partes
781 2142 930 2200 dilatatur.
977 2143 1041 2198 vitoe
1051 2151 1174 2210 servant,
1185 2145 1344 2200 necaltiora
1355 2144 1490 2218 mysteria
1503 2160 1603 2216 capere
1615 2144 1774 2204 sufficiunt.

139 2230 281 2284 Candidus
296 2231 362 2301 quia
375 2230 451 2286 lente
470 2230 648 2302 baptismatis
662 2231 697 2284 ab
712 2231 789 2285 ornni
811 2231 936 2285 abluitur
977 2231 1081 2286 Omnes
1094 2233 1170 2286 enim
1183 2231 1229 2286 bic
1242 2234 1412 2304 generaliter
1425 2231 1778 2304 comprehenduntur,qui-

138 2319 249 2372 macule
258 2320 392 2372 criminis.
401 2320 433 2373 El
443 2321 577 2373 sedentem
588 2335 752 2388 supereum.
762 2319 937 2374 subanditur
979 2336 1089 2392 cunque
1104 2321 1132 2374 in
1146 2322 1281 2390 judicium
1296 2327 1364 2376 sunt
1389 2321 1496 2376 venturi
1519 2321 1549 2374 in
1576 2321 1706 2391 gloriam.
1724 2321 1778 2375 Vel

138 2407 204 2461 vidi.
222 2408 274 2461 Per
288 2424 371 2477 quem
384 2406 519 2461 Dominus
529 2408 610 2461 Jesus
619 2408 746 2461 Christus
757 2408 934 2478 intelligitur,
979 2425 1096 2478 magnos
1115 2417 1144 2463 et
1162 2409 1279 2480 pusillos
1301 2426 1451 2481 possumus
1469 2409 1639 2481 intelligere,
1656 2427 1736 2481 reges
1750 2416 1779 2464 et

138 2496 186 2565 qui
201 2493 352 2549 habitatin
367 2495 497 2549 cordibus
507 2496 730 2550 fideliumiuxta
740 2495 937 2560 illuddnleott·
976 2497 1117 2568 principes
1131 2498 1216 2566 hujus
1228 2498 1321 2552 saeculi
1347 2515 1411 2552 cum
1430 2496 1488 2551 suis
1503 2497 1556 2550 sihi
1576 2497 1722 2568 subjectis.
1742 2499 1778 2555 Hi

138 2585 198 2636 toto
208 2587 418 2638 inilliseliatcr
433 2600 474 2637 eos
484 2585 631 2637 orrrbutobo
644 2584 936 2651 (imorum-ocutos
978 2585 1053 2638 enim
1083 2601 1180 2639 omnes
1206 2590 1235 2639 et
1258 2585 1328 2655 justi
1342 2585 1451 2639 scilicet
1467 2591 1494 2638 et
1508 2585 1699 2656 perfectiores,
1711 2602 1778 2642 cum

137 2677 278 2739 conspecto
287 2675 444 2738 totttterre
452 2677 476 2726 et
486 2673 654 2727 rainsendim
663 2677 705 2726 est
715 2671 790 2742 quod
799 2672 936 2726 Dominus
977 2671 1202 2740 simplicioribus,
1217 2675 1246 2724 et
1261 2671 1402 2742 principes
1422 2672 1508 2740 hujus
1521 2672 1616 2726 saeeuli
1635 2688 1699 2726 cum
1718 2673 1778 2728 suis

137 2759 205 2812 dicit
218 2777 224 2810 z
236 2762 339 2815 Cortum
352 2765 377 2812 et
392 2762 468 2813 terro
483 2761 658 2825 transiliunt,
674 2761 755 2813 verbo
767 2766 860 2814 autern
874 2776 935 2813 tneo
977 2759 1030 2812 sibi
1046 2759 1180 2830 subiectis
1195 2758 1311 2813 stabunt
1329 2759 1358 2813 in
1374 2760 1419 2814 die
1431 2759 1538 2829 judicii¹
1554 2760 1598 2814 llli
1615 2760 1728 2831 quidem
1746 2761 1778 2817 ut

138 2863 195 2900 raon
213 2848 491 2915 transihanttllotrt.
505 2850 589 2914 xxiv).
605 2848 891 2902 Transibuntceelum
906 2853 935 2901 et
976 2854 1203 2914 remunerentur,
1231 2848 1279 2901 isti
1304 2864 1369 2903 vero
1392 2854 1425 2902 ut
1447 2847 1626 2903 damnentur.
1652 2850 1685 2903 lit
1709 2850 1777 2904 titre

138 2939 223 3000 terra,
250 2949 308 2988 non
324 2941 354 2988 ut
374 2950 435 2988 esse
463 2934 604 2999 desinant,
629 2936 678 2989 sed
698 2935 933 2990 immutabuntur.
976 2939 1149 3004 apertisoul,
1167 2939 1278 2989 elatius
1292 2938 1640 3006 liheropertosest,poiest
1654 2938 1778 2993 ortati-

137 3023 221 3076 tuxta
235 3018 310 3093 quod
330 3023 437 3077 Paulus
460 3022 549 3076 dicit:
578 3025 704 3077 Pratcrut
727 3028 820 3092 figora
848 2994 1020 3093 lttcjoscbri
1034 3025 1137 3095 aperti,
1165 3024 1221 3078 duo
1245 3031 1312 3079 sunt
1326 3022 1515 3091 Testamenta,
1533 3042 1596 3096 quae
1618 3026 1648 3080 in
1668 3026 1775 3097 judicio

136 3112 273 3181 rnuodt(l
283 3115 342 3166 Gor.
358 3122 418 3171 nn.
429 3111 490 3164 Erit
504 3111 578 3165 euim
590 3118 658 3166 tunc
672 3113 774 3166 coelum
788 3129 890 3167 norum
906 3118 934 3167 et
975 3114 1145 3184 aperientur,
1160 3113 1272 3183 quando
1282 3113 1388 3184 singuli
1401 3114 1554 3168 electorum
1569 3114 1718 3170 manifeste
1733 3115 1775 3169 vi·

136 3204 214 3254 terre
231 3215 311 3254 nova.
332 3200 453 3269 Fugient
466 3200 570 3270 quippe
589 3216 607 3253 a
621 3207 771 3271 conspectu
780 3201 884 3271 judicis
898 3201 933 3254 ab
975 3201 1089 3266 debunt,
1106 3200 1173 3271 quid
1188 3218 1221 3255 ex
1232 3201 1275 3254 his
1290 3202 1500 3272 compleverint,
1514 3204 1557 3256 vel
1572 3204 1639 3273 quid
1656 3211 1773 3274 praeter⁴

135 3304 169 3342 ea
178 3289 279 3359 speeie,
291 3304 378 3358 quarn
393 3303 467 3341 nune
482 3287 598 3356 habent,
614 3294 643 3342 et
652 3290 801 3344 ostendent
814 3289 934 3361 pulchri·
974 3290 1196 3343 miserinthlius
1209 3295 1306 3344 autem
1319 3288 1401 3356 liber,
1416 3294 1466 3358 qui
1477 3296 1514 3344 est
1535 3296 1606 3358 cita,
1623 3292 1775 3348 Dominum

133 3378 270 3443 tudinem,
284 3392 369 3448 quam
386 3392 461 3430 nunc
470 3377 572 3429 celant.
586 3377 667 3431 Unde
682 3379 753 3432 etin
767 3379 819 3432 hac
832 3378 932 3433 eadem
974 3377 1069 3432 lesum
1086 3378 1231 3433 Christum
1245 3378 1395 3449 significat,
1412 3379 1461 3448 qui
1475 3380 1561 3433 vitam
1570 3379 1630 3433 suis
1644 3380 1775 3436 fidelibus

132 3466 300 3537 Apocalypsi
322 3466 448 3519 dicitur:
477 3466 536 3519 Victi
550 3469 646 3519 cetum
663 3482 764 3520 narrum
778 3473 802 3520 ct
827 3472 932 3521 terram
973 3466 1081 3522 tribuit.
1100 3468 1132 3520 ln
1145 3467 1193 3520 illo
1207 3467 1284 3521 enim
1299 3466 1372 3531 libri,
1383 3466 1438 3521 hoc
1450 3476 1494 3521 est
1512 3467 1567 3521 duo
1581 3469 1771 3537 Testamenta,

132 3559 373 3626 accuminatur).
386 3554 515 3608 Primum
526 3554 600 3607 enim
610 3557 932 3626 coelumetprimaterra
973 3555 1219 3625 aperientur,quia
1232 3554 1262 3607 in
1276 3554 1324 3606 illo
1340 3569 1437 3607 omncs
1452 3554 1575 3608 actiones
1588 3556 1659 3623 Justi
1681 3557 1774 3610 consi-

132 3643 209 3697 abiit.
219 3645 297 3713 Ignis
313 3645 388 3698 enim
402 3643 584 3697 comitabitur
594 3643 706 3697 Domini
718 3644 931 3714 adventum,qui
973 3641 1121 3695 derabunt.
1134 3642 1184 3694 Vel
1204 3641 1269 3694 libri
1287 3641 1387 3710 aperti,
1412 3658 1498 3711 opera
1512 3644 1654 3712 justorum
1669 3643 1775 3714 signifi-

130 3731 370 3802 tantumsparium
384 3732 457 3785 aeris
466 3731 621 3802 occupabit,
636 3737 774 3802 quantum
789 3733 932 3803 occupavit
972 3734 1112 3799 eantque
1125 3729 1154 3782 in
1164 3728 1271 3798 judicio
1284 3729 1414 3783 omnibus
1425 3730 1774 3787 manifestabunturNune

132 3833 206 3890 aqua
220 3819 327 3882 diluvii,
343 3820 454 3890 quando
470 3819 629 3890 quindecim
657 3820 757 3874 cubitis
779 3821 834 3874 suit
848 3836 933 3891 super
972 3818 1048 3871 enirn
1062 3818 1225 3871 abscondita
1238 3822 1305 3871 sunt
1315 3819 1458 3888 justorum
1473 3835 1569 3890 opera,
1585 3821 1651 3891 quia
1670 3822 1774 3876 huma·

133 3923 230 3962 omues
254 3913 372 3972 montes,
389 3908 437 3977 qui
450 3913 533 3961 emat
546 3904 598 3962 sub
613 3909 743 3962 universo
758 3909 835 3962 coelo·
853 3909 931 3962 Inter
971 3922 1040 3961 num
1058 3907 1147 3959 vitare
1161 3907 1305 3976 cupientes
1319 3906 1453 3972 favorem,
1465 3924 1546 3962 omne
1562 3925 1631 3983 opus
1645 3912 1774 3968 suumin

133 3998 193 4050 haec
205 4002 298 4050 autem
316 3996 470 4062 sciendum,
487 3995 554 4066 quia
563 3997 677 4067 quidam
688 3997 782 4051 minus
796 4005 877 4051 caute
891 3997 931 4050 di·
970 3994 1133 4049 abscondito
1146 3995 1262 4062 iaciunt,
1270 4000 1338 4049 tunc
1355 4000 1452 4049 autem
1464 3997 1612 4051 manifesta
1621 3998 1682 4054 lure
1696 4016 1773 4055 reve·

132 4086 226 4138 vinam
241 4085 415 4157 scripturam
426 4084 931 4156 considerantes‚priusdiaeruntcoe·
972 4083 1113 4138 labuntur.
1130 4084 1209 4138 Unde
1221 4084 1390 4153 Apostolus:
1414 4083 1501 4138 Veniet
1516 4088 1650 4141 Dominus
1664 4094 1689 4142 et
1704 4091 1770 4143 ittu-

133 4171 193 4224 lum
206 4177 235 4224 et
247 4176 352 4224 terram
366 4169 487 4223 transire
502 4184 552 4238 per
575 4169 678 4239 ignem,
696 4188 781 4242 quam
792 4170 931 4242 judicium
971 4173 1258 4226 minotttebscoadita
1269 4174 1457 4240 tenebrarum,
1467 4180 1492 4227 ot
1504 4177 1694 4243 enanifostatit
1710 4188 1773 4232 coh-

133 4258 204 4313 lien'.
219 4258 339 4325 Quidam
353 4275 418 4312 vero
433 4257 586 4324 affirmant,
603 4259 681 4328 prius
694 4259 819 4314 futuram
835 4276 930 4315 resur·
971 4263 1037 4314 sitio
1051 4261 1191 4328 cortitum,
1209 4264 1234 4313 et
1256 4264 1322 4313 tunc
1337 4262 1399 4314 tores
1416 4264 1469 4315 erit
1487 4266 1637 4333 unicuiqae
1651 4281 1668 4318 a
1681 4267 1733 4320 Deo
1746 4267 1775 4337 (1

135 4348 298 4415 rectionem,
329 4347 431 4402 deinde
462 4342 526 4398 coeli
551 4356 579 4404 et
610 4354 692 4402 terroe
711 4337 1033 4406 innovationemilonr.
1048 4354 1098 4417 rr).
1114 4349 1165 4402 Vel
1180 4346 1245 4401 libri
1265 4348 1351 4402 etiam
1370 4349 1570 4420 intelliguntur
1594 4355 1773 4410 conscientiae

137 4437 231 4492 Sedet
253 4438 303 4493 hos
328 4444 356 4490 et
369 4437 432 4493 illos
446 4440 539 4494 minus
551 4445 634 4494 cauta
647 4438 806 4508 conspectio
820 4437 929 4502 lelelht,
973 4450 1033 4511 quae
1040 4437 1159 4507 singulis
1166 4436 1285 4490 invicem
1295 4438 1630 4512 manifestabuntur‚quia
1636 4442 1773 4515 quidquid

136 4527 209 4595 quod
218 4527 322 4581 Paulus
333 4528 504 4592 manifestat,
521 4527 569 4600 qui
584 4526 652 4582 dicit
665 4539 670 4571 2
682 4528 744 4580 Dtcs
760 4528 873 4580 Domini
888 4528 931 4581 dc·
971 4544 1045 4583 unus
1056 4526 1199 4596 cogitabit,
1210 4525 1246 4579 ab
1260 4526 1349 4581 altero
1364 4527 1445 4581 facile
1456 4528 1634 4600 intelligitur.
1650 4532 1683 4586 lit
1692 4534 1772 4599 judi·

136 4617 334 4684 dormitatio
349 4621 380 4671 ia
390 4621 453 4685 ione
467 4619 636 4672 rceetctitur
645 4618 668 4685 tl
678 4617 739 4672 Gor.
750 4629 802 4676 nn.
811 4614 846 4669 Et
855 4614 931 4669 Psal-
971 4620 1027 4670 coti
1035 4621 1101 4670 suut
1111 4618 1218 4670 incrtat
1227 4631 1260 4669 ea
1271 4614 1313 4669 lats
1321 4621 1491 4683 qusscrtpm
1505 4624 1587 4671 erant
1597 4623 1628 4672 in
1639 4621 1718 4674 tibris
1732 4636 1772 4674 se-

134 4704 219 4757 mista
233 4721 239 4755 ε
254 4707 329 4772 ignis
341 4709 370 4758 ia
381 4710 522 4775 conspectu
535 4709 594 4773 ejus
607 4704 714 4758 ardebit
728 4708 752 4757 et
762 4707 794 4756 in
808 4706 930 4758 circo-itu
972 4707 1096 4759 mudum
1120 4720 1201 4773 opera
1215 4706 1350 4772 ipsorum.
1367 4703 1398 4757 ld
1414 4711 1467 4770 est,
1482 4721 1515 4758 er
1532 4711 1653 4776 utroque
1671 4707 1771 4762 Testa-

135 4796 192 4859 ejus
210 4799 350 4861 tempestas
364 4797 457 4848 valido
473 4797 555 4865 (Psoi.
571 4792 656 4863 xtra).
673 4792 762 4847 Simul
781 4791 856 4847 enim
871 4787 932 4846 Do·
972 4799 1067 4847 mento
1078 4776 1196 4864 judicati
1210 4798 1277 4846 sunt
1288 4793 1442 4846 secundum
1455 4794 1529 4863 quod
1543 4810 1576 4848 es
1588 4795 1632 4850 his
1644 4796 1772 4852 fecerunt

134 4880 229 4932 minus
249 4880 342 4933 reniet
358 4882 554 4951 adjudicium,
571 4888 600 4936 et
612 4881 716 4935 mortui
731 4886 887 4952 resurgent,
903 4885 933 4933 et
973 4888 1092 4936 autnon
1108 4881 1243 4935 lecerunt.
1259 4881 1309 4936 Vel
1322 4882 1409 4937 etiam
1423 4898 1457 4935 cx
1477 4886 1686 4955 comparatione
1702 4904 1769 4958 ope-

135 4970 275 5022 elemente
284 4971 349 5037 igne
359 4971 511 5034 solventur,
522 4970 779 5041 atqueomnia,Deo
787 4970 931 5041 judicante
972 4986 1036 5024 rum
1049 4977 1211 5024 sanctorum
1224 4969 1428 5041 judicabuntur
1442 4972 1564 5043 reprobi,
1584 4974 1631 5043 qui
1646 4977 1727 5045 quasi
1740 4976 1770 5032 in

135 5057 305 5128 perignem,
320 5072 384 5110 cum
398 5058 573 5112 adversarios
587 5059 660 5129 ignis
679 5058 836 5128 involverit,
852 5063 880 5111 et
901 5057 932 5112 in
972 5056 1141 5128 expansione
1155 5056 1293 5111 librorum
1306 5058 1404 5129 legunt
1417 5059 1609 5129 bonum,quod
1618 5077 1703 5133 agere
1718 5082 1771 5121 no·

135 5147 277 5200 infernum
291 5145 557 5217 demerserit,atque
571 5146 849 5217 electosadregnum
864 5162 932 5217 prae-
971 5147 1094 5213 luerunt,
1120 5147 1329 5202 considerantes
1355 5149 1442 5203 vitam
1465 5149 1617 5218 justorum,
1650 5168 1771 5224 quorum

136 5237 329 5302 miserit,tunc
339 5236 563 5289 coelumetterra
578 5252 650 5290 nova
659 5236 845 5307 apparebunt,
856 5236 931 5309 quod
971 5234 1180 5308 comparatione
1203 5234 1382 5290 damnantur.
1399 5236 1575 5310 Quapropter
1590 5230 1702 5310 expedit
1715 5241 1771 5297 illis

136 5341 188 5378 nos
202 5340 311 5395 quoque
326 5325 451 5396 exemplo
467 5324 683 5394 colligimuS,qui
696 5322 859 5378 hiemalium
873 5325 930 5378 die·
969 5323 1044 5377 utin
1058 5322 1189 5393 prasenti
1205 5323 1260 5376 vita
1272 5328 1351 5385 actus
1361 5340 1458 5378 eorum
1473 5324 1659 5393 considerent,
1677 5333 1705 5381 et
1723 5328 1771 5394 de-

136 5430 201 5467 rum
224 5415 442 5469 revolutiouibus
466 5429 582 5468 vernum
606 5419 717 5482 tempus
732 5411 931 5467 abundantiori
971 5411 1088 5465 teriones
1099 5426 1167 5465 usus
1177 5409 1355 5462 conversione
1370 5411 1530 5471 immutent.
1552 5414 1606 5479 Qui
1618 5415 1693 5470 enim
1707 5417 1770 5489 ple·
1863 5452 1869 5468 .

136 5503 451 5580 solisluminesuperius
463 5502 667 5580 splendescere,
682 5500 817 5556 rametam
828 5502 933 5556 florum
972 5500 1089 5556 nissime
1110 5494 1268 5570 intelligere
1282 5497 1398 5569 appetit,
1415 5501 1505 5574 qualis
1519 5507 1572 5576 est,
1588 5501 1670 5557 debet
1683 5502 1770 5589 nimi«,
