3818 6104
129 267 180 329 691
337 271 527 332 harmotus
545 218 790 329 hmanasrnr.
811 269 924 327 uulso
943 267 1024 326 OPP.
1042 268 1135 326 PARS
1154 267 1177 325 1.
1200 298 1233 311 -
1252 266 1438 326 ΟΟΜΜΕΝΤ.
1458 266 1551 325 BIBL.
1711 267 1760 326 692

129 393 197 465 'golii
210 411 262 468 per
274 394 446 469 baptismum
462 403 491 456 et
515 416 566 474 per
590 399 664 469 dona
686 397 806 469 Spiritus
825 395 1023 462 sancti‚Anon
1031 396 1215 467 raleatperse
1222 393 1327 465 aliquid
1337 391 1629 465 implere,sidet'uerit
1636 391 1760 462 spiritos’

132 498 194 557 qua
208 487 365 562 accepimus
379 494 436 544 tam
450 489 479 545 in
499 489 668 561 baptismate
683 503 765 559 quam
776 502 826 559 per
840 487 929 557 impo-
968 483 1215 556 tamenquandiua
1226 482 1497 554 spiriturivihcatur,
1507 482 1778 553 sempercootrarin

133 569 264 629 titionem
277 591 412 633 manuum
427 578 630 649 episcoporum,
646 581 675 630 et
692 591 743 648 per
754 572 928 630 communio·
970 574 1079 629 videtur
1093 574 1215 645 spiritui.
1231 573 1259 627 id
1274 577 1317 628 ost
1338 571 1553 626 rationabilitati
1568 571 1681 625 montis.
1693 570 1778 636 Qu&

133 675 197 716 nem
211 665 334 737 corporis
347 671 375 721 et
386 667 533 738 sanguinis
543 666 654 735 Domini
663 666 708 721 cui
716 665 927 737 participamus,
969 669 1084 734 propter
1096 663 1166 716 dicit
1180 662 1348 734 Apostolus:
1361 663 1679 729 Ooroconcapiscit,etc.
1692 660 1752 725 Quo

132 752 162 805 ot
175 748 225 806 illa
231 753 355 808 libertate
364 771 461 825 sumus
470 755 561 822 liberi,
572 771 627 826 qua
637 755 762 810 Christus
772 770 821 808 nos
832 754 930 807 libera·
970 752 1053 807 modo
1066 751 1237 823 concupiscit
1243 767 1308 805 caro
1318 749 1451 804 adversus
1471 749 1602 820 spiritum
1608 749 1778 824 audiamuq

133 839 181 901 vt'b
198 855 249 915 per
260 843 417 920 passionem
433 860 513 900 suam
536 849 565 898 et
587 860 638 915 per
651 841 782 914 baptismi
795 840 925 912 gratiam.
971 841 1042 896 Caro
1052 839 1193 896 desiderat
1202 856 1314 912 semper
1326 839 1428 910 repleri
1444 838 1524 905 cibis,
1536 837 1778 916 inebriariiuq

134 924 233 983 Omnis
243 930 317 985 onim
334 932 480 1004 quiddam
506 931 626 988 Abrahae
652 929 746 997 habet,
762 935 791 984 et
804 928 930 983 imitator
970 928 1053 993 riare,
1066 929 1181 984 inomni
1190 928 1507 994 delectationemanere‚
1522 942 1651 998 quaerens
1659 943 1778 1004 semp„

134 1002 255 1087 oporam
266 1019 387 1084 Abrahae
410 1021 512 1089 existit,
534 1021 632 1093 utique
653 1019 728 1075 tilius
742 1023 786 1074 est
798 1017 927 1082 Abrahae‚
972 1018 1044 1088 quod
1056 1034 1138 1072 snum
1151 1022 1203 1072 est.
1217 1018 1285 1073 Ecce
1299 1017 1438 1089 quomodo
1452 1033 1518 1071 caro
1534 1016 1706 1087 concupiscit
1715 1030 1770 1085 &d-

135 1119 192 1160 non
206 1123 257 1178 per
275 1113 419 1177 naturam,
434 1112 483 1173 sed
499 1126 550 1183 per
563 1108 760 1174 imitationem,
780 1107 932 1162 sioutalias
971 1105 1213 1177 remusspiritum.
1225 1106 1352 1160 Econtra
1370 1104 1760 1176 spiritusconoupiscitadeer.

135 1195 288 1267 Apostolus
301 1198 391 1267 dicit:
413 1199 445 1263 Si
472 1216 534 1268 erpo
564 1216 609 1253 cor
636 1199 749 1264 Christi,
765 1213 827 1265 erqo
841 1213 932 1252 semen
972 1192 1751 1269 suscarnem.quiailledelectaturjejuniis,abstinentia,

136 1283 491 1358 incrassatorum).
507 1288 561 1352 Qui
570 1304 634 1343 vero
645 1287 727 1342 tidem
741 1303 825 1358 quam
835 1284 930 1353 habet,
973 1285 1101 1340 castitate
1111 1285 1190 1340 ethis
1200 1302 1262 1357 qum
1273 1284 1495 1338 carnioontraria
1504 1289 1580 1337 sunt.
1588 1283 1643 1337 Sed
1653 1299 1746 1355 sequen

135 1368 219 1427 bonis
228 1374 422 1446 operibusnon
432 1382 557 1441 exornat,
575 1376 708 1431 nimirum
720 1391 776 1430 non
789 1373 932 1445 reputabi·
972 1374 1025 1428 dus
1035 1379 1078 1428 est
1091 1389 1202 1445 semper
1216 1373 1341 1445 spiritus,
1356 1373 1422 1444 quia
1442 1372 1490 1426 ille
1509 1372 1610 1442 quaerit
1628 1388 1677 1443 per
1693 1375 1743 1444 quod

136 1463 185 1514 tur
194 1458 269 1516 inter
278 1463 351 1529 illios
364 1464 492 1533 Abrahae,
508 1481 598 1536 neque
612 1465 730 1536 accipiet
741 1463 933 1520 haereditatem
972 1463 1067 1517 anima
1081 1463 1148 1518 vivit
1157 1464 1225 1518 Deo.
1243 1463 1379 1518 Similiter
1392 1476 1544 1532 possumus
1567 1465 1597 1515 et
1618 1459 1652 1515 de
1662 1461 1741 1532 Spiritu

138 1548 280 1605 calestem
305 1567 368 1608 cum
394 1553 459 1617 illis.
491 1555 669 1626 Quapropter
690 1552 873 1607 laborandum
890 1555 933 1606 cst
973 1557 1069 1607 sancto
1084 1552 1185 1606 dicere.
1200 1551 1271 1605 Dum
1283 1550 1356 1605 enim
1373 1549 1493 1604 carnalis
1505 1549 1656 1603 delectatio
1664 1549 1741 1606 deside

139 1636 268 1693 omnibus
280 1626 409 1708 nobis,ut
417 1643 500 1711 fidem
511 1657 595 1715 quam
608 1641 744 1697 habemus
756 1640 932 1713 exsecutione
973 1645 1017 1695 rat
1027 1640 1185 1710 transgredi
1195 1644 1335 1711 precepta
1344 1638 1405 1705 Dei,
1416 1638 1552 1692 adversus
1567 1638 1741 1718 Spiritunsan·

138 1723 276 1804 bonorum
289 1717 582 1801 operumstudeamus
609 1731 751 1796 decorare,
772 1730 829 1785 ueri
841 1728 934 1785 imita·
973 1734 1049 1785 ctum
1061 1729 1242 1800 concupiscit,
1261 1732 1289 1782 et
1299 1727 1367 1782 duur
1379 1727 1501 1799 Spiritus
1514 1732 1630 1782 sanctus
1644 1728 1741 1798 prohibet

138 1818 215 1870 tores
228 1815 304 1873 illius
318 1805 432 1875 adecti.
456 1802 459 1807 ¹
661 1807 662 1812 ἵ
974 1818 1073 1888 inlege
1083 1823 1112 1872 et
1121 1817 1264 1890 prophetis
1272 1816 1393 1887 atquein
1405 1816 1556 1886 Evangelio
1562 1834 1623 1888 quae
1630 1816 1741 1871 camdeni

329 1893 332 1896 ⁴
975 1907 1065 1971 derat,
1077 1908 1210 1962 adversus
1222 1905 1298 1960 iilam
1306 1905 1488 1977 concupiscit.
1497 1905 1580 1961 Unde
1589 1905 1677 1961 subdit
1686 1907 1739 1982 Apo·

452 1964 570 2021 ⁰APUT
585 1963 622 2019 v·
975 1996 1078 2050 stolus:
1092 1998 1160 2064 Hac,
1171 1994 1309 2066 inquiens,
1322 1994 1349 2049 id
1359 1998 1474 2048 estcaro
1485 2000 1514 2049 et
1534 1977 1649 2065 spirilus
1659 1997 1738 2050 a'tiio·

156 2085 933 2157 Dr'ooautcminchristo:Spiritaambulatr,etdesideria
975 2082 1738 2160 vioemodcerraatar,eto.Sicsibiinvicemoontrariasont

140 2174 236 2239 carnis
244 2188 301 2227 noa
307 2177 463 2242 perficietis.
474 2174 514 2231 De
528 2174 581 2228 hac
592 2173 711 2228 lectione
726 2173 826 2229 diversi
837 2173 935 2228 docto-
975 2188 1039 2226 caro
1048 2178 1076 2226 et
1085 2172 1325 2243 spiritns,utquod
1336 2173 1393 2227 uult
1405 2188 1541 2238 caro,non
1550 2171 1736 2244 consentiatspi·

138 2274 184 2312 res
198 2276 255 2325 non
266 2262 412 2335 aqualiter
425 2262 560 2329 sentiunt,
572 2261 817 2333 dicentesquidam
832 2262 867 2316 de
880 2260 935 2332 spi·
975 2261 1062 2316 ritus:
1079 2267 1107 2315 et
1119 2261 1192 2331 quod
1204 2262 1330 2332 spiritus,
1351 2277 1408 2316 non
1438 2262 1598 2316 consentiat
1614 2278 1679 2327 caro,
1692 2261 1736 2332 qnia

139 2346 197 2403 ritu
205 2349 327 2417 bominis
340 2335 463 2425 iocpturn
475 2368 536 2406 esse
544 2351 770 2422 hicApostolum,
780 2351 853 2405 sicut
865 2351 934 2405 Cas·
975 2349 1166 2404 carodelectat
1176 2349 1279 2404 seruire
1288 2350 1496 2422 vitiis,spiritos
1506 2357 1602 2406 autem
1612 2349 1735 2424 virtutdu.

139 2435 245 2509 smnus,
255 2438 297 2493 uir
307 2439 585 2510 prudentissimusin
596 2439 797 2494 Collationibus
810 2443 932 2506 Petrum,
1012 2440 1120 2508 erodsi
1133 2442 1274 2495 riccimiri
1287 2444 1399 2509 spirito.
1415 2439 1448 2494 Id
1461 2446 1514 2515 est,
1530 2441 1554 2512 si
1569 2440 1735 2515 rationabiliter

139 2525 934 2603 quidamdeSpiritusancto‚utbeatusAugustinusQuod
976 2529 1067 2584 vivitis
1092 2535 1121 2584 et
1148 2529 1360 2594 conversamini,
1385 2546 1440 2583 non
1456 2533 1521 2584 estis
1536 2532 1647 2601 subrecti
1658 2533 1735 2597 laid

138 2617 731 2690 utrumquenonincongrue,nequecontra
740 2616 934 2672 rectitudinem
976 2633 1033 2672 non
1044 2617 1172 2672 estvcbis
1194 2617 1353 2673 necessaria
1362 2618 1416 2680 lex,
1433 2619 1500 2689 quia
1512 2619 1555 2672 lex
1566 2636 1620 2673 non
1635 2624 1671 2673 est
1678 2617 1735 2688 justis

138 2700 202 2756 tidei
210 2704 298 2777 accipi
309 2705 545 2780 potestDicanrus
552 2707 649 2778 igitur,
658 2708 739 2777 juxta
747 2706 913 2761 Cassianum
926 2725 932 2761 :
976 2705 1077 2777 posita,
1085 2707 1132 2760 sed
1144 2706 1239 2777 impiis
1250 2713 1278 2760 et
1291 2706 1493 2778 peccatoribus.
1505 2707 1596 2762 Aliter
1608 2727 1614 2762 ε
1627 2707 1653 2763 si
1665 2706 1734 2778 spiritu

138 2789 244 2870 Spiritu
253 2792 404 2864 ambulate,
416 2795 444 2848 id
455 2801 497 2850 est
508 2794 740 2868 Spirituducente
758 2794 850 2848 vivite.
863 2792 935 2858 Quid
978 2794 1123 2856 ducimini,
1133 2795 1160 2848 id
1177 2800 1220 2848 est
1234 2795 1256 2848 si
1270 2795 1374 2865 Spiritu
1386 2801 1482 2849 sancto
1490 2794 1685 2866 gubernamini,
1695 2791 1734 2847 etsi

138 2884 256 2952 astorgo
266 2883 529 2956 spiritushominis?
538 2883 736 2955 Principalitas
750 2884 860 2944 animm,
875 2899 936 2953 qum
978 2883 1130 2936 secundum
1140 2882 1213 2952 quod
1226 2881 1348 2953 Spiritus
1362 2887 1475 2936 sanctus
1484 2883 1567 2937 docet
1579 2884 1608 2938 in
1622 2880 1734 2954 scripturis
1776 2882 1778 2887 '

139 2960 167 3023 et
181 2968 389 3026 rationabilitas
400 2973 503 3038 mentis
513 2973 828 3044 appellatur,perquam
839 2987 936 3043 possu·
977 2971 1081 3025 sanctis
1097 2970 1196 3037 vivitis,
1220 2986 1276 3024 non
1304 2970 1371 3024 estis
1403 2971 1509 3025 subditi
1537 2972 1603 3045 legi,
1622 2966 1734 3027 sedalieri

139 3072 203 3110 mus
217 3073 384 3135 cognoscere
399 3060 468 3131 qnid
479 3059 632 3115 debeamus
658 3066 799 3132 appetere,
821 3067 850 3114 et
868 3058 935 3134 quid
977 3059 1043 3113 estis
1057 3059 1091 3113 ab
1107 3075 1149 3124 ea,
1162 3059 1232 3114 nihil
1244 3060 1270 3114 ei
1283 3059 1427 3116 debentes.

139 3143 237 3199 vitare
251 3145 280 3202 Si
287 3147 401 3220 (inquit)
425 3149 525 3219 spiritu
542 3148 676 3214 vixeritis.
688 3149 741 3203 hoc
752 3154 803 3212 est,
819 3150 841 3203 si
855 3151 936 3220 juxta
1013 3149 1160 3215 Manifesta
1170 3153 1262 3202 autom
1272 3153 1337 3202 sunt
1349 3152 1543 3217 operacarais,
1556 3167 1615 3219 qua
1622 3155 1685 3204 sant.
1694 3148 1734 3203 on·

140 3232 389 3305 rationabilitatem
399 3242 427 3290 et
436 3237 608 3291 intellectum
617 3238 856 3304 mentisrixeritis
868 3239 938 3292 desi·
977 3235 1059 3289 nibus
1070 3236 1099 3289 in
1112 3235 1253 3290 Christum
1269 3235 1456 3301 credentibus,
1472 3237 1646 3310 maximeque
1656 3231 1736 3307 illisqui

141 3322 220 3375 deria
233 3326 337 3388 carnia,
352 3323 381 3380 id
406 3330 449 3378 est
469 3324 608 3379 desideria
627 3326 748 3379 carnalis
768 3327 889 3380 hominis
908 3331 937 3382 et
977 3324 1224 3396 spiritalemvitam
1239 3330 1392 3391 sectantur,
1409 3326 1438 3379 in
1453 3330 1566 3380 tantum
1581 3334 1644 3382 nota
1655 3324 1735 3383 curtat

141 3410 372 3482 concupiscentiae
381 3413 501 3489 nralaeac
513 3413 652 3468 desideria
666 3415 858 3469 delectationis
868 3432 937 3487 pra-
978 3413 1063 3467 etiam
1079 3412 1114 3466 ab
1129 3413 1184 3467 iliis
1199 3430 1229 3468 se
1243 3414 1349 3468 alienos
1359 3414 1616 3480 reddant‚¹scientes
1628 3415 1737 3487 quisna-

141 3516 181 3571 rae
200 3516 258 3569 non
283 3505 438 3570 perficietis.
462 3503 530 3569 Qum
558 3503 615 3557 sint
639 3503 888 3567 desideriacarnis,
908 3504 936 3559 in
977 3507 1034 3556 tem
1050 3511 1200 3572 generant.
1220 3503 1375 3556 Fornicatio
1392 3499 1737 3568 diciturctomicitus,toc

141 3587 377 3661 subsequentibus
398 3591 632 3647 manifestabitur.
651 3592 781 3647 Dicamus
797 3597 826 3647 et
845 3593 935 3661 aliter,
978 3596 1049 3645 esta
1065 3590 1133 3644 locis
1148 3590 1333 3645 theatralibus
1344 3590 1577 3663 etlupanaribus,
1593 3609 1650 3664 qua
1659 3584 1740 3646 ionia·

142 3684 291 3750 sequentes
300 3692 413 3736 sensum
429 3679 504 3735 beati
518 3681 678 3752 Augustini.
700 3681 803 3735 Notum
819 3681 938 3737 habetur
977 3679 1039 3744 bus,
1054 3679 1081 3733 id
1097 3685 1140 3733 est
1154 3678 1283 3744 arcubus,
1301 3686 1368 3734 sunt
1382 3685 1554 3746 constructa,
1570 3686 1664 3753 quaet
1674 3680 1744 3733 sian·

142 3767 215 3839 apud
226 3768 359 3835 eruditos,
377 3769 483 3841 Spiritu
499 3776 595 3825 sanct>
621 3770 744 3825 dictante
766 3775 851 3842 atque
862 3788 937 3826 rere-
978 3768 1058 3822 naria
1077 3774 1143 3822 tuno
1156 3766 1378 3839 appellabantur.¹
1398 3769 1427 3823 in
1443 3770 1546 3841 quibus
1556 3775 1634 3825 crant
1646 3762 1745 3824 menti·

142 3855 288 3927 lantelqui
300 3857 383 3912 unius
394 3857 557 3913 substantia
577 3863 621 3913 est
632 3875 695 3913 cum
708 3860 791 3914 Patre
803 3865 831 3913 et
846 3860 934 3929 Filio),
978 3872 1033 3918 ces,
1048 3873 1112 3911 cum
1128 3851 1229 3926 quibus
1253 3856 1508 3913 commiscebantur
1529 3856 1688 3930 spurcissimi
1698 3849 1747 3924 qul·

142 3944 301 4017 Scripturas
315 3963 410 4001 sacras
425 3947 596 4019 conscriptas
611 3965 681 4014 esse,
699 3955 726 4002 et
737 3948 831 4002 omnia
844 3948 939 4002 diuina
980 3960 1043 4015 quo.
1058 3945 1201 3999 Fornicari
1211 3951 1305 4000 nutem
1320 3951 1364 4000 est
1386 3963 1449 4001 cum
1473 3948 1747 4018 pentatheucum

141 4034 253 4106 eloquia
281 4040 309 4090 et
336 4042 474 4110 precepta
498 4036 601 4108 quaein
619 4038 679 4107 lego
703 4044 731 4091 et
756 4036 940 4108 prophetiset
979 4033 1204 4087 uiduisnondum
1216 4035 1273 4088 lJeo
1289 4035 1488 4089 sacratiscoiro
1515 4034 1750 4099 lamentante

142 4112 285 4193 Evangelii
297 4125 388 4194 gratia
403 4125 590 4191 continentur,
606 4125 641 4179 ab
662 4126 710 4179 itio
730 4126 797 4180 data
809 4143 879 4180 esse.
896 4126 940 4180 ld·
978 4123 1125 4190 pudicitia·
1144 4117 1751 4196 lutttrt'aapfflestappellariquocunqtttffltd⁰

143 4209 216 4265 circo
227 4211 469 4282 dicitApostolus:
482 4213 589 4286 Spiritu
608 4212 759 4276 ambulate,
772 4215 854 4268 idest
868 4214 941 4268 sicut
980 4211 1038 4264 stat.
1053 4209 1175 4264 Luxuria
1185 4227 1250 4265 vero
1257 4217 1298 4265 est
1308 4213 1407 4265 noxius
1422 4213 1525 4267 humor
1532 4211 1749 4285 superabundas·

90 4295 94 4303 “
145 4297 267 4368 Spiritus
275 4305 388 4355 sanctus
397 4300 478 4355 docet
487 4316 520 4355 ac
528 4301 654 4373 praecipit
665 4301 692 4355 in
705 4302 806 4356 divinis
817 4303 938 4374 Scriptu·
1017 4300 1157 4352 Iclolorrun·
1173 4302 1289 4354 scenitas
1304 4307 1345 4354 est
1360 4301 1530 4367 idololatria,
1546 4319 1608 4373 quae
1621 4304 1755 4357 iunctm·

143 4383 192 4450 ris,
202 4384 331 4440 itavivite
341 4388 586 4450 etconversamini,
599 4389 938 4446 ambulantesctcrescen·
979 4388 1055 4458 poris
1070 4395 1131 4441 erat
1146 4404 1216 4458 pene
1230 4389 1260 4442 in
1281 4389 1409 4444 omnibus
1423 4390 1565 4461 gentibus.
1580 4378 1758 4446 Ροεειιηιυεοι

144 4472 338 4529 tesderirtute
349 4475 378 4529 in
388 4475 529 4543 virtutem,
541 4477 575 4530 de
587 4477 680 4531 fidead
690 4495 777 4549 sporn,
794 4480 828 4533 de
843 4482 939 4551 spond
979 4492 1030 4546 per
1045 4477 1095 4530 hoc
1111 4477 1184 4546 quod
1196 4477 1272 4544 dicit,
1289 4478 1427 4532 idolorum
1438 4479 1568 4544 servitus,
1586 4476 1759 4535 attiorisasu

144 4562 320 4631 charitatem,
331 4564 366 4619 de
379 4562 515 4620 charitate
525 4565 559 4637 ad
568 4567 758 4639 operationem
773 4569 936 4639 perfectam.
979 4565 1380 4636 avaritiamintelligereUndc
1390 4567 1418 4621 in
1428 4566 1555 4638 Epistola
1562 4564 1762 4624 cocotoesase·

144 4650 449 4719 Quodsihocieceritis‚
459 4655 594 4708 desideria
607 4654 727 4709 carnalis
741 4656 938 4726 concupiscon-
979 4657 1107 4722 veneficia
1117 4660 1182 4709 sunt
1198 4655 1342 4719 maleficia,
1356 4655 1407 4709 hoo
1420 4661 1462 4709 est
1481 4656 1615 4711 malefica
1624 4661 1696 4719 artes,
1708 4650 1764 4723 pt?

142 4739 189 4797 tire
203 4758 259 4797 non
274 4745 431 4812 perficietis.
448 4741 520 4806 Quid
537 4749 580 4796 est
595 4742 668 4813 quod
682 4742 750 4797 dicit
769 4745 939 4815 Apostolus?
980 4759 1041 4812 quae
1053 4749 1192 4812 coguntur
1205 4759 1278 4813 saepo
1305 4742 1401 4797 miseri
1415 4758 1512 4797 amare
1527 4750 1556 4799 et
1579 4744 1674 4799 amari.
1684 4736 1764 4797 orte

179 4830 248 4887 Coro
259 4835 423 4900 concrmircit
435 4834 836 4902 aduersusspi-ritaor,spir·itas
845 4840 937 4889 autern
979 4831 1113 4884 dicuntur
1123 4831 1263 4895 veneficia,
1276 4832 1355 4901 quasi
1370 4848 1476 4886 ueneno
1487 4832 1599 4889 iniecta.
1615 4828 1767 4888 inimicit!

144 4921 274 4974 aduersus
290 4937 412 4975 carnem.
429 4920 562 4991 Nunquid
578 4926 670 4991 potest
681 4936 745 4975 caro
756 4922 859 4994 aliquid
875 4939 939 4977 con·
979 4926 1044 4974 sunt
1056 4920 1135 4973 malm
1146 4920 1629 4994 voluntates.dorrtcntionessaepeer
1644 4913 1767 4992 soperbil

144 5007 297 5076 cupiscere,
311 5008 334 5061 si
348 5009 470 5063 doluerit
483 5008 619 5080 spiritns?
640 5009 712 5063 Non.
732 5009 810 5074 Quod
825 5010 938 5081 probari
979 5009 1134 5080 procedunt
1147 5009 1212 5080 quia
1228 5009 1324 5062 uolunt
1338 5011 1507 5065 contendere
1520 5010 1555 5065 de
1577 5002 1768 5082 quaestiouibu‘

144 5098 274 5162 potcstex
285 5096 447 5167 corporibus
460 5098 587 5153 mortuis.
596 5097 748 5170 Postquam
762 5100 836 5154 eninr
852 5099 938 5171 spiri·
979 5098 1136 5152 divinarum
1151 5097 1358 5168 Scripturarum
1379 5103 1464 5168 atquc
1478 5100 1564 5153 etiam
1577 5099 1763 5156 hammonia-

142 5185 203 5235 tum
218 5182 419 5248 exhalaverint,
437 5201 493 5239 non
507 5188 596 5241 solum
610 5187 805 5259 concupiscere
820 5205 876 5243 non
890 5205 938 5243 ra·
980 5189 1084 5243 utdum
1096 5187 1136 5241 illi
1146 5187 1264 5241 uictores
1276 5187 1407 5249 existunt,
1416 5177 1765 5257 glorificentur.AEmulatt‘0

141 5270 209 5336 lent,
222 5271 270 5325 sod
286 5271 370 5325 etiam
382 5272 493 5342 aliquod
509 5274 698 5330 membrorum
714 5294 764 5346 per
783 5294 812 5330 se
828 5293 938 5332 movere
980 5284 1022 5332 ost
1035 5277 1148 5335 invidia.
1158 5277 1193 5331 de
1203 5277 1377 5347 qualegitur,
1389 5277 1463 5347 quod
1479 5280 1653 5343 aemulantes,
1661 5270 1757 5332 inab

142 5375 196 5414 non
212 5364 337 5430 possunt.
353 5360 472 5414 Carnem
496 5378 562 5432 ergo
583 5364 706 5435 appellat
719 5365 871 5430 hominem,
887 5368 935 5437 qui
979 5366 1133 5420 inridentes
1144 5366 1246 5436 loseph
1257 5367 1357 5419 tratres
1372 5366 1425 5427 sui,
1436 5362 1756 5423 vendideruntitlumdrl

141 5447 382 5504 carnaliatantum
392 5451 582 5520 etcorporalia
591 5453 699 5521 quaerit,
710 5454 849 5508 carnalem
865 5472 935 5526 quo·
977 5465 1020 5510 est
1032 5455 1148 5525 grandis
1172 5454 1322 5509 commotio
1350 5455 1448 5509 animi·
1466 5455 1500 5510 Et
1525 5456 1578 5511 hoo
1597 5439 1756 5512 disrationet

138 5554 194 5616 que
203 5537 936 5601 cousuetudincmctdelectationem.·Lioetenimcaro
978 5545 1085 5601 iratum
1099 5559 1131 5599 ac
1141 5542 1317 5608 iracundum,
1335 5545 1400 5617 quia
1414 5544 1504 5601 iratum
1519 5560 1572 5617 pro
1584 5539 1748 5620 tcmponttb
