3818 6104
142 286 195 346 sat
586 288 795 346 rutensem
814 290 854 345 m
873 290 1092 347 muscunu
1109 276 1342 347 sacramen.
1716 288 1787 382 ‚aaa

143 412 341 481 servabantur,
349 420 379 470 et
391 413 537 468 dicebatur
547 413 629 483 panis
640 420 764 480 sanctus,
772 414 806 468 de
822 430 876 485 quo
888 431 944 468 non
955 415 1381 486 AbolocaustaRecipitisenim
1392 416 1521 486 apopulo
1529 415 1652 470 dammas
1661 415 1787 470 omnium

142 501 248 557 licebat
261 503 347 557 edere
359 503 413 557 nisi
424 500 626 556 sacerdotibus.
642 502 689 556 stt
699 519 766 573 ergo
783 521 788 554 :
808 522 819 552 ι
833 502 946 557 Ollertis
987 504 1111 573 frugum,
1122 510 1150 557 et
1160 509 1260 558 eaetera
1270 520 1331 574 quae
1342 519 1374 556 ex
1384 503 1528 557 sacrificiis
1546 503 1700 558 hostiarum
1711 503 1789 557 vobis

144 607 229 663 per
237 593 331 646 altare
345 608 438 646 meum
455 607 557 662 panem
572 591 721 661 pollutum,
742 597 789 646 »et
800 593 867 646 dum
884 609 947 646 mea
987 592 1049 661 lege
1064 593 1177 646 decreta
1188 598 1263 646 sunt.
1282 591 1401 645 Proinde
1418 591 1483 662 quio
1498 592 1586 646 Deum
1602 594 1631 646 in
1646 591 1789 646 sacrificiis

144 680 283 734 sacrificia
296 681 371 734 male
381 679 517 744 tractatis,
527 695 581 744 me,
593 681 673 750 cujus
683 686 750 735 sunt
758 688 944 744 sacramenta,
987 680 1128 735 offenditis
1142 681 1246 735 debilia
1261 696 1379 751 queque
1395 680 1547 743 offerendo,
1564 681 1639 750 agite
1654 681 1792 751 poeniten·

144 767 263 822 doleas.
281 768 362 833 Quod
375 784 442 822 vero
456 767 604 838 sequitur:
619 786 632 819 c
649 767 683 823 In
698 785 731 823 eo
747 770 821 840 quod
835 768 944 826 dicitis:
986 768 1065 831 tiam,
1082 774 1111 822 et
1123 768 1314 839 deprecamini
1339 769 1445 822 vultum
1472 768 1594 833 Domini,
1611 769 1635 823 si
1650 769 1791 839 quomodo

146 855 242 910 biensa
258 856 372 910 Domini
393 855 530 926 despecta
550 860 604 918 est,
630 861 752 927 »potest
771 858 811 911 sic
833 859 943 929 exponi,
986 857 1154 911 misereatur
1163 857 1257 911 vestri.
1275 858 1314 911 Ex
1328 857 1381 911 hcc
1394 857 1455 911 loco
1468 857 1625 928 colligimus
1634 858 1791 928 gratiorem

148 944 299 1015 qucdillud
307 945 397 999 altare
405 943 480 1016 quod
490 943 765 1000 fecerantrererside
773 947 944 1017 captivitate,
987 946 1111 1000 esseDeo
1122 946 1285 1000 servitutem
1297 962 1357 1016 quae
1368 946 1620 1017 impresentiarum
1629 947 1789 1001 mercedem

149 1047 200 1087 uon
213 1038 278 1087 erat
291 1035 353 1104 ejus
366 1033 473 1104 gloriae,
486 1034 566 1103 cujus
584 1033 676 1088 fuerat
690 1035 848 1105 antiquum,
867 1035 945 1090 ideo·
986 1034 1158 1105 nonreeipit.
1171 1034 1250 1088 Unde
1259 1035 1409 1110 Apostolus
1418 1035 1508 1104 gratis
1519 1034 1688 1105 praedicabat
1698 1035 1790 1090 Evan-

151 1136 198 1191 que
212 1120 347 1175 dicebant
360 1121 520 1192 despectam
536 1138 597 1175 esse
611 1137 738 1175 mensam
751 1123 874 1189 Domini,
887 1128 948 1178 tan·
988 1123 1194 1192 gelium,nccte
1209 1128 1237 1176 et
1251 1122 1297 1175 die
1312 1122 1442 1176 laborans
1457 1123 1599 1194 operando
1613 1123 1717 1178 victum
1732 1140 1789 1178 ma·

153 1225 229 1281 quam
244 1209 373 1280 religioni
393 1211 504 1264 deesset
522 1210 666 1273 sanctitas,
684 1211 732 1282 qui
746 1211 844 1266 deerat
856 1211 947 1266 ambi-
989 1211 1081 1271 nibus,
1097 1217 1128 1263 ut
1140 1210 1209 1265 nulli
1224 1216 1298 1264 esset
1312 1211 1426 1266 cuerit
1442 1211 1505 1264 Non
1520 1217 1563 1266 est
1577 1212 1644 1265 mibi
1659 1212 1788 1266 voluntas

154 1300 195 1362 tic,
213 1315 279 1355 cum
299 1304 413 1353 econtra
432 1299 509 1354 Deus
533 1314 590 1353 non
617 1299 714 1352 altaris
734 1307 875 1363 umatum,
896 1301 944 1355 sed
989 1297 1018 1351 in
1034 1297 1119 1362 robis,
1132 1298 1201 1352 dicit
1217 1298 1353 1352 Dominus
1375 1300 1558 1363 exercituum,
1575 1305 1603 1352 ct
1618 1316 1787 1355 ntunusnon

158 1386 941 1456 offerentisdevcrationemrequirat.Sedetaltiorisensu,
985 1386 1136 1457 suscipiam
1164 1387 1199 1439 de
1223 1403 1310 1439 uranu
1332 1392 1433 1440 restra.
1461 1387 1721 1440 »lilanifestissima
1741 1394 1784 1441 est

159 1474 271 1546 increpat
284 1474 395 1529 divinus
410 1491 503 1529 sermo
517 1475 678 1530 sacerdotes
691 1481 719 1529 et
734 1475 877 1530 ministros
893 1479 943 1531 Ec·
984 1474 1140 1544 prophetia.
1158 1490 1208 1527 nec
1223 1481 1287 1544 eget
1301 1473 1474 1544 profundiori
1487 1474 1679 1545 expositione:
1696 1475 1786 1545 loqui·

126 1600 128 1604 ι
164 1562 246 1631 desire,
256 1564 330 1635 quod
341 1563 517 1634 negligenter
525 1569 647 1618 tractent
658 1563 753 1619 divina
762 1565 906 1636 mysteria,
915 1571 943 1620 et
983 1558 1031 1616 tur
1044 1570 1138 1616 autem
1153 1564 1186 1616 ad
1203 1563 1362 1617 sacerdotes
1377 1563 1498 1634 proprie,
1516 1563 1563 1634 qui
1577 1563 1690 1617 illicitas
1706 1563 1787 1618 ricti-

166 1651 264 1706 oderant
275 1668 361 1722 super
376 1651 465 1706 altare
480 1651 592 1706 Domini
608 1669 708 1723 panem
718 1653 867 1724 pollutum,
879 1671 943 1710 cum
985 1666 1046 1704 mas
1061 1651 1224 1716 offerebant,
1239 1657 1323 1722 atque
1345 1651 1408 1706 ideo
1431 1651 1559 1706 voluntas
1575 1652 1625 1706 Dei
1640 1668 1724 1722 quem
1739 1668 1787 1706 ex-

167 1740 272 1795 ridelicet
283 1740 392 1811 indigni
407 1740 443 1793 ad
457 1741 547 1794 altare
562 1741 707 1806 accedunt,
725 1748 754 1795 et
768 1743 944 1812 pollutacon-
953 1722 977 1782 Β
986 1739 1167 1804 acerbabant,
1179 1757 1235 1794 non
1257 1744 1318 1794 erat
1332 1741 1360 1793 in
1372 1741 1422 1805 eis,
1436 1740 1520 1794 simul
1533 1740 1618 1794 etiam
1633 1741 1715 1796 docet
1728 1757 1787 1794 ear-

169 1829 260 1883 teieutia
272 1829 410 1884 mundum
424 1828 592 1899 sanguinem
614 1829 722 1893 bibunt,
746 1837 775 1885 et
798 1847 944 1886 sacrosan-
985 1826 1096 1881 nalibus
1110 1828 1223 1883 illorum
1237 1829 1357 1882 victimis
1369 1828 1530 1900 spirituales
1545 1829 1786 1884 victimassucces·

170 1923 335 1988 campartem
349 1917 498 1988 inquinato
527 1934 575 1972 cre
597 1919 774 1990 percipiunt3
792 1919 886 1990 sicque
901 1922 941 1988 fit,
984 1932 1075 1982 suras,
1090 1932 1141 1969 nee
1155 1916 1184 1970 in
1200 1933 1256 1970 una
1267 1922 1377 1969 tantum
1394 1915 1537 1987 provincia
1550 1916 1721 1983 ludaeorum,
1735 1917 1785 1972 sed

170 2004 358 2076 uldespiciatur
374 2007 671 2077 mensaDomini,quae
681 2025 731 2078 per
742 2025 772 2082 se
782 2015 879 2063 sancta
889 2016 941 2072 est,
963 2012 965 2016 ’
985 2004 1061 2058 omni
1087 2005 1253 2059 locoolierri
1276 2004 1333 2058 Deo
1361 2002 1496 2058 mundam
1520 2003 1701 2071 oblationem,
1733 2006 1786 2059 hoe

171 2107 208 2162 pro
218 2095 526 2149 ministrorumrilitste.
541 2096 595 2150 Sed
608 2095 663 2149 alio
674 2087 946 2168 intellectu,quand6
985 2098 1036 2154 est,
1053 2093 1220 2147 sacrificium
1240 2093 1315 2164 quod
1331 2110 1405 2147 nunc
1420 2093 1580 2163 frequentat
1597 2094 1730 2149 Ecclesia.

171 2182 317 2250 predicator,
328 2183 376 2255 qui
387 2183 563 2254 spiritualem
574 2200 685 2254 panem,
694 2184 722 2238 id
733 2192 775 2239 est
785 2186 942 2241 doctrinam
1023 2199 1034 2229 ¹
1052 2179 1093 2233 Ab
1101 2187 1165 2235 ortu
1177 2180 1253 2234 essim
1268 2181 1334 2235 801'18
1350 2197 1437 2251 U⁸q¹10
1452 2181 1488 2235 ad
1498 2197 1639 2247 00688οω,
1652 2199 1787 2253 magnum

172 2271 254 2340 populis
266 2273 391 2326 dividere
405 2271 530 2337 deberet,
545 2271 689 2327 blanditur
697 2274 858 2343 potentibus
868 2275 944 2329 etdi-
984 2274 1028 2322 est
1041 2285 1143 2323 nornen
1158 2286 1253 2323 meum
1265 2269 1445 2339 ingentibus.
1458 2276 1486 2323 et
1495 2270 1524 2323 in
1536 2270 1613 2324 omni
1628 2270 1688 2325 loco
1699 2271 1788 2325 sacri-

172 2356 247 2413 ritibus
254 2361 339 2431 hujus
355 2361 459 2420 saculi.
479 2377 567 2431 eaque
589 2360 714 2432 loquitur
729 2379 790 2433 quae
811 2363 867 2418 illis
882 2364 943 2434 pla·
985 2358 1127 2411 maturet
1142 2357 1258 2411 offertur
1272 2357 1380 2412 nomini
1395 2375 1457 2411 meo
1472 2357 1576 2412 oblatio
1592 2359 1708 2425 munda,
1721 2360 1788 2430 quia

172 2453 237 2510 taut.
247 2465 296 2503 nec
303 2453 451 2520 peccantes
457 2451 536 2518 J'usta
548 2449 701 2520 asperitate
711 2451 943 2522 corripit,panem
984 2462 1118 2515 maguum
1129 2451 1171 2498 est
1186 2461 1289 2499 nonten
1300 2440 1394 2500 meum
1408 2446 1437 2499 in
1458 2446 1601 2517 gentibus,
1612 2447 1680 2501 dicit
1691 2448 1787 2502 Domi·

173 2533 243 2607 utique
254 2538 387 2592 doctrine
396 2537 505 2608 polluit,
515 2543 544 2592 et
551 2537 603 2608 ipsi
611 2537 730 2592 Domino
742 2541 943 2594 ceritumeliam
985 2551 1038 2588 nus
1048 2534 1231 2595 exercituum,
1244 2540 1272 2588 ct
1283 2551 1330 2588 vos
1346 2535 1486 2604 polluistis
1499 2535 1605 2589 illudio
1617 2552 1649 2588 ec
1660 2537 1735 2606 quod
1744 2536 1788 2590 di·

173 2619 298 2688 ittitdum
313 2642 441 2680 mensam
456 2625 666 2695 scripturarum
677 2626 834 2682 divinarum
854 2645 942 2683 saecu-
986 2622 1047 2676 citis
1063 2642 1068 2675 :
1086 2623 1182 2676 Mensa
1196 2622 1308 2677 Domini
1323 2623 1516 2677 contaminata
1530 2628 1584 2685 est,
1599 2629 1628 2676 et
1648 2624 1722 2693 quod
1743 2640 1788 2678 su-

173 2707 209 2764 ltri
220 2713 355 2779 doctrinas,
368 2730 432 2784 qua>
446 2720 489 2767 est
508 2730 604 2768 mensa
620 2714 770 2779 idolorum,
786 2721 868 2786 putat
882 2734 942 2771 esse
985 2710 1151 2781 perponitur
1163 2709 1375 2780 contemptibile
1391 2717 1510 2764 osteum
1525 2711 1582 2781 igni
1604 2711 1651 2780 qui
1670 2711 1788 2765 devorat

172 2796 273 2856 antem.
985 2799 1064 2852 illud.
1083 2819 1095 2850 n
1113 2799 1191 2857 Sicut
1199 2800 1260 2869 jam
1273 2815 1359 2870 supra
1374 2796 1495 2852 breviter
1511 2799 1615 2852 dictum
1632 2805 1683 2866 est,
1699 2816 1788 2871 popu-

195 2889 241 2946 «si
253 2890 376 2946 offeratis
391 2907 494 2946 eaecum
506 2891 542 2945 ad
556 2891 769 2957 immolandum,
780 2909 873 2948 mnne
884 2911 945 2949 ma.
985 2885 1029 2940 lus
1044 2886 1136 2957 quide
1146 2887 1306 2957 captivitate
1321 2903 1449 2941 reversus
1465 2887 1566 2950 fuerat,
1576 2892 1685 2942 tantum
1698 2889 1789 2943 altare

169 2970 209 3033 lun
228 2980 288 3034 est?
311 2985 341 3033 et
361 2979 385 3033 si
409 2980 531 3034 offeratis
556 2981 687 3037 claudum
711 2987 740 3035 et
764 2982 940 3053 languidum,
985 2974 1108 3029 fortuitis
1119 2975 1290 3046 etimpolitis
1305 2975 1444 3046 lapidibus
1458 2976 1653 3043 aedificaverat,
1662 2977 1711 3031 sed
1721 2977 1788 3048 quia
1886 3041 1890 3047 ⁴

170 3075 237 3122 nonne
249 3068 356 3122 malum
371 3069 434 3122 est?
449 3068 605 3123 Offerillud
615 3069 680 3123 duci
691 3073 749 3130 tuo,
765 3071 788 3124 si
805 3072 943 3142 placuerit
983 3063 1083 3135 templi
1097 3069 1265 3117 ornamenta
1276 3063 1402 3125 deerant,
1418 3063 1556 3135 putabant
1569 3066 1707 3119 minorem
1724 3082 1788 3120 esse

169 3151 242 3220 ti,ant
262 3157 286 3212 si
309 3157 465 3228 susceperit
488 3156 589 3211 faciem
616 3163 705 3220 tuam,
723 3157 792 3213 dicit
805 3161 942 3217 Dominus
982 3151 1012 3205 in
1024 3168 1057 3205 ec
1070 3150 1177 3205 cultum
1194 3151 1347 3222 religionis.
1358 3152 1496 3223 Loquitur
1505 3170 1571 3223 ergo
1587 3153 1622 3208 ad
1637 3154 1787 3209 eosDomi·

167 3245 321 3300 uereituum.
339 3246 374 3300 Et
396 3261 472 3299 nunc
494 3244 686 3317 deprecamini
709 3248 817 3302 vultum
840 3249 890 3302 Dei
911 3256 943 3305 ut
983 3255 1036 3293 nus
1052 3256 1102 3310 per
1117 3241 1283 3310 prophetam
1298 3241 1457 3295 :Pollutum
1473 3242 1579 3313 putatis
1590 3258 1650 3296 csse
1661 3244 1788 3297 altareet

109 3344 111 3357 ·
166 3331 307 3388 temtor
321 3335 405 3388 vestri
426 3334 467 3388 De
482 3349 568 3389 mano
581 3333 658 3388 enim
673 3341 766 3390 vestra
779 3336 884 3390 sactum
900 3345 944 3393 est
983 3328 1148 3383 holocausta
1172 3345 1205 3382 ac
1228 3329 1354 3383 victimas
1379 3347 1440 3401 quae
1469 3336 1708 3402 superponuntur,
1735 3348 1787 3386 nec

109 3416 112 3481 ζ
165 3415 207 3485 lte,
217 3422 383 3494 siquomcdo
398 3423 533 3493 suscipiat
540 3422 626 3477 facies
635 3427 751 3487 vestras,
767 3424 940 3481 dicitliomi.
984 3419 1153 3488 cognoscitis
1168 3417 1321 3472 Dominum
1338 3435 1394 3473 non
1405 3420 1466 3473 auri
1476 3420 1518 3473 vel
1529 3420 1639 3490 argenti
1654 3425 1786 3475 ornatum

109 3496 111 3559 J
165 3520 199 3563 tus
211 3512 390 3566 exercituum.
407 3511 546 3565 »Reversi
565 3512 601 3566 de
624 3512 766 3583 Babylone
782 3514 942 3567 sacerdotes
983 3523 1121 3577 quaerere,
1153 3523 1244 3577 neque
1281 3508 1491 3562 multitudinem
1519 3508 1708 3575 victimarum,
1738 3509 1788 3564 sed

109 3598 111 3609 '
164 3601 287 3671 ceterique
302 3598 425 3653 ministri
437 3600 533 3670 templi
550 3599 665 3653 Domini
680 3599 835 3655 offerebant
846 3601 875 3655 in
890 3602 941 3655 De·
983 3596 1119 3650 mundam
1133 3595 1310 3649 offerentium
1323 3597 1505 3650 voluntatem.
1521 3597 1594 3651 Sane
1604 3614 1731 3652 mensam
1742 3597 1788 3652 hic

165 3686 216 3741 uiui
231 3687 367 3742 sacrificio
391 3686 503 3741 illicitas
524 3687 662 3752 victimas,
682 3704 753 3742 caeea
774 3707 886 3760 quoque
914 3696 943 3744 et
986 3700 1042 3738 non
1058 3701 1120 3737 eam
1132 3683 1267 3737 debemus
1278 3689 1377 3755 putare
1392 3702 1570 3757 superquam
1582 3702 1669 3755 panes
1682 3703 1787 3758 propo-

166 3772 241 3830 tbtuda
251 3783 280 3831 et
294 3775 373 3830 uaria
386 3766 531 3830 debilitate
546 3777 684 3841 confecta,
697 3785 902 3848 conquerentes
912 3796 942 3834 se
983 3773 1093 3826 titionis
1107 3771 1293 3843 ponebantur,
1310 3774 1358 3827 sed
1376 3774 1464 3827 altare
1479 3775 1507 3828 in
1523 3791 1578 3845 quc
1594 3775 1730 3830 sacrificia
1744 3776 1786 3830 in·

166 3859 307 3934 depenuria
320 3869 349 3918 et
362 3863 529 3918 necessitate
544 3864 644 3919 offerre
658 3865 725 3919 haec.
738 3866 811 3919 Dicit
821 3883 902 3936 ergo:
912 3868 941 3922 Si
983 3859 1185 3925 caedebantur,
1198 3861 1271 3929 quod
1283 3859 1412 3913 innuitur
1421 3861 1579 3926 manifeste,
1587 3879 1650 3916 cum
1662 3863 1766 3918 dicitur
1777 3883 1783 3918 :

166 3943 302 4016 hujusmodi
316 3964 436 4003 munera
450 3949 565 4002 offerres
579 3949 643 4003 duci
657 3954 716 4015 tuo,
734 3951 861 4022 nunquid
885 3968 941 4006 non
985 3969 996 4000 ι
1010 3950 1080 4003 Cum
1093 3949 1149 4019 igni
1160 3949 1208 4020 qui
1220 3949 1288 4002 illud
1299 3949 1423 4003 devorat.
1442 3951 1559 4020 »Neque
1570 3950 1645 4004 enim
1655 3968 1744 4022 panes
1754 3952 1786 4006 il-

167 4043 284 4105 rapuerat
296 4035 362 4090 illa?
371 4036 475 4106 Utique
488 4036 595 4091 diceret
609 4037 711 4091 factam
727 4037 780 4091 sibi
796 4038 937 4108 injuriam.
982 4036 1025 4090 los
1035 4036 1108 4106 ignis
1122 4036 1292 4100 assumebat,
1305 4037 1354 4090 sed
1369 4053 1386 4089 a
1400 4036 1591 4091 sacerdotibus
1601 4039 1785 4092 comedeban-
1878 4087 1882 4093 .

167 4119 210 4183 Qut
220 4124 301 4194 igitur
313 4124 426 4179 ratione
441 4124 546 4178 offertis
560 4125 680 4179 Domino
703 4127 777 4196 quod
802 4127 870 4181 dare
890 4129 940 4182 hc·
981 4129 1038 4179 tur.
1055 4124 1105 4178 Vel
1116 4131 1191 4179 certe
1206 4125 1247 4179 ita
1263 4130 1355 4196 potest
1370 4126 1457 4195 accipi
1473 4126 1548 4196 quod
1561 4126 1783 4182 dicitur:rMen·

168 4209 263 4267 minibus
276 4230 331 4267 non
342 4212 472 4267 audetis?
481 4213 637 4284 allegorice
652 4214 764 4268 victima
779 4215 830 4270 Dei
838 4223 881 4270 est
892 4216 941 4270 bo·
982 4231 1013 4268 sa
1023 4213 1135 4268 Domini
1151 4214 1343 4268 contaminata
1352 4221 1404 4278 est,
1418 4234 1431 4266 e
1444 4219 1473 4268 et
1482 4215 1554 4284 quod
1567 4231 1653 4285 supra
1671 4216 1787 4286 ponitur

168 4310 217 4352 uun
227 4301 336 4372 aliquod
355 4318 437 4372 opus,
451 4301 552 4366 oratio,
575 4302 763 4374 eleemosyna,
784 4302 1202 4375 caeteraqueDeontemptibile,
1214 4319 1278 4357 eum
1290 4304 1355 4372 igne
1372 4303 1420 4374 qui
1429 4303 1500 4357 illud
1510 4304 1626 4358 devorat
1636 4323 1643 4371 ;
1655 4305 1723 4376 quid
1732 4306 1787 4377 (iu-

169 4382 274 4444 Deosunt
281 4399 360 4461 grata
372 4390 518 4443 sacrificia.
530 4389 634 4444 Verum
647 4390 670 4443 si
683 4397 805 4445 caecaest
814 4392 938 4459 victima,
981 4393 1092 4462 quiunt)
1102 4392 1225 4462 prodest,
1238 4391 1261 4445 si
1273 4392 1381 4462 optima
1391 4393 1542 4445 offeramus
1551 4392 1563 4445 l
1573 4391 1786 4466 Qualiscumque

169 4471 441 4533 tinuimuscll'erentis
452 4493 508 4531 non
518 4477 674 4532 illustratus
684 4480 745 4532 luce
758 4480 893 4545 veritatis,
910 4482 939 4536 id
981 4481 1055 4534 enim
1068 4479 1184 4548 fuerint,
1200 4480 1263 4550 igne
1278 4481 1469 4534 consumenda
1484 4485 1561 4535 sunt.

171 4563 291 4624 &tanen
302 4565 472 4637 simplexest
481 4565 724 4637 ejusintentioqui
734 4567 825 4633 offert,
837 4570 938 4624 clauda
1017 4587 1030 4622 α
1043 4571 1077 4624 Et
1087 4569 1214 4623 dixistis:
1231 4568 1302 4623 Eece
1313 4568 1347 4621 de
1357 4567 1462 4632 labore,
1477 4575 1506 4622 et
1516 4570 1685 4625 exsufflastis
1699 4572 1784 4637 illud,

170 4653 327 4710 stantionis
342 4654 465 4716 medina,
478 4671 539 4726 quae
553 4655 657 4725 duplici
673 4662 766 4710 mente
781 4658 890 4712 accedit
902 4659 937 4713 ad
979 4658 1048 4712 dicit
1060 4658 1196 4712 Dominus
1218 4658 1402 4711 exorcituum.
1427 4658 1460 4711 Et
1481 4656 1618 4712 intulistis
1630 4659 1664 4713 de
1677 4660 1784 4730 rapinis

170 4742 307 4801 reanum
326 4745 428 4804 Deum,
440 4741 594 4814 debilisque
609 4744 753 4799 Christum
770 4761 826 4799 non
841 4746 937 4816 habet,
978 4747 1110 4800 claudum
1120 4752 1149 4799 et
1159 4745 1637 4815 languidum,etintulistismunus.
1651 4746 1783 4818 Nunquid

169 4824 206 4892 qui
216 4833 338 4888 strutus
348 4838 379 4887 et
387 4831 535 4903 sapientia.
543 4830 708 4887 Istiusmodi
719 4833 840 4889 victimae
855 4835 878 4889 si
895 4836 936 4890 cf·
978 4834 1128 4905 suscipiam
1139 4834 1207 4888 illud
1217 4834 1251 4887 de
1263 4851 1348 4888 manu
1359 4839 1459 4894 restra,
1473 4833 1542 4886 dicit
1552 4833 1687 4888 Dominus
1697 4851 1777 4891 exer-

170 4911 272 4985 feruntur,
286 4922 403 4975 minime
419 4920 476 4974 Dec
489 4921 600 4992 placere
619 4928 746 4992 possunt,
763 4923 831 4994 quin
843 4924 937 4995 potius
978 4923 1102 4977 rituum?
1119 4924 1267 4994 »Populus
1282 4923 1316 4975 de
1332 4921 1473 4991 Babylone
1494 4938 1636 4987 reversus,
1653 4939 1716 4978 cum
1731 4925 1784 4981 ho·

169 5013 227 5057 reum
237 5006 334 5064 faciunt
343 5009 537 5063 offerentem«
550 5009 671 5064 Etnune
681 5011 871 5082 deprecamini
879 5012 937 5065 vul·
978 5012 1046 5065 stias
1061 5011 1180 5064 Domino
1199 5010 1322 5072 offerret,
1344 5009 1433 5062 coacti
1453 5014 1482 5063 et
1505 5010 1601 5065 tristes
1623 5011 1781 5070 dicebant:

168 5090 329 5162 unuomim.
345 5102 380 5152 ut
392 5097 561 5153 misereatur
574 5100 669 5161 vestri,
688 5120 698 5150 ι
714 5105 745 5154 ut
760 5117 855 5171 supra.
977 5099 1048 5153 Ecce
1063 5098 1204 5152 delabere
1219 5103 1315 5151 nostro
1338 5096 1408 5150 illud
1430 5097 1583 5165 offerimus,
1609 5101 1709 5172 praedae
1732 5119 1781 5157 su-

195 5181 271 5247 tQuis
283 5192 326 5241 est
343 5186 373 5239 in
387 5185 464 5239 robis
479 5187 525 5257 qui
541 5186 655 5241 claudat
666 5188 748 5253 ostia,
765 5196 794 5243 et
806 5190 936 5245 incendat
977 5188 1178 5249 musbcstium,
1191 5191 1219 5240 et
1230 5185 1365 5256 quidquid
1377 5184 1481 5239 habere
1492 5187 1644 5257 potuimus,
1656 5192 1685 5243 in
1699 5191 1783 5262 longo

166 5264 324 5330 Qemeum
333 5274 461 5347 gratuito
472 5274 484 5328 f
497 5294 511 5328 a
523 5276 630 5330 Sensus
638 5277 767 5331 talisest:
780 5278 881 5333 Nullus
893 5286 936 5333 est
976 5278 1076 5332 itincre
1089 5276 1324 5345 consumpsimus,
1339 5275 1544 5348 qualiacunque
1559 5279 1696 5335 habemus
1710 5282 1780 5336 offe-

163 5353 253 5417 intobis
274 5366 322 5437 qui
349 5363 487 5436 gratuito,
511 5364 540 5418 id
566 5371 609 5419 cst
627 5365 688 5419 sine
711 5367 848 5429 mercede,
866 5367 933 5421 mihi
974 5366 1072 5420 rimus.
1089 5365 1153 5418 Haec
1167 5363 1302 5429 dicentes,
1320 5366 1506 5420 exsufflabant
1521 5383 1573 5420 sua
1587 5370 1733 5432 sacrificia,
1749 5369 1778 5424 id

161 5449 248 5516 terrim,
264 5469 320 5508 non
343 5451 480 5525 pontifex,
491 5468 547 5507 non
559 5452 698 5518 sacerdos
715 5455 764 5508 sed
784 5471 875 5525 nequc
886 5456 932 5525 ia·
974 5461 1016 5508 est
1028 5453 1221 5507 exsufflatione
1236 5453 1322 5524 digna
1343 5453 1493 5508 faciebant.
1522 5454 1644 5518 Quidam
1665 5456 1773 5509 codices

159 5532 224 5604 nitor,
233 5548 258 5596 et
269 5541 293 5597 is
306 5543 358 5613 qui
372 5541 469 5612 Quem
487 5541 621 5612 supponit
634 5541 717 5598 altari
732 5541 769 5596 ad
781 5543 933 5597 cremanda
973 5541 1086 5606 babent,
1104 5559 1117 5594 u
1134 5534 1305 5598 exsufflastis
1312 5559 1366 5608 me,
1385 5560 1396 5592 t
1413 5548 1446 5597 ut
1463 5543 1500 5597 sit
1513 5558 1612 5599 sensus
1628 5563 1633 5596 :
1650 5543 1714 5596 Non
1727 5558 1772 5594 sa·
