3818 6104
131 245 204 305 sors
578 245 770 302 exeosrrio
785 244 827 300 nr
840 244 1102 308 aroozurrsrn.
1120 278 1155 295 -
1168 252 1238 308 ere.
1253 252 1292 309 n.
1703 260 1775 319 roze
1806 230 1809 240 ’

127 372 220 427 estis?
240 370 330 426 Exirit
344 371 389 425 hic
403 369 472 425 ordo
487 371 703 441 praedicatorum
721 388 739 425 a
756 370 853 427 Jndaea
866 373 1085 431 cumdterfecit
1095 377 1399 433 Adamflocestenim
1409 381 1484 449 quod
1494 381 1776 452 hicdicitur,utinri·

126 477 180 515 suo
194 460 298 530 equite,
314 459 366 514 hoc
380 464 433 526 est,
446 475 510 512 eum
526 460 637 514 Christo
647 459 700 512 sibi
711 459 821 513 dicente
834 478 840 512 ε
854 457 897 511 lte
907 457 936 510 in
976 478 1037 516 cem
1048 480 1079 518 se
1090 464 1261 520 interficiant
1276 467 1412 521 homines.
1422 468 1611 526 Permembra
1623 489 1674 527 sua
1686 474 1774 529 etiam

127 549 269 603 mundum
293 548 465 602 universum.
484 549 605 602 Vinctus
629 547 720 618 primo
744 547 886 601 dissbOluffl
905 545 935 600 1¹¹
973 559 1086 630 jugulat
1097 562 1211 625 multos,
1224 567 1254 616 et
1265 562 1452 633 spiritualiter
1464 566 1621 637 separando
1636 583 1653 622 a
1667 569 1731 633 fide,
1748 574 1778 625 et

129 639 234 710 seipse
250 642 283 693 nt
296 638 420 693 vinceret
442 637 521 692 iilum
536 642 635 707 P⁰Stea
659 636 688 688 5¹¹
712 635 784 702 stills,
807 651 876 706 quos
898 633 934 688 ab
975 648 1159 719 corporaliter
1173 650 1365 705 subtrahendo
1377 650 1412 705 ab
1424 652 1477 706 hac
1491 653 1562 721 lnce,
1575 657 1648 712 sicut
1661 674 1711 729 per
1724 659 1778 713 Ne·

129 726 294 783 idololatria
307 731 432 781 traxerat
446 726 480 780 ad
496 723 601 779 Christi
611 724 761 778 culturam.
974 752 1082 805 ponem,
1106 754 1161 808 per
1183 739 1374 794 Domitianum
1400 746 1430 794 et
1454 747 1577 798 caeteros,
1604 747 1645 800 De
1673 746 1777 802 talibus

167 827 202 880 Et
216 843 280 880 eam
297 827 447 894 aperuisset
462 825 590 890 sigillum
603 822 763 886 seeundum,
780 823 879 875 audivi
892 837 934 875 se·
975 825 1239 897 quippePsalmisla
1251 827 1335 881 dicit:
1347 828 1527 886 ancuerunt
1541 838 1573 885 ut
1584 836 1711 901 pladiani
1720 838 1777 891 lin·

130 917 258 970 eundum
271 916 390 976 enimet,
407 913 519 966 dicens:
537 912 600 964 Veni
614 915 638 963 et
650 911 719 963 iride.
732 911 766 963 El
778 912 846 962 eriit
859 911 934 962 alius
975 928 1045 979 ques
1058 930 1124 968 sires
1140 917 1226 982 (Psal.
1254 918 1346 983 usin).
1368 917 1401 971 Et
1420 934 1528 985 rursus,
1549 921 1657 989 Linque
1679 938 1776 977 eoram

129 1020 218 1072 equam
229 1004 322 1071 rasas.
333 1001 412 1056 Sicut
422 999 552 1070 superius
567 1015 618 1069 per
631 997 726 1052 album
740 1013 844 1068 equum
855 997 936 1051 intel·
975 1003 1196 1070 qlodiusheealus
1211 1004 1292 1068 (Psoi.
1307 1008 1372 1071 arr).

129 1093 253 1146 teximus
263 1106 364 1161 corpus
381 1088 497 1154 Christi,
509 1088 561 1142 hoc
576 1091 627 1152 est,
640 1095 767 1140 sanctam
781 1084 935 1139 Ecclesiam
1010 1089 1043 1142 Et
1054 1103 1116 1144 cum
1126 1093 1409 1159 operuissetsiqillum
1421 1099 1544 1158 tertium,
1553 1097 1651 1151 audivi
1661 1101 1775 1154 tertium

131 1186 276 1253 apeccato
286 1178 419 1233 mundam
432 1194 480 1248 per
490 1176 662 1246 baptismum
673 1179 702 1228 et
713 1172 816 1228 Christi
831 1173 937 1244 passio·
976 1180 1095 1245 antinoi,
1111 1181 1226 1232 diceus:
1248 1181 1312 1233 l'cni
1329 1186 1354 1234 et
1377 1184 1446 1246 vide,
1463 1189 1488 1237 et
1502 1201 1557 1238 ecce
1579 1202 1664 1254 equus
1683 1191 1772 1255 niger.

131 1285 210 1336 nem,
223 1270 263 1323 sic
277 1269 305 1322 in
320 1268 374 1321 hoc
387 1268 448 1320 loco
458 1282 508 1335 per
518 1280 622 1334 eqnurn
637 1265 731 1316 rufum
747 1260 881 1342 debemus
894 1260 937 1314 in·
977 1264 1140 1336 Porequum
1151 1266 1263 1337 nigrum
1274 1283 1358 1323 omne
1369 1286 1471 1341 corpus
1481 1271 1650 1345 intelligitur
1658 1274 1773 1343 diaboli,

130 1358 262 1429 telligere
282 1372 365 1412 omne
389 1370 489 1424 eorpus
513 1351 625 1410 diaboli,
643 1348 695 1404 hoc
710 1355 762 1415 est,
779 1365 876 1404 omnes
891 1365 936 1402 re·
976 1353 1047 1407 sicut
1061 1359 1089 1408 et
1103 1371 1190 1426 supra
1202 1356 1369 1428 perrufum,
1382 1359 1455 1430 quod
1470 1359 1609 1416 fuscatum
1620 1368 1663 1417 est
1677 1364 1774 1436 nigre-

129 1446 253 1519 probos:
269 1445 336 1516 quia
350 1444 423 1498 sicut
437 1441 566 1496 Christus
576 1446 619 1494 est
632 1445 717 1509 caput
732 1439 858 1492 omnium
870 1436 936 1492 nde-
977 1441 1043 1495 dine
1057 1454 1244 1512 peccatorum,
1261 1462 1429 1517 semperque
1443 1449 1550 1518 patitur
1566 1452 1697 1518 esuriem,
1710 1453 1779 1524 quia

131 1535 215 1599 lium,
232 1541 259 1588 et
283 1549 381 1586 onmes
404 1531 501 1585 fideles
517 1546 618 1600 corpus
640 1528 700 1598 ejus
714 1527 742 1580 in
759 1526 860 1597 quibus
877 1525 936 1596 ipse
977 1531 1055 1600 cupit
1069 1531 1205 1585 devorare
1220 1533 1299 1600 alios,
1313 1539 1397 1604 alque
1410 1535 1439 1589 in
1454 1537 1567 1593 malitiae
1581 1555 1638 1594 suae
1650 1546 1777 1598 ventrem

131 1640 186 1697 per
204 1622 289 1676 fidem
308 1619 428 1683 habitat,
445 1619 484 1672 ita
502 1624 587 1688 capnt
611 1616 736 1670 omnium
752 1613 936 1685 reproborum
976 1619 1116 1687 trajicere.
1139 1620 1173 1673 Et
1195 1621 1268 1675 sicut
1291 1630 1376 1692 caput
1399 1640 1496 1679 eorum
1517 1642 1695 1698 nequaquam
1710 1629 1779 1687 dicit

132 1717 177 1766 est
188 1710 327 1776 diabolus,
339 1714 368 1763 et
384 1723 482 1762 omnes
500 1704 610 1777 reprobi
623 1721 725 1774 corpus
741 1703 813 1773 eine,
829 1702 858 1756 in
873 1680 1095 1773 qui-BSuflicit.
1112 1707 1196 1762 itaet
1216 1710 1262 1763 isti
1286 1726 1430 1781 uunquam
1446 1714 1595 1769 satiantur.
1611 1716 1691 1772 Unde
1705 1716 1777 1774 bene

132 1801 187 1855 bus
200 1800 263 1870 ipse
279 1797 398 1851 habitat.
412 1795 510 1866 Equus
525 1794 620 1863 itaque
634 1793 713 1846 rufus
727 1791 837 1861 antiqui
850 1789 938 1843 hostis
978 1795 1128 1850 subditur:
1147 1797 1180 1850 Et
1196 1801 1245 1865 qui
1258 1800 1362 1853 sedebat
1377 1816 1460 1869 supe—r
1473 1818 1546 1867 earet,
1563 1803 1675 1857 babebat
1694 1811 1778 1861 stete-

132 1894 179 1944 est
190 1904 292 1959 corpus
300 1885 423 1958 peccatis
434 1888 624 1947 cruentatum,
635 1887 664 1936 et
676 1881 834 1935 animarum
850 1879 939 1933 inter·
980 1900 1042 1938 rem
1055 1887 1086 1938 iu
1098 1900 1184 1938 irione
1194 1903 1255 1940 sue.
1269 1885 1440 1943 Mercatores
1455 1890 1546 1944 solent
1556 1890 1629 1945 serre
1641 1897 1778 1963 stateram
1872 1870 1880 1885 κ

134 1974 304 2031 sectionibus
314 1972 510 2043 sanguineum.
521 1970 600 2034 Quod
612 1969 685 2024 enim
697 1967 813 2037 sanguis
824 1971 939 2039 peccata
978 1973 1008 2026 in
1023 1989 1119 2036 manu,
1134 1974 1182 2044 qui
1203 1981 1364 2030 mercantur
1377 1992 1411 2030 ea
1426 1993 1488 2047 quae
1503 1977 1555 2032 sibi
1570 1979 1690 2051 placent,
1707 1998 1778 2053 pen·

134 2064 287 2136 significet,
302 2060 453 2116 Psalmista
464 2059 625 2114 manifestet
638 2057 686 2127 qui
697 2056 774 2121 dicit,
787 2057 882 2109 Libere
896 2071 938 2109 1111
979 2068 1098 2132 suntque
1109 2078 1143 2116 ea
1155 2079 1217 2133 qnae
1227 2063 1296 2117 dant
1306 2069 1335 2118 et
1348 2065 1498 2136 accipiunt.
1511 2067 1566 2121 Sed
1577 2068 1705 2125 diabolus
1716 2087 1778 2142 pes·

134 2155 168 2208 zie
183 2153 369 2221 sanguinibus
384 2151 465 2214 Deus,
483 2149 554 2202 Deus
574 2145 661 2217 (Psoi.
681 2147 716 2211 a).
734 2143 939 2214 1111111111-
980 2149 1068 2204 simus
1082 2156 1125 2204 est
1148 2157 1295 2218 mercator,
1312 2153 1360 2224 qni
1381 2153 1517 2220 datalia,
1539 2162 1571 2209 ut
1590 2157 1699 2212 auferat
1713 2175 1778 2230 pre·

134 2241 217 2314 probi
231 2240 353 2312 peccatis
368 2242 434 2292 sunt
456 2235 607 2295 cruentati.
622 2239 651 2288 et
673 2234 758 2287 etiam
781 2230 940 2285 homicidiis
980 2238 1061 2293 tiosa.
1077 2239 1189 2294 Statera
1203 2240 1297 2311 itaquo
1312 2258 1443 2311 perversa
1457 2243 1517 2313 ejus
1536 2245 1630 2300 suasio
1645 2245 1779 2318 intelligi-

133 2330 245 2386 foedati.
257 2328 337 2383 Unde
347 2332 376 2382 et
387 2343 437 2397 per
450 2325 615 2396 prophetam
626 2320 794 2394 quibusdam
804 2319 940 2374 Dominus
981 2331 1037 2392 tur,
1053 2327 1120 2398 quia
1129 2327 1214 2382 vitam
1229 2329 1383 2384 multorum
1399 2332 1517 2386 mercari
1531 2333 1642 2403 quaerit,
1655 2339 1686 2389 nt
1699 2351 1780 2391 suam

134 2420 206 2474 dicit
223 2419 287 2485 (ise.
304 2421 343 2481 1):
362 2415 434 2469 Cum
453 2411 639 2467 clamaveritis
658 2409 692 2463 ad
708 2426 763 2477 me,
784 2424 840 2462 non
854 2423 940 2461 ereu—
981 2415 1102 2470 esuriem
1124 2423 1253 2471 saturare
1275 2426 1370 2488 queat.
1388 2420 1422 2473 Et
1436 2431 1469 2474 ut
1490 2421 1543 2476 hoc
1561 2422 1651 2493 possit
1677 2423 1778 2493 facere,

135 2510 214 2562 diam
228 2523 284 2560 ros.
297 2506 398 2559 Manus
408 2503 483 2557 enirn
497 2507 594 2555 restrae
611 2497 749 2568 sanguine
761 2497 852 2568 plenae
863 2501 938 2550 sunt.
980 2503 1059 2574 prius
1074 2504 1115 2557 eis
1134 2503 1235 2574 quibus
1258 2507 1425 2577 temporalia
1445 2509 1595 2579 promittit,
1612 2511 1780 2567 alimentum

136 2597 210 2651 Hinc
226 2593 356 2664 estquod
372 2591 489 2645 inferius
502 2588 602 2653 hestia,
613 2601 792 2658 superquam
805 2583 939 2638 meretrix
978 2591 1064 2646 Verbi
1083 2592 1133 2646 Dei
1148 2594 1298 2659 subtrahit,
1323 2611 1378 2665 quo
1401 2601 1514 2650 necatos
1534 2597 1563 2651 in
1579 2615 1680 2670 corpus
1694 2617 1778 2656 suum

134 2685 226 2748 sedet,
243 2682 372 2737 coccinea
386 2696 446 2733 esse
460 2676 633 2749 perhibetur.
982 2696 1138 2745 assumens,
1154 2679 1257 2735 famem
1273 2682 1388 2737 malitie
1398 2701 1455 2738 suae
1470 2691 1573 2755 augeat
1587 2688 1679 2757 potius
1693 2705 1780 2760 quam

172 2781 381 2851 Elquisedebat
392 2791 556 2845 superemus,
567 2775 713 2827 deleniret
724 2774 770 2827 illi
781 2774 938 2825 ulsumeret
982 2768 1112 2839 depellat.
1126 2769 1180 2823 Uat
1194 2769 1260 2823 uilia
1271 2771 1398 2841 quaedam
1413 2780 1442 2826 et
1455 2775 1631 2845 temporalia,
1647 2780 1676 2831 et
1689 2777 1782 2832 aufert

131 2887 232 2943 pacem
246 2870 278 2922 de
293 2874 378 2922 terra.
395 2867 467 2920 Data
480 2869 523 2918 est
537 2861 647 2917 diabolo
661 2866 786 2932 potestas
800 2866 832 2913 ut
847 2864 941 2913 sumat
981 2857 1105 2929 pretiosa
1120 2865 1149 2911 et
1161 2864 1276 2921 aeterna,
1296 2859 1369 2914 sicut
1382 2861 1449 2916 Adae
1461 2861 1540 2916 dedit
1554 2880 1678 2934 pomum.
1695 2872 1724 2921 et
1735 2871 1780 2921 to·

137 2976 239 3035 pacem
253 2959 386 3022 deterre,
401 2954 513 3026 qnando
526 2950 700 3024 permittitur
712 2950 789 3020 justo
803 2948 854 3002 Dei
866 2947 941 3017 judi·
981 2952 1042 3001 tum
1058 2963 1109 3017 per
1122 2946 1203 3001 illum
1216 2947 1246 3001 in
1261 2948 1326 3002 filiis
1340 2948 1399 3002 suis
1409 2950 1516 3021 accepit
1530 2952 1677 3007 muudum.

137 3052 191 3113 cio,
205 3054 240 3104 ut
249 3049 302 3102 hoc
312 3041 583 3116 possitfacere.Tale
593 3045 636 3093 est
645 3038 707 3102 hoc,
719 3037 801 3109 quale
811 3042 840 3091 et
849 3035 938 3089 illud:
1012 3036 1045 3089 Et
1055 3037 1154 3089 audrei
1164 3052 1259 3090 rocem
1272 3042 1407 3106 tanquam
1417 3054 1505 3092 rorem
1520 3041 1551 3092 in
1561 3041 1650 3095 inedie
1660 3047 1782 3110 quotuor

138 3140 288 3196 induravit
297 3137 432 3190 florianus
445 3148 491 3186 cor
502 3131 657 3184 l’baroouis
667 3128 761 3194 (deod.
775 3136 821 3196 xr).
831 3125 941 3179 Notan-
981 3123 1162 3188 animalium,
1178 3124 1330 3177 dicentium
1347 3143 1355 3176 :
1371 3126 1484 3179 Bilibris
1500 3129 1591 3182 trilici
1612 3129 1743 3192 denario,
1756 3136 1782 3186 et

138 3229 207 3283 dum
219 3231 314 3281 autem
326 3223 458 3295 quianon
468 3219 589 3278 decoelo,
601 3217 650 3271 sed
661 3214 696 3269 de
705 3220 782 3269 terra
793 3213 886 3268 aufert
894 3212 942 3266 ille
983 3216 1036 3265 tres
1047 3212 1156 3265 bilibres
1166 3213 1263 3266 bordei
1271 3213 1396 3276 denario,
1406 3218 1429 3267 el
1441 3216 1541 3269 einaim
1555 3221 1579 3269 et
1592 3219 1682 3271 oleum
1693 3235 1727 3273 ne
1739 3222 1782 3274 le·

137 3332 247 3389 pacem.
259 3313 367 3368 Coelum
381 3311 484 3382 quippe
495 3307 766 3377 significetsanctm,
779 3300 943 3374 quibusDo·
982 3303 1064 3357 seris.
1084 3300 1149 3354 Haec
1162 3316 1213 3353 vox
1233 3317 1317 3371 quam
1339 3301 1445 3356 audivit
1465 3303 1596 3372 loannes,
1613 3322 1665 3360 vox
1679 3307 1784 3362 intelli·

138 3407 234 3460 minus
243 3416 410 3457 ascensurus
420 3398 453 3452 ad
470 3398 593 3458 Patrem,
605 3393 688 3448 dicit:
702 3395 798 3446 Pacem
810 3407 898 3445 ineam
910 3391 943 3444 do
983 3388 1061 3458 gitur
1071 3387 1123 3443 Dei
1136 3388 1346 3460 omnipotentis,
1361 3391 1474 3460 quando
1495 3392 1626 3448 adunatis
1648 3395 1684 3449 ad
1692 3396 1783 3451 fldem

139 3495 214 3548 uobis
227 3493 316 3560 (loon.
328 3491 398 3553 1111).
414 3485 455 3539 Ab
466 3484 510 3538 his
521 3499 578 3537 non
588 3485 681 3553 potest
693 3478 821 3534 diabolus
834 3479 945 3532 anferre
984 3475 1125 3546 gentibus,
1142 3493 1158 3530 a
1177 3477 1290 3532 lesione
1309 3478 1460 3533 electorum
1477 3481 1613 3535 Dominus
1635 3483 1783 3553 antiquum

141 3597 251 3654 pacem.
262 3578 329 3648 quia
338 3575 586 3638 coeiestessunt,et
595 3576 700 3625 terram
711 3568 829 3631 calcant,
842 3565 945 3621 haben·
985 3566 1175 3620 adversarium
1191 3566 1360 3637 compescuit
1373 3567 1519 3638 ipsamque
1535 3569 1638 3631 docuit,
1651 3570 1785 3640 quemad·

141 3674 186 3725 tes
194 3666 350 3740 principem
359 3664 435 3735 pacis
443 3658 743 3729 habitatorem‚dequo
751 3657 855 3711 Paulus
865 3655 942 3709 dicit:
986 3655 1100 3708 modum
1115 3655 1323 3708 infestationem
1339 3654 1427 3725 ipsius
1441 3665 1557 3725 possent
1576 3657 1703 3724 evadere,
1719 3674 1784 3723 curn

141 3762 201 3828 lpse
211 3762 249 3811 est
260 3771 319 3824 pasc
329 3751 539 3820 nostratEplres.
555 3749 600 3820 11).
613 3749 653 3802 Βε
667 3753 745 3800 terra
755 3745 840 3807 enirn,
852 3743 879 3797 id
891 3747 942 3807 est,
986 3742 1045 3796 ait:
1062 3744 1253 3796 Ponitenlimn
1268 3745 1340 3810 cpite
1353 3743 1459 3810 quattu.
1474 3746 1527 3811 111),
1544 3750 1571 3799 et
1585 3750 1696 3801 caetera.
1712 3747 1785 3818 Apo·
1816 3809 1819 3815 ,

141 3848 178 3902 de
202 3843 322 3899 terrenis
345 3839 507 3895 hominihus
528 3836 615 3892 sumit
638 3851 745 3907 pacem,
762 3834 883 3903 facitque
897 3848 945 3887 eos
986 3828 1065 3884 stolis
1088 3843 1199 3900 quoqne
1217 3828 1312 3899 jussit,
1329 3835 1361 3882 ut
1379 3833 1478 3884 euntes
1497 3829 1673 3902 baptizarent
1687 3849 1785 3889 omnes

142 3933 296 3995 discordes,
306 3936 335 3986 et
349 3929 517 3984 zizaniorum
529 3925 647 3980 divortia
659 3925 734 3978 inter
748 3939 796 3977 eos
813 3920 943 3985 seminat,
986 3922 1095 3988 gentes,
1115 3916 1246 3970 docentes
1260 3931 1307 3969 eas
1330 3921 1361 3970 nt
1376 3934 1393 3971 a
1408 3917 1520 3973 cultura
1533 3918 1673 3975 idolorum
1689 3923 1724 3977 ad
1738 3938 1786 3977 ve·

142 4022 279 4096 quoniam
290 4023 367 4074 terra
377 4022 452 4082 sunt,
465 4016 493 4070 id
504 4022 547 4069 est
558 4020 672 4068 terrena
684 4018 712 4066 et
720 4009 884 4065 transitoria
896 4008 948 4063 im·
988 4021 1051 4060 rum
1067 4005 1113 4059 Dei
1126 4008 1356 4059 converterentur
1373 4006 1582 4061 cultum·T¹1¹¹⁰
1597 4009 1673 4064 essim
1688 4009 1786 4064 diabo-

142 4112 290 4167 moderate
300 4107 438 4163 ambiunt.
449 4105 489 4158 De
497 4121 552 4176 qno
563 4103 654 4158 adhuc
665 4099 860 4171 subjungitur:
873 4100 906 4153 Et
917 4101 947 4151 at
988 4093 1032 4148 lus
1041 4092 1164 4165 perdidit
1178 4092 1364 4162 frumentum,
1375 4092 1524 4164 hordeum,
1534 4094 1631 4150 rinnm
1641 4103 1670 4152 et
1681 4097 1784 4162 oleum,

142 4197 488 4263 inuicemseinlerfieiout‚
500 4194 628 4246 dotusest
638 4192 684 4243 illi
693 4189 804 4257 eladius
814 4201 944 4254 rnoqnus.
987 4181 1016 4236 id
1030 4187 1073 4237 est
1088 4197 1186 4237 omnes
1200 4181 1307 4248 fideles,
1319 4181 1458 4253 coepitque
1471 4184 1617 4239 comedere
1631 4186 1736 4257 paleas,
1748 4186 1787 4241 vi-

144 4287 279 4344 Gladium
298 4301 354 4339 non
373 4297 538 4354 corporeum
559 4278 692 4333 dehemus
712 4274 879 4346 intelligere,
898 4272 1070 4364 seanacia
1091 4271 1186 4326 bibere
1209 4275 1238 4324 et
1261 4286 1415 4325 amurcam.
1431 4272 1512 4328 Unde
1533 4272 1637 4345 etipsa
1652 4292 1704 4330 vos
1718 4275 1786 4331 snb-

143 4373 332 4448 spiritualem,
344 4387 399 4442 quo
409 4385 465 4423 non
476 4373 586 4422 taritnm
599 4380 726 4435 corporo,
738 4369 876 4433 quantum
890 4361 948 4415 ani·
988 4359 1069 4421 didit,
1084 4359 1198 4414 dicens:
1215 4357 1328 4413 Bilibris
1342 4358 1431 4414 tritici
1445 4359 1561 4415 denario
1576 4377 1642 4429 uno,
1659 4362 1790 4419 subaudi·

144 4479 201 4519 mae
213 4460 391 4534 jugulantur.
409 4442 526 4511 Gladius
541 4454 615 4508 enirn
634 4453 678 4506 hic
692 4451 861 4522 intelligitur
876 4449 949 4503 mala
989 4455 1037 4504 tur
1052 4466 1058 4501 :
1075 4447 1166 4502 Valet.
1184 4447 1238 4502 Sed
1254 4447 1332 4518 prius
1348 4448 1404 4502 ista
1413 4449 1495 4518 juxta
1508 4448 1631 4507 litteram
1645 4458 1711 4508 sunt
1726 4469 1790 4508 con·

144 4547 417 4627 persuasio,locntio
428 4560 524 4617 prava,
535 4542 663 4613 deceptio
674 4541 780 4611 iniqua,
790 4555 845 4610 quo
854 4537 949 4609 gladio
990 4537 1138 4592 sideranda
1166 4555 1172 4589 z
1202 4535 1314 4591 Bilibris
1333 4537 1420 4592 tritici
1446 4537 1486 4592 ila
1512 4539 1706 4610 intelligitur:
1727 4542 1789 4597 Duo

145 4641 259 4697 duobus
268 4637 358 4692 modis
366 4634 495 4690 homines
505 4631 634 4687 diabolus
643 4629 786 4693 interficit,
801 4644 865 4682 cum
876 4627 950 4682 ride·
990 4626 1113 4692 sextarii,
1135 4630 1163 4679 et
1181 4630 1238 4678 tres
1266 4623 1380 4679 bilibres
1409 4624 1507 4679 hordei
1530 4642 1578 4679 sex
1610 4628 1733 4682 sextarii.
1755 4630 1791 4684 Et

146 4733 216 4787 licet
228 4726 336 4783 occulte
349 4725 426 4778 mala
439 4720 569 4792 suggerit
591 4735 641 4790 per
657 4718 790 4788 seipsum,
807 4716 849 4770 vel
864 4715 951 4770 etiam
992 4715 1154 4787 praecipitur
1166 4713 1208 4766 illi
1223 4712 1271 4783 qui
1285 4711 1401 4767 sedebat
1424 4713 1453 4767 in
1469 4729 1540 4784 equo
1563 4713 1653 4784 nigro,
1668 4716 1721 4770 hoc
1735 4722 1788 4785 est,

148 4837 214 4876 cum
224 4821 320 4889 aperte
329 4816 421 4885 justos
430 4805 952 4883 persequiturpermembrasua‚unde
992 4803 1112 4869 diabolo,
1129 4818 1165 4856 ne
1181 4802 1353 4855 frumentum
1377 4806 1476 4871 tangat
1497 4806 1547 4856 ant
1561 4803 1707 4868 hordeum,
1724 4806 1792 4876 quia

147 4911 180 4965 in
199 4902 350 4975 Evangelio
364 4901 517 4955 habemns:
534 4897 603 4951 Crem
613 4896 739 4950 diabolus
753 4911 780 4947 se
794 4896 909 4948 irrisisset
920 4895 952 4947 in
992 4893 1048 4947 duo
1062 4890 1177 4947 sextarii
1190 4889 1286 4955 tritici,
1303 4889 1331 4942 id
1347 4893 1390 4943 est
1403 4887 1512 4943 bilibris
1527 4890 1642 4946 denario
1664 4909 1721 4948 uno
1742 4911 1792 4949 ra·

149 4995 296 5056 eerludae,
307 4997 336 5046 ut
348 4989 629 5045 traderetllominum
641 4987 731 5052 (loon.
743 4983 818 5055 zur).
830 4982 953 5053 primurn
993 4981 1041 5044 let,
1065 4985 1095 5034 et
1111 4985 1169 5033 tres
1187 4975 1302 5031 bilibres
1325 4976 1423 5031 hordei
1442 4977 1572 5033 simililer
1589 4996 1645 5035 nno
1664 4982 1792 5040 denario.

149 5086 256 5159 quippe
266 5080 359 5153 gladio
370 5078 451 5132 malie
462 5073 661 5147 persuasionis,
674 5073 700 5127 ei
712 5072 740 5126 in
753 5071 848 5125 anima
858 5069 953 5125 Domi·
994 5068 1048 5122 Sed
1064 5068 1123 5137 jem
1136 5082 1211 5121 nunc
1220 5065 1364 5119 rideamus
1375 5064 1441 5135 quid
1452 5065 1507 5119 iste
1521 5067 1680 5138 significent
1694 5090 1700 5125 ε
1717 5071 1795 5130 Licet

149 5189 221 5230 num
245 5178 277 5226 ut
298 5170 432 5229 traderet,
449 5164 549 5219 deinde
564 5161 705 5234 persuasit
723 5165 756 5214 ut
769 5158 953 5229 semetipsum
993 5156 1084 5211 omnis
1100 5154 1223 5211 Ecclesia
1242 5155 1416 5208 frumentum
1429 5154 1476 5219 sit,
1488 5155 1569 5225 juxta
1583 5159 1658 5228 quod
1672 5161 1793 5232 Aposto-

150 5263 334 5319 interfrceret.
350 5256 431 5313 Unde
445 5254 492 5308 ille
503 5253 589 5307 miser
599 5252 762 5323 desperans,
774 5247 899 5318 seipsum
912 5248 953 5301 la·
993 5246 1038 5300 lus
1051 5245 1118 5299 dicit
1129 5247 1153 5312 (l
1163 5244 1223 5298 cor.
1236 5248 1281 5313 x):
1296 5243 1370 5296 Unus
1379 5246 1568 5311 penmanent
1579 5263 1676 5316 corpses
1688 5268 1696 5303 :
1709 5254 1794 5305 multi

152 5367 229 5425 queo
237 5346 393 5420 suspendit.
408 5342 544 5400 Similiter
552 5356 663 5413 quoque
672 5337 784 5392 mulieri
795 5337 905 5390 locutus
912 5340 957 5390 est
996 5349 1092 5388 sranius
1107 5336 1139 5386 in
1154 5332 1271 5398 Christo,
1283 5336 1377 5386 tamen
1388 5333 1548 5404 specialiter
1560 5335 1606 5390 hie
1620 5337 1793 5393 frumentum

152 5458 206 5515 per
221 5442 391 5510 serpentem,
407 5434 501 5488 dicens
517 5451 523 5486 ι
541 5433 597 5486 Cur
610 5431 681 5484 Deus
692 5429 821 5494 precepit
834 5427 908 5480 vobis
922 5440 955 5480 ne
996 5421 1130 5477 debemus
1148 5419 1306 5489 intelligere
1327 5421 1525 5492 predicatores
1545 5425 1691 5497 utriusque
1704 5430 1792 5480 testa·

155 5529 332 5587 mnsederetis
342 5528 374 5581 de
388 5524 465 5595 (den.
479 5523 522 5589 111)
541 5519 618 5590 ligno
628 5515 709 5571 vitael
721 5514 758 5571 Et
771 5529 821 5584 per
835 5528 899 5568 eam
911 5512 956 5568 in·
997 5509 1096 5579 menti,
1110 5508 1160 5582 qui
1173 5510 1320 5565 moluntur
1333 5510 1516 5569 tribulatione
1525 5513 1670 5584 presentis
1680 5513 1752 5585 rite,
1763 5519 1793 5571 et
