3818 6104
129 243 182 325 ros
336 244 528 301 muueris
547 242 792 319 uupauusuuu.
814 240 927 315 uerso,
947 239 1029 311 uer.
1049 239 1141 299 enas
1162 241 1184 295 1.
1206 269 1239 301 .-2
1257 238 1444 297 oouuaur.
1464 241 1558 297 einr..
1713 243 1765 317 cu

128 368 230 442 quibus
241 368 323 424 mulis
332 369 382 439 illa
393 375 559 424 vastaretur.
570 369 703 424 Mensura
715 367 816 429 minor,
828 365 857 418 id
871 364 1040 432 est,AQuia
1053 382 1110 419 non
1124 382 1141 419 a
1155 370 1255 436 sponte
1275 348 1457 420 offerentibus
1477 365 1621 437 accipiunt
1632 383 1767 435 munera,
1798 373 1805 383 “

128 457 280 528 injustitia,
291 457 340 513 irae
349 457 442 529 plena,
454 458 481 511 id
495 463 538 512 εει
547 457 618 511 iram
629 456 679 511 Dei
690 470 852 527 provocans.
864 454 929 508 Sta·
969 453 1017 507 sed
1033 459 1138 522 cogunt
1151 454 1219 508 dure
1231 452 1380 523 subjectos.
1397 454 1411 507 J
1414 453 1485 507 udex
1501 469 1567 524 ergo
1582 454 1612 508 in
1627 456 1769 512 reddendo

128 551 191 600 tera
205 545 303 616 iniqua
322 552 352 599 ει
365 546 475 600 diversa
491 546 624 617 pondera,
643 547 719 598 utin
735 541 928 615 alioponderc
969 546 1021 598 est.
1037 541 1104 610 quia
1124 542 1164 594 sic
1183 542 1269 595 alium
1290 540 1397 610 judicat
1420 542 1560 610 quomodo
1582 543 1644 614 ipse
1659 543 1696 598 ab
1715 545 1769 600 alio

128 635 252 688 rendunt
260 635 452 698 mercimonia,
460 635 490 688 in
498 635 553 687 alio
562 639 666 694 emant,
676 633 806 703 quodque
817 636 860 684 est
866 646 929 701 gru·
966 630 1119 700 judicatur,
1135 636 1167 683 ut
1185 637 1283 684 mutuo
1298 631 1392 684 farore
1407 635 1550 684 tueantur.
1570 651 1583 683 c
1600 632 1636 685 Et
1651 649 1770 703 magnus

130 721 261 790 vius,hoc
271 737 326 775 non
333 737 470 793 pauperes
479 720 656 786 necessitate,
664 721 713 774 sed
721 719 821 773 divites
830 722 927 789 agunt,
971 721 1079 774 locutus
1093 724 1136 773 est
1150 719 1320 774 desiderium
1336 719 1437 773 animm
1452 736 1520 774 suae.
1540 739 1551 770 r
1569 720 1624 784 Qui
1639 721 1772 777 intereos

131 809 193 880 plus
208 809 283 881 pleni
303 809 453 882 iniquitate
474 824 557 880 quam
573 808 665 877 rebus.
683 808 763 863 Unde
777 808 927 878 sequitur:
971 824 1089 877 magnus
1110 813 1162 873 est,
1184 813 1213 861 et
1231 808 1259 861 in
1284 809 1345 879 lege
1360 807 1551 874 doctissimus,
1569 825 1626 865 non
1648 810 1709 877 Dei,
1725 810 1773 865 sed

168 896 332 970 oNunquid
341 898 501 970 justificabo
512 902 648 952 stateram
661 897 778 968 impiam
794 902 821 950 ct
836 895 930 951 sacelli
971 913 1052 950 suam
1078 896 1205 966 loquitur
1232 897 1417 953 voluntatem.
1445 921 1455 941 s
1482 897 1517 951 Et
1535 897 1774 955 conturbaverunt

130 985 256 1058 pondem
270 987 383 1043 dolosa?
397 987 426 1041 in
440 986 541 1057 quibus
554 986 654 1040 divites
675 985 736 1055 ejus
752 984 852 1055 repleti
864 988 932 1038 sunt
971 1001 1047 1055 eam,
1060 1005 1070 1034 r
1084 985 1112 1038 id
1125 990 1169 1040 est
1180 985 1279 1039 urbem
1294 986 1337 1040 vel
1346 991 1462 1053 terram,
1473 986 1508 1040 de
1519 1002 1575 1056 qua
1587 985 1675 1043 dixit:
1688 986 1774 1045 Periit

37 1116 39 1121 .
104 1070 108 1077 ’
130 1075 289 1146 iniquitate,
302 1081 331 1130 et
344 1075 503 1130 habitantes
517 1076 546 1129 in
563 1090 596 1128 ea
609 1072 798 1146 loquebantur
812 1073 931 1127 menda-
971 1079 1084 1127 sanctus
1098 1073 1132 1128 dc
1147 1079 1234 1128 terra.

130 1161 215 1216 cium.
228 1162 389 1217 ›Adicitiis
399 1162 580 1234 subiungitur
589 1161 777 1223 mendacium,
790 1160 856 1232 quia
869 1176 930 1216 ma·
1010 1161 1087 1225 «Qui
1098 1163 1221 1233 optimus
1234 1163 1264 1216 in
1278 1163 1319 1218 eis
1330 1167 1372 1217 est
1382 1162 1462 1234 quasi
1473 1163 1611 1235 paliurus,
1622 1182 1633 1215 r
1646 1181 1774 1236 pungens

131 1257 302 1306 nusnssucta
310 1266 482 1321 congregare
490 1250 613 1314 divitias,
624 1249 831 1304 iraudulentum
845 1248 931 1320 possi·
972 1252 1001 1302 et
1009 1248 1162 1303 vulnerans
1173 1249 1446 1321 appropinquantem
1458 1249 1520 1304 sibi.
1532 1269 1545 1302 c
1560 1251 1594 1304 Et
1609 1251 1657 1321 qui
1671 1257 1772 1314 rectus,

131 1339 180 1394 det
188 1339 404 1413 linguamcum
417 1340 476 1392 hac
485 1344 514 1393 ct
523 1339 579 1392 alia
588 1339 713 1392 facerent
722 1337 862 1409 principes
872 1354 932 1392 ves·
973 1336 1053 1407 quasi
1067 1336 1147 1408 spina
1165 1338 1200 1390 de
1222 1355 1297 1408 sepe,
1317 1356 1330 1390 r
1347 1343 1379 1392 ut
1399 1337 1436 1392 ibi
1453 1339 1593 1392 sentiatur
1615 1338 1705 1403 dolor,
1727 1338 1775 1393 ubi

131 1427 179 1489 tri,
189 1418 267 1481 nobil
280 1443 329 1481 vos
343 1426 440 1481 statim
455 1427 559 1492 delere,
569 1427 616 1481 sed
628 1425 784 1497 exspectavi
794 1423 896 1487 adhuc,
905 1430 934 1480 et
974 1425 1125 1496 putabatur
1134 1426 1279 1480 auxilium.
1295 1445 1307 1477 ι(
1319 1426 1385 1481 Dies
1396 1427 1595 1498 speculationis
1604 1433 1670 1494 tuce,
1682 1429 1775 1484 visita·

132 1515 270 1586 paulatim
281 1515 352 1586 coepi
363 1520 508 1585 pereutere
518 1515 617 1586 plagis,
627 1514 707 1585 quasi
719 1520 933 1568 monensutvos
974 1514 1014 1567 tio
1028 1520 1078 1568 tua
1091 1514 1177 1578 seuit,
1189 1531 1264 1568 nunc
1278 1515 1333 1569 orit
1350 1516 1466 1569 vastitas
1480 1532 1587 1570 eorum.
1604 1517 1699 1571 Nolite
1714 1533 1775 1572 cre·

133 1603 320 1674 corrigeretis.
328 1599 393 1658 Misi
404 1603 432 1657 in
442 1619 491 1658 vos
500 1602 613 1666 famem,
625 1601 839 1667 sitimmorbos,
853 1602 935 1657 vasti·
975 1602 1042 1657 dere
1056 1602 1156 1658 arnico.
1174 1626 1184 1651 ι
1197 1603 1275 1657 Diem
1287 1603 1494 1673 speculationis,
1507 1605 1694 1659 uastationem
1708 1606 1775 1660 dicit

133 1696 221 1746 tatem
234 1691 366 1746 hostilem
381 1696 519 1762 segetum,
541 1697 569 1746 ct
581 1691 725 1746 vinearum
745 1691 932 1745 sterilitatem.
945 1691 1108 1768 ssSumariae
1123 1694 1164 1744 vel
1184 1692 1371 1757 Hierusalem,
1388 1709 1471 1764 quam
1491 1694 1617 1763 preadicit
1636 1694 1773 1749 futuram,

69 1782 72 1787 '
133 1778 189 1834 Vos
199 1786 294 1834 autem
306 1795 418 1850 semper
428 1779 539 1834 servitis
550 1779 724 1844 idololatriae,
734 1785 762 1833 et
772 1778 934 1833 custodistis
972 1778 1066 1851 ipsam
1083 1780 1266 1834 vastationem
1287 1786 1367 1834 vooat
1392 1780 1591 1838 visitationem.
1619 1783 1702 1836 Nunc
1722 1782 1775 1837 erit

132 1867 313 1923 cammonias
321 1884 391 1938 quas
402 1868 548 1922 constituit
557 1868 635 1922 Amri
649 1883 696 1921 rex
705 1866 897 1938 impiissimus,
905 1871 934 1922 et
973 1869 1088 1922 vastitas
1103 1885 1212 1937 eorum,
1238 1869 1265 1922 id
1289 1875 1332 1922 est
1351 1868 1561 1935 habitatorum3
1587 1885 1654 1940 ergo
1671 1870 1774 1927 nullius

133 1972 217 2010 ornae
227 1972 297 2027 opus
309 1957 408 2012 domus
419 1955 516 2010 Achab
527 1962 556 2010 ει
569 1956 690 2020 lezabel,
704 1962 731 2009 et
742 1956 845 2010 idcirco
856 1972 933 2009 com·
975 1958 1119 2028 propheta
1128 1956 1240 2012 vocibus
1251 1957 1382 2021 credatis,
1390 1974 1440 2010 nec
1449 1957 1667 2012 accommodetis
1676 1975 1775 2014 aurem

133 2045 230 2115 pulsus
240 2056 273 2099 ut
287 2045 384 2099 darem
399 2062 446 2099 vos
460 2045 489 2099 in
500 2043 622 2106 sibilum,
634 2050 663 2098 et
676 2044 827 2114 portaretis
835 2060 936 2116 oppro·
974 2045 1119 2099 blanditiis
1134 2046 1349 2116 decipientium..
1367 2045 1396 2100 si
1411 2046 1486 2099 enim
1505 2045 1534 2098 in
1554 2046 1652 2100 amicis
1666 2053 1695 2100 ct
1708 2063 1775 2104 cou-

136 2132 228 2186 brium
240 2132 337 2204 populi
350 2133 416 2201 mci,
426 2133 493 2187 dum
503 2133 598 2187 hostes
607 2133 787 2193 insultarent,
799 2133 872 2203 quod
883 2133 934 2188 Dei
974 2133 1136 2202 sanguineis
1158 2151 1224 2188 rara
1238 2139 1282 2188 cst
1304 2134 1382 2199 fides,
1399 2140 1504 2205 quanto
1519 2135 1609 2205 magis
1624 2135 1654 2188 in
1669 2135 1713 2189 his
1728 2136 1775 2208 qui

133 2221 254 2290 populus
273 2225 372 2290 captus
383 2224 413 2274 ει
427 2225 576 2291 superatus
586 2228 660 2273 esset
671 2218 706 2273 ab
717 2219 845 2275 hostibus
861 2236 934 2275 :no-
974 2221 1122 2275 adulantes
1138 2221 1313 2276 mentiuntur
1326 2228 1359 2276 ut
1372 2222 1479 2293 aliquid
1494 2223 1665 2294 acquirant?
1679 2224 1774 2280 Nolite

134 2298 199 2363 men
213 2309 290 2362 enirn
304 2324 397 2363 meum
413 2324 526 2379 perros
541 2307 761 2379 blasphematur.
974 2325 1043 2381 ergo
1058 2309 1173 2363 credere
1193 2310 1292 2375 amico,
1309 2309 1375 2380 quia
1395 2310 1561 2381 Achitophel
1583 2311 1718 2365 mentitus
1732 2317 1776 2366 est

171 2397 233 2452 «m
244 2397 340 2468 lingua
351 2413 448 2452 eornm
458 2397 639 2451 fraudulenta
649 2397 678 2451 in
689 2412 737 2451 ore
750 2397 883 2468 ipsorum.
898 2397 933 2451 Et
970 2398 1060 2453 amico
1075 2415 1126 2452 suo
1142 2398 1238 2458 David,
1254 2404 1283 2452 et
1297 2398 1384 2452 iudas
1398 2398 1515 2452 tradidit
1536 2398 1716 2453 Christum«
1740 2400 1775 2455 Et

133 2501 186 2556 ego
196 2501 263 2557 ergo
271 2486 343 2557 ccepi
355 2491 383 2540 ιε
395 2491 541 2556 percutere
553 2484 707 2555 perditione
718 2501 803 2555 super
813 2485 933 2556 peccatis
971 2487 1057 2541 nolite
1071 2487 1211 2541 confidere
1224 2487 1254 2541 in
1269 2486 1349 2550 duce,
1368 2505 1381 2538 u
1397 2486 1470 2543 sicut
1488 2486 1640 2543 sichimitae
1660 2488 1690 2541 in
1705 2487 1775 2544 Abi-

132 2574 199 2629 tuis.
209 2575 252 2630 'lu
265 2574 403 2637 comedes,
421 2579 450 2629 ει
463 2590 519 2629 non
534 2572 717 2639 saturaberis,
733 2578 762 2627 et
774 2574 932 2628 humiliatio
975 2576 1092 2639 melech,
1110 2592 1193 2647 quem
1208 2575 1262 2646 ipsi
1278 2575 1405 2629 iecerunt
1419 2592 1524 2646 regern,
1546 2581 1574 2629 ct
1588 2575 1623 2629 ab
1638 2592 1671 2630 eo
1685 2576 1775 2632 inter-

133 2669 184 2718 tua
197 2663 330 2717 inmedio
339 2663 391 2730 tui,
403 2670 431 2718 ει
445 2663 648 2735 apprehendes,
660 2667 688 2717 et
697 2678 752 2717 non
763 2662 892 2729 salvabis,
905 2669 935 2717 et
976 2663 1040 2718 secti
1056 2669 1131 2718 sunt.
1406 2726 1411 2733 ¹

133 2766 204 2824 quos
216 2751 365 2807 salvareris
376 2752 405 2806 in
414 2752 508 2823 gladio
519 2751 602 2807 dabo.
614 2751 655 2806 Tu
666 2750 827 2810 seminabis.
839 2762 868 2805 et
877 2767 934 2806 non
1012 2770 1025 2804 c
1041 2752 1083 2807 hb
1098 2769 1131 2806 ea
1147 2769 1208 2825 quae
1221 2751 1326 2807 dormit
1341 2752 1375 2827 in
1385 2752 1448 2806 sinu
1463 2757 1521 2817 tuo,
1533 2753 1641 2807 custodi
1653 2755 1778 2809 claustra

131 2845 241 2908 metas3·
254 2845 286 2893 tu
300 2839 422 2895 calcabis
441 2839 552 2905 olivam,
569 2843 598 2893 et
611 2854 668 2893 non
680 2837 794 2909 ungeris
819 2838 889 2904 oleo,
906 2842 936 2892 et
975 2841 1031 2896 oris
1045 2841 1098 2906 tui,
1114 2857 1171 2893 »ne
1186 2839 1303 2910 patiaris
1317 2841 1391 2911 quod
1405 2841 1523 2895 Samson
1536 2857 1553 2894 a
1566 2841 1690 2895 Dalilac
1704 2842 1779 2907 Quia

132 2933 259 2983 mestun
270 2931 298 2981 et
311 2943 367 2982 non
378 2926 458 2982 bibes
467 2928 576 2982 vinnm.
589 2926 624 2981 Et
637 2926 784 2981 custodisti
794 2932 934 2997 praecepta
976 2927 1255 2983 iiliuscontumeliam
1265 2927 1331 2982 facit
1339 2929 1422 2998 patri,
1431 2929 1525 2982 »sicut
1534 2928 1667 2983 Absulom
1674 2930 1777 3000 David,

132 3015 222 3080 enin,
234 3020 264 3068 et
278 3030 363 3068 omne
375 3030 445 3086 opus
460 3014 561 3069 domus
574 3014 680 3081 Achab,
698 3020 726 3068 ει
737 3014 889 3070 ambulasti
903 3015 933 3070 in
944 2989 966 3049 ⁰
976 3017 1147 3073 concubinas
1158 3017 1246 3087 patris
1258 3017 1407 3073 incestans.
1421 3038 1432 3068 ι
1445 3017 1516 3072 Filia
1525 3018 1671 3088 consurgit
1680 3020 1778 3074 adver·

134 3102 324 3174 romptatibus
339 3117 447 3169 eorum,
458 3109 491 3156 ut
504 3102 600 3156 darem
617 3108 644 3156 te
655 3104 684 3157 in
698 3102 893 3175 perditionem,
905 3109 934 3158 et
974 3120 1023 3160 sus
1038 3111 1157 3159 matrem
1173 3121 1263 3168 suem,
1283 3124 1294 3156 r
1316 3107 1397 3175 cujus
1412 3105 1452 3159 rei
1467 3105 1632 3176 quotidiana
1647 3106 1778 3179 exempla

133 3208 237 3247 omnes.
246 3192 405 3246 habitantes
422 3193 449 3245 in
465 3209 496 3246 ca
513 3192 541 3245 in
564 3191 686 3257 sibilum,
702 3198 729 3246 ct
751 3193 931 3265 opprobrium
974 3202 1047 3246 sunt.
1067 3216 1079 3245 o
1096 3195 1191 3247 Nurus
1206 3199 1303 3246 contra
1317 3210 1426 3247 sciorum
1443 3211 1533 3254 sumn,
1550 3213 1561 3245 o
1575 3201 1606 3262 ut
1620 3211 1691 3247 uror
1703 3196 1776 3249 Esau

133 3281 233 3352 populi
243 3280 302 3334 mei
313 3280 470 3352 portabitis·
487 3300 498 3330 ι
973 3286 1072 3335 contra
1087 3280 1248 3335 Rebeccam.
1264 3281 1402 3335 «Inimici
1419 3281 1541 3334 hominis
1554 3281 1701 3335 domestici
1717 3301 1731 3334 r>
1747 3287 1777 3336 et

323 3348 327 3363 ⁸
973 3368 1127 3422 familiares
1139 3388 1150 3417 ι
1163 3369 1233 3439 ejus.
1248 3369 1338 3423 »Cum
1353 3369 1411 3422 haec
1420 3349 1460 3422 ita
1471 3369 1537 3432 sint,
1550 3368 1637 3422 nolite
1647 3369 1774 3438 credere,

437 3421 555 3479 CAPUT
572 3421 633 3476 VH·
974 3456 1077 3510 ocives
1099 3456 1232 3510 Samariae
1252 3455 1296 3510 vel
1316 3455 1503 3521 Hierusalem,
1528 3456 1605 3510 falsis
1619 3456 1776 3527 prophetis.

171 3548 250 3606 «Vre
263 3548 344 3611 mihi,
361 3547 532 3620 quiefactus
546 3561 610 3601 sum
625 3545 698 3601 sicut
717 3546 765 3617 qui
780 3546 886 3616 colligit
903 3546 933 3601 in
1011 3544 1098 3614 «Ego
1114 3547 1206 3597 nutem
1227 3561 1241 3596 u
1262 3561 1318 3598 non
1342 3545 1432 3599 habeo
1453 3544 1583 3599 fiduciam
1608 3545 1638 3600 in
1662 3545 1778 3602 illorum

135 3644 273 3695 mutumne
283 3654 408 3692 racemos
418 3636 573 3691 vindemiae.
583 3635 645 3689 Non
657 3640 699 3688 εει
708 3634 806 3690 botrus
815 3636 850 3689 ad
860 3652 934 3690 com·
974 3631 1052 3685 salsis
1062 3630 1301 3701 promissionibus,
1314 3632 1363 3686 sed
1376 3650 1387 3682 c
1400 3633 1434 3686 ad
1446 3633 1597 3689 Dominum
1611 3633 1776 3705 aspiciam»

135 3727 285 3787 edendum,
297 3740 459 3797 praecoquas
472 3724 542 3778 licus
553 3723 721 3776 desideravit
730 3723 826 3777 anima
836 3738 932 3777 mea.»
975 3725 1003 3773 ct
1017 3720 1078 3789 ejus
1092 3718 1322 3779 miscricordiam.
1336 3738 1348 3771 c
1361 3720 1532 3790 Exspectabo
1548 3721 1638 3777 Deum
1653 3723 1778 3790 salvato·

135 3813 353 3885 Nuncpradicit
363 3812 554 3885 captivitatem
569 3815 597 3865 et
611 3810 689 3865 luda
699 3815 728 3864 ct
743 3812 839 3876 lsrael,
851 3810 879 3864 id
892 3816 935 3865 est
974 3822 1145 3871 remmeum‚
1155 3826 1168 3860 u
1178 3813 1374 3863 etcertussum
1382 3809 1449 3880 quia
1459 3830 1469 3856 s
1481 3809 1577 3863 audiet
1587 3826 1631 3863 me
1638 3811 1777 3871 Dominus

134 3900 363 3959 decemtribuum
372 3908 401 3956 et
411 3902 580 3967 duarum,ct
591 3898 700 3970 plangit
709 3899 782 3971 quod
793 3899 888 3954 nullus
898 3898 936 3954 sit
976 3894 1049 3950 Deus
1056 3911 1144 3950 meus.
1157 3897 1199 3951 Ne
1210 3895 1321 3960 lateris,
1334 3896 1448 3950 inimica
1458 3913 1530 3961 mea,
1543 3912 1628 3969 super
1640 3913 1697 3960 me,
1710 3898 1779 3970 quia

132 3993 228 4064 jusum
248 3990 279 4045 in
292 3990 396 4062 populo
410 3990 473 4053 isto,
490 3987 539 4060 qui
552 3988 641 4060 possit
664 3987 794 4042 resistcre
808 3987 856 4043 irre
872 3987 932 4043 Dei.
975 3984 1071 4050 cecidi,
1083 4000 1261 4056 consurgam.
1271 3984 1447 4039 Gumsedero
1457 3985 1486 4039 in
1497 3984 1777 4051 tenebris,Dominus

135 4081 253 4136 Frustra
265 4079 375 4155 (inquit)
388 4080 498 4133 locutus
508 4074 584 4146 sum,
593 4076 745 4147 predicens
759 4077 934 4131 malaimmi-
975 4073 1022 4127 lux
1035 4090 1099 4127 mea
1108 4078 1160 4128 est.
1172 4072 1248 4127 Iram
1260 4073 1372 4129 Domini
1382 4073 1509 4157 portabo,
1520 4074 1653 4145 quoniam
1664 4075 1777 4145 peccavi

135 4169 242 4227 nenas,
255 4166 360 4220 uestra
369 4166 443 4220 volui
457 4181 490 4218 ex
503 4165 613 4234 perdita
624 4163 736 4219 civitate
751 4165 860 4236 aliquos
871 4182 933 4220 con·
975 4162 1009 4228 ei,
1026 4162 1114 4216 donec
1124 4161 1231 4231 judicet
1242 4177 1362 4223 causam,
1375 4177 1476 4224 meam,
1496 4167 1525 4214 ει
1537 4160 1622 4215 iaciat
1633 4162 1774 4232 judicium

134 4253 370 4323 senereetquasi
377 4256 556 4306 remanentes
563 4267 688 4305 racemos
692 4253 751 4321 Jam
759 4251 933 4321 vindemiatae
975 4264 1080 4303 meum.
1098 4249 1204 4303 Educet
1220 4265 1265 4307 roe
1280 4250 1308 4303 in
1320 4250 1421 4316 lucem,
1433 4249 1531 4304 videbo
1542 4249 1685 4320 justitiam
1702 4252 1774 4321 ejus,

135 4341 223 4396 vinee
247 4340 388 4410 colligere.
406 4339 440 4393 Et
463 4354 528 4392 cum
550 4354 676 4392 racemos
698 4355 754 4393 non
768 4340 931 4407 invenirem,
975 4343 1003 4391 ct
1013 4337 1130 4408 aspiciet
1139 4353 1185 4391 me
1194 4337 1310 4392 inimica
1319 4354 1391 4401 mea,
1402 4345 1431 4391 et
1445 4339 1588 4410 operietur
1600 4338 1774 4403 confusione,

135 4429 214 4484 volui
221 4427 499 4499 saltemimmaturas
507 4427 587 4493 licus,
595 4425 622 4479 id
633 4429 677 4479 est
683 4442 796 4497 grossos
805 4428 932 4495 ficorum,
975 4441 1037 4495 quae
1046 4424 1114 4478 dicit
1124 4424 1159 4479 ad
1168 4441 1214 4480 me
1227 4425 1297 4480 :Ubi
1308 4432 1351 4481 est
1366 4426 1502 4480 Dominus
1512 4427 1588 4481 Deus
1597 4428 1683 4482 tuus?
1695 4428 1776 4484 Oculi

136 4517 294 4575 comedere.
317 4516 383 4589 qnia
405 4515 493 4571 bonas
513 4519 639 4586 maturas
663 4530 720 4585 uon
746 4513 931 4571 inveniebam.
974 4512 1030 4567 mei
1044 4512 1178 4567 videbunt
1191 4514 1221 4568 in
1235 4530 1307 4580 eam,
1320 4531 1394 4569 nunc
1408 4515 1461 4568 erit
1473 4515 1502 4569 in
1516 4515 1727 4572 conculcatione
1743 4523 1775 4573 ut

136 4605 218 4672 Quod
231 4605 287 4662 tale
302 4614 354 4672 εει,
367 4603 453 4659 veluti
473 4602 497 4658 si
520 4602 680 4675 quisdicat,
696 4602 763 4675 quia
777 4619 863 4674 panes
877 4620 934 4658 non
974 4602 1065 4656 lutum
1078 4602 1244 4680 platearum.
1260 4623 1271 4653 ι
1285 4603 1345 4659 Vox
1356 4602 1532 4657 Hierusalem
1543 4608 1643 4658 contra
1655 4604 1776 4677 Babylo·

135 4695 240 4763 invem,
253 4694 331 4751 volui·
341 4692 507 4766 quisquilias
519 4699 548 4747 et
560 4690 682 4746 turtures
692 4692 862 4748 manducare
876 4709 934 4765 prce
974 4706 1040 4746 nem
1052 4696 1081 4746 et
1095 4696 1210 4746 caeteras
1223 4696 1332 4762 gentes,
1350 4708 1411 4762 quas
1426 4691 1636 4746 exsultaverunt
1649 4693 1679 4747 in
1693 4694 1776 4749 ruina

135 4783 220 4839 amis
233 4783 437 4855 magnitudine.
455 4783 545 4847 Quam
566 4780 780 4836 similitudinem
795 4781 854 4861 ipse
868 4798 935 4853 pro·
975 4780 1051 4850 ejus:
1063 4779 1086 4834 0
1097 4779 1220 4852 Babylon
1232 4779 1427 4846 inimicamca,
1437 4795 1472 4834 ne
1482 4779 1639 4849 laterisne
1649 4782 1776 4852 gaudeas

136 4872 222 4942 pheta
236 4873 360 4944 exponit,
377 4871 473 4926 dicens
489 4890 495 4925 :
975 4883 1061 4939 super
1074 4882 1129 4935 me,
1147 4868 1214 4940 quia
1228 4867 1315 4922 cecidi
1330 4866 1430 4924 merito
1445 4883 1517 4922 meo.
1531 4868 1686 4941 Postquam
1702 4871 1777 4926 enim

174 4958 291 5014 cPeriit
303 4965 416 5013 sanctus
429 4959 464 5015 de
477 4965 563 5027 terra,
580 4966 609 5015 et
622 4967 716 5015 rectus
728 4957 758 5012 in
774 4958 935 5015 hominibus
975 4958 1048 5012 iram
1067 4957 1179 5012 Domini
1198 4961 1354 5028 portavero,
1379 4973 1558 5028 consurgam,
1579 4958 1647 5030 quia
1666 4958 1715 5013 ille
1735 4966 1778 5015 est

137 5052 257 5102 nonest.
269 5045 375 5101 Omnes
385 5046 562 5117 insanguine
571 5047 757 5120 insidiantur:
767 5046 811 5100 vir
820 5045 935 5103 fratrem
976 5046 1072 5101 lumen
1086 5061 1181 5100 meum
1196 5047 1225 5100 in
1241 5046 1364 5101 tenebris
1378 5045 1602 5103 tribulationum.
1616 5046 1688 5102 Nou
1701 5048 1776 5120 quod

137 5150 222 5189 suum
235 5138 355 5188 venatur
364 5135 402 5188 ad
413 5139 542 5201 mortem,
554 5137 660 5190 malurn
673 5152 808 5191 manuum
819 5151 935 5190 suarum
976 5151 1023 5189 mc
1033 5134 1070 5188 sit
1080 5134 1216 5189 ducturus
1227 5135 1262 5189 de
1273 5135 1402 5205 angustia
1413 5135 1487 5188 Deus
1495 5150 1586 5200 meus,
1598 5141 1627 5189 et
1635 5137 1709 5191 oculi
1721 5138 1777 5203 mei

137 5220 356 5277 dicuntbonum.
367 5222 450 5275 erton
461 5222 552 5277 solum
561 5224 669 5278 faciunt
678 5225 736 5280 hacc
746 5225 830 5292 mola,
840 5241 935 5280 rerum
976 5223 1110 5278 videbunt
1117 5223 1257 5295 justitiam
1267 5225 1339 5294 eJus,
1348 5224 1374 5276 id
1388 5228 1429 5277 esi
1441 5223 1577 5279 ultionem
1589 5240 1675 5294 quam
1685 5225 1776 5281 factu-

137 5311 224 5367 etiam
234 5308 399 5373 defendunt,
409 5316 439 5363 ct
446 5309 545 5364 ordine
556 5328 686 5382 perverso
696 5314 769 5384 quod
778 5314 882 5368 bonum
893 5320 936 5369 εει
975 5329 1025 5367 rus
1037 5319 1080 5368 est
1093 5328 1149 5366 non
1159 5313 1242 5383 longo
1253 5317 1316 5382 post
1326 5318 1460 5382 tempore,
1474 5311 1523 5366 sed
1536 5317 1648 5366 nuncet
1661 5313 1691 5368 in
1703 5331 1776 5385 prm·

138 5400 237 5456 dicunt
250 5397 367 5465 maltum,
378 5396 541 5466 ecquod-ast
552 5399 667 5464 malum,
677 5399 773 5456 dicunt
784 5401 899 5462 bonum.
975 5401 1068 5464 sentia
1082 5417 1179 5456 eorum
1194 5406 1276 5455 erunt
1291 5401 1320 5454 in
1335 5400 1585 5464 conculcationem,
1602 5404 1630 5454 et
1645 5401 1775 5458 devasta-

176 5504 196 5541 ι·
205 5486 339 5564 hinoeps
352 5482 487 5559 postium,
502 5490 532 5561 et
545 5485 633 5558 judex
646 5485 675 5542 in
694 5488 835 5546 reddendo
849 5496 902 5547 εει.
921 5511 933 5544 r
975 5491 1082 5547 buntur
1092 5507 1110 5545 a
1119 5489 1208 5546 bladis
1217 5494 1246 5563 et
1254 5489 1357 5544 Persis.
1367 5490 1428 5545 Huc
1437 5504 1526 5567 usque
1536 5505 1586 5545 vox
1593 5486 1774 5559 Hierusalem
