3818 6104
187 185 259 247 1215
422 187 613 246 samonis
627 187 873 250 nausearis.
889 189 1002 250 amsa.
1018 189 1098 250 OPP.
1116 189 1209 249 PARS
1224 190 1247 250 l.
1265 221 1297 234 -
1312 190 1500 250 eoduma.
1516 192 1613 251 alst.
1762 191 1826 251 stit

189 309 310 381 angelus
320 310 368 382 qui
382 309 441 367 hac
452 311 493 367 illi
504 314 670 374 ostendebat
681 338 687 373 :
700 321 761 375 Hac
770 323 852 375 verbo
863 336 925 392 qua
937 318 1013 381 sci-A
1026 317 1105 374 valde
1119 329 1161 373 est
1175 334 1226 374 cur
1239 319 1361 374 loannes
1374 325 1474 378 contra
1485 318 1670 377 interdictum
1682 320 1776 391 angeli
1786 337 1827 376 sa-

186 396 255 454 licet
267 398 303 453 ab
312 398 393 453 initio
406 399 468 454 libri
484 401 558 456 dicta
573 406 613 458 sel
628 414 741 461 ostensa
753 406 805 462 tibi
819 415 895 463 sunt.
909 409 987 461 Vide·
1029 409 1120 462 cundo
1130 424 1194 463 eum
1207 407 1326 462 adorare
1336 409 1463 463 voluerit.
1478 410 1541 463 lain
1557 410 1633 464 enirn
1647 409 1735 464 simili
1751 410 1827 464 modo

188 489 297 543 lissima
307 493 373 541 suut
387 489 453 560 quia
463 491 596 562 quidquid
608 494 658 549 tibi
668 496 774 552 dictum
788 503 840 554 est.
853 497 989 552 veraciter
1028 496 1326 556 seadorarevetuerat,
1335 498 1571 568 unumquelleum
1582 497 1827 552 adorandumesse

188 573 361 647 implebitur.
375 578 407 631 Et
421 594 485 631 cero
499 587 565 633 seru
580 583 646 654 quia
661 601 678 638 a
693 585 751 639 Deo
765 603 830 640 rero
845 592 911 640 sunt
925 603 987 657 pro·
1028 584 1170 640 docuerat.
1183 585 1225 639 hd
1235 585 1309 656 quod
1321 585 1481 647 dicendum,
1494 586 1560 658 quia
1570 592 1621 640 aut
1634 601 1740 656 magno
1753 585 1829 639 visio

187 663 256 721 lata.
274 665 353 730 Quod
368 671 461 719 autern
475 667 578 724 dicitur
590 671 700 734 loanni,
716 673 837 745 pertinet
852 676 936 729 etiam
952 674 988 730 ad
1029 690 1096 728 nurn
1111 680 1225 744 stupore
1246 673 1402 745 perculsus,
1417 672 1519 728 oblitus
1538 674 1633 729 iuerat
1655 690 1755 728 eorum
1773 690 1829 745 qua

187 753 377 809 universalem
390 754 551 821 Ecclesiam,
561 760 607 813 cui
617 778 668 831 per
679 761 819 818 internam
830 763 989 834 inspiratio·
1028 779 1114 834 supra
1124 763 1259 825 audierat¹
1272 767 1322 816 aut
1329 768 1403 816 certe
1412 767 1505 833 potest
1514 778 1576 818 esse
1586 762 1722 834 repetitio
1731 763 1829 833 prioris

188 857 254 899 nem
265 845 327 915 ipsa
337 843 487 900 verborum
498 848 601 904 veritas
612 852 753 908 revelatur
766 869 771 900 t
783 853 883 910 etideo
893 855 988 909 nullus
1028 851 1186 906 sententias.
1207 842 1294 905 Deuiu
1316 852 1414 904 odoro.
1430 850 1462 906 Id
1483 857 1526 906 est
1546 866 1605 905 non
1619 856 1768 915 creaturae,
1784 852 1829 905 sed

188 931 337 987 intantum
346 932 429 988 debet
439 934 573 1006 insipiens
583 938 655 1003 neri,
666 947 699 996 ut
708 942 803 1015 aliquo
817 943 899 997 modo
909 942 988 998 dubi·
1029 941 1156 997 Creatori
1171 940 1286 994 honoris
1297 941 1481 995 reverentiam
1495 941 1573 995 offer.
1586 940 1662 994 Nota
1677 956 1745 994 vero
1758 943 1829 1011 quod

187 1021 278 1078 tetdo
292 1022 336 1076 his
348 1039 409 1093 quae
424 1023 476 1077 sub
491 1030 570 1081 tanta
583 1031 788 1086 contestatione
802 1031 988 1102 pronuntian-
1029 1046 1102 1101 sape
1111 1030 1228 1100 angelus
1237 1029 1339 1084 ioanni
1350 1028 1446 1083 futura
1456 1030 1593 1100 praedixit.
1607 1036 1637 1086 et
1644 1032 1735 1086 multa
1747 1031 1828 1086 etiam

187 1112 237 1165 tur
246 1126 307 1165 esse
319 1111 474 1169 serissima.
484 1115 518 1167 st
529 1116 663 1172 Dominus
672 1120 743 1173 licus
751 1123 868 1189 spiritus
876 1123 990 1190 prophe·
1030 1117 1057 1172 in
1068 1118 1120 1172 hoc
1130 1117 1200 1172 libro
1212 1118 1392 1190 reperiuntur
1402 1119 1602 1190 prophetarum
1614 1119 1708 1174 verbis
1719 1119 1828 1174 similia.

189 1202 287 1256 turum
302 1203 378 1254 misit
389 1204 520 1268 ariusium
535 1219 618 1258 suurn
634 1210 773 1262 ostendere
785 1213 870 1263 serris
880 1213 947 1271 suis,
961 1210 989 1264 id
1029 1207 1102 1262 Nam
1114 1212 1141 1260 et
1150 1206 1251 1277 integri
1262 1223 1357 1261 versus
1369 1206 1447 1260 isaias
1459 1208 1646 1275 thachariae,
1655 1208 1829 1278 aliorumque

189 1291 232 1342 est
241 1287 300 1359 ipse
311 1289 358 1360 qui
368 1289 477 1344 locutus
485 1296 528 1344 est
538 1293 692 1364 prophetis,
703 1296 761 1367 ipse
771 1296 848 1351 misit
857 1298 988 1368 angelum
1029 1296 1229 1367 prophetarum
1239 1293 1277 1349 ibi
1288 1295 1476 1366 reperiuntur.
1488 1295 1567 1351 Unde
1578 1303 1636 1354 est:
1657 1298 1791 1351 Videbunt
1802 1300 1829 1349 in

187 1391 270 1433 suurn
281 1379 429 1432 ostendere
443 1378 555 1445 loanni,
573 1382 640 1436 etin
652 1383 700 1438 illo
709 1386 784 1439 omni
795 1386 923 1441 Ecclesia
930 1403 990 1455 qua
1030 1400 1110 1453 quem
1125 1386 1327 1452 transfixerunt
1344 1386 1433 1452 (loen.
1448 1393 1514 1448 xix).
1578 1426 1585 1433 .

174 1471 292 1551 'oportet
300 1469 364 1534 fieri
372 1469 433 1519 cilo.
444 1467 565 1522 Nomine
577 1470 694 1542 spiritus
705 1479 764 1528 tota
773 1475 898 1530 Trinitas
908 1474 989 1529 intel·
1066 1474 1098 1528 lit
1112 1474 1185 1526 dicit
1201 1472 1271 1526 nribi
1281 1491 1289 1525 :
1300 1473 1339 1526 Ne
1354 1475 1508 1539 sipneveres
1522 1474 1604 1527 uerbo
1613 1473 1771 1541 prophetia
1782 1473 1830 1525 bu·

188 1554 295 1626 ligitur,
305 1571 368 1625 quas
376 1555 467 1625 ipsam
475 1557 607 1626 angelum
616 1561 701 1621 misit.
710 1562 756 1634 qui
765 1568 866 1619 natura
875 1564 987 1635 quidem
1024 1566 1088 1631 jus.
1113 1562 1206 1626 Quare
1222 1560 1266 1613 hic
1280 1559 1350 1613 dixit
1368 1577 1373 1611 :
1392 1576 1425 1613 ne
1440 1563 1602 1628 sipnooeris,
1619 1561 1649 1615 id
1670 1567 1724 1625 est,
1741 1576 1775 1614 ne
1794 1561 1830 1614 si·

187 1643 306 1713 angelus
319 1642 382 1709 fuit,
399 1643 448 1697 sed
472 1644 610 1701 incarnati
634 1649 718 1704 Verbi
735 1652 822 1707 solius
837 1650 1182 1731 personamflgillaveris,
1214 1665 1249 1703 ne
1276 1647 1411 1703 clauseris
1437 1648 1522 1703 verba
1547 1649 1612 1704 libri
1640 1649 1739 1719 hujus,
1770 1665 1829 1703 cum

186 1731 983 1813 gessitUndeetaliquandoexpersonaChristiloquitur,
1031 1738 1061 1793 in
1090 1739 1183 1793 media
1210 1737 1295 1808 hujus
1322 1736 1456 1790 orationis
1483 1737 1555 1791 serie
1583 1737 1691 1791 dictum
1720 1737 1759 1791 sit
1785 1737 1830 1791 Jo-

188 1818 304 1874 dicens:
321 1821 376 1890 lipo
390 1821 585 1889 ueterrimas,
600 1841 646 1891 epo
660 1831 826 1883 couterinum
843 1832 887 1892 (is.
899 1829 985 1898 ιιιι),
1030 1826 1118 1881 anai:
1140 1825 1228 1894 Sipus
1250 1842 1310 1894 qua
1334 1828 1423 1880 locuto
1441 1831 1507 1878 sunt
1525 1831 1625 1894 septem
1651 1828 1788 1889 tonitruo,
1806 1832 1829 1878 ei

189 1911 242 1964 etc.
257 1909 417 1982 Aliquando
432 1934 512 1973 suam
527 1919 675 1974 attendens
696 1899 984 1983 naturam,l0annem
1029 1915 1088 1968 noli
1108 1929 1138 1967 ee
1163 1914 1300 1966 scribere?
1319 1912 1392 1976 Quia
1416 1911 1543 1965 videlicet
1564 1910 1647 1965 malis
1662 1917 1692 1964 et
1705 1917 1830 1964 conmm-

189 1999 988 2079 nasedebeatadorareprohibetNotandumautemquod
1030 2001 1156 2072 ptoribus
1170 2000 1309 2071 signanda
1322 2005 1350 2054 et
1364 2000 1520 2054 claudenda
1533 2006 1619 2071 atque
1645 1999 1827 2053 abcondenda

188 2084 220 2141 iu
229 2087 311 2142 initio
320 2088 402 2145 istius
412 2093 476 2147 libri
485 2095 558 2149 dixit
570 2101 598 2150 et
612 2095 789 2165 significavit,
804 2101 926 2163 mittens,
938 2112 989 2168 per
1029 2097 1096 2148 sunt
1106 2088 1352 2161 divinamystcria.
1365 2088 1444 2142 Unde
1454 2094 1512 2142 est:
1527 2090 1617 2143 ll'oiiie
1627 2091 1829 2142 suncturudcre

189 2177 322 2246 angelum
337 2195 420 2236 suurn
435 2201 515 2238 servo
529 2201 580 2239 suo
599 2184 709 2239 loanni.
722 2185 774 2239 Hic
787 2200 853 2238 vero
867 2201 923 2239 non
938 2186 987 2240 uni
1029 2182 1144 2233 cunibus
1164 2178 1274 2243 (dietih.
1299 2184 1399 2244 r11„et
1416 2196 1422 2230 :
1446 2177 1485 2231 ile
1504 2180 1639 2231 irriseritis
1659 2180 1828 2244 merueritis

190 2263 380 2334 singulariter,
397 2271 446 2324 sed
465 2273 552 2326 servis
571 2272 717 2344 pluraliter
732 2272 801 2326 dicit
815 2273 988 2328 ostendenda
1028 2275 1131 2323 uestros
1145 2273 1210 2321 ente
1223 2282 1317 2335 porros
1332 2266 1434 2335 (ibid).
1455 2264 1597 2319 Fidelibus
1617 2272 1714 2320 autem
1738 2265 1828 2321 mani·

189 2367 252 2424 qua
262 2361 373 2425 oportet
384 2357 444 2412 sieri
458 2360 522 2415 cito.
533 2360 564 2415 ln
576 2360 678 2432 quibus
688 2360 779 2415 verbis
791 2361 922 2423 ostendis.
934 2363 989 2418 uti·
1028 2356 1157 2413 festanda
1169 2360 1234 2409 sunt
1252 2354 1346 2409 divina
1357 2354 1478 2424 eloquia.
1490 2354 1569 2408 Unde
1587 2354 1727 2408 Dominus
1740 2353 1826 2408 dicit:

190 2456 254 2512 quc.
269 2459 325 2498 non
340 2447 387 2500 uni
401 2448 569 2517 specialiter,
584 2449 696 2509 loanni,
713 2449 761 2503 sed
782 2449 907 2504 omnium
919 2451 947 2505 in
958 2467 988 2506 se
1037 2449 1110 2502 Vobis
1124 2447 1221 2499 dotum
1235 2449 1273 2498 cst
1288 2460 1363 2498 nosse
1378 2446 1543 2513 mysterium
1558 2447 1641 2511 requi
1652 2445 1711 2509 Dei,
1729 2445 1830 2497 celeris

189 2529 307 2587 utilitati
321 2533 350 2588 in
360 2536 645 2608 loannegeneraliter
651 2538 834 2610 prospexisse,
842 2539 988 2610 quiaquod
1030 2542 1125 2591 aerem
1142 2538 1172 2588 in
1183 2535 1324 2609 parabolis
1340 2533 1413 2598 (lue.
1425 2537 1471 2600 xil.
1482 2531 1589 2586 Dicitur
1604 2533 1702 2602 itaque
1719 2536 1830 2602 propter

190 2618 291 2674 loanni
302 2621 415 2680 dicitur.
428 2626 558 2681 omnibus
569 2627 698 2682 Ecclesia
711 2626 987 2698 fidelibuscongruit.
1030 2623 1174 2679 infideles:
1189 2622 1276 2690 Sapua
1289 2637 1348 2690 pira
1363 2624 1453 2676 locuto
1467 2626 1533 2675 surii
1543 2626 1642 2690 septem
1658 2624 1797 2684 tonitruo,
1808 2624 1829 2674 et

191 2708 259 2774 Qua
271 2718 339 2766 sunt
352 2721 446 2769 autem
463 2733 525 2788 quae
540 2722 651 2788 oportet
665 2715 726 2770 sieri
742 2716 821 2770 cito?
835 2716 932 2786 utique
946 2731 989 2769 re·
1029 2715 1089 2769 aeli
1103 2728 1134 2766 ea
1152 2713 1280 2777 scribere,
1297 2717 1413 2782 propter
1431 2710 1528 2764 fideles
1542 2716 1648 2764 autern.
1663 2708 1761 2764 Scribe
1775 2725 1831 2778 qua

191 2801 350 2856 muneratio
372 2808 543 2871 sanctorum,
566 2810 596 2859 et
615 2804 760 2859 damnatio
785 2803 983 2875 reproborum.
1029 2803 1115 2867 uides,
1126 2807 1154 2854 et
1165 2818 1171 2852 ε
1184 2800 1223 2854 Ne
1237 2799 1391 2868 ⁴ripnoreris
1401 2801 1481 2853 verbo
1488 2799 1638 2868 prophetie
1653 2800 1724 2852 libri
1737 2799 1830 2865 hujus.

191 2884 272 2942 Unde
287 2894 315 2943 et
328 2891 457 2962 sequitur
470 2907 476 2942 :
1029 2889 1081 2944 Vel
1095 2887 1263 2959 certe,quod
1275 2888 1305 2941 in
1319 2886 1456 2959 principio
1466 2886 1552 2956 hujus
1565 2886 1750 2940 revelationis
1763 2885 1832 2940 dici·

224 2975 290 3031 seu
299 2983 378 3033 venio
386 2984 511 3036 uelociter
520 2983 557 3037 ad
567 2981 751 3044 reddendum,
763 2981 870 3036 scilieet
879 2979 990 3036 unicui·
1011 2977 1216 3034 ‘turJoannit
1240 2975 1333 3032 Scribe
1356 2993 1416 3045 que
1436 2977 1517 3036 vide,
1540 2991 1601 3045 qua
1623 2978 1738 3029 visurus
1753 2991 1788 3035 es,
1805 2972 1833 3028 in

193 3078 248 3135 que
254 3065 337 3135 juata
344 3067 475 3122 meritum
484 3086 577 3124 snum.
588 3069 661 3124 Licet
671 3069 746 3124 enim
755 3068 991 3140 quantulumcun·
1031 3067 1124 3123 medio
1136 3083 1201 3121 vero
1214 3084 1220 3119 :
1232 3065 1320 3134 Sipnc
1335 3081 1395 3134 qua
1406 3067 1494 3119 locutu
1506 3069 1571 3117 sient
1581 3069 1683 3132 septem
1695 3066 1831 3127 tonitruo,

192 3167 247 3223 qua
257 3155 379 3225 spatium
388 3157 447 3212 bac
457 3174 580 3229 praesens
590 3157 792 3222 vitavideatur,
802 3165 896 3212 tamen
907 3173 990 3212 omno
1030 3161 1115 3228 atque
1129 3156 1158 3210 in
1172 3155 1228 3209 fine
1241 3173 1247 3207 :
1258 3155 1296 3209 Ne
1310 3155 1463 3222 siprmreris
1475 3152 1558 3206 verbo
1571 3152 1724 3221 prophetia
1738 3153 1832 3220 liujus,

191 3243 304 3312 tempus
322 3246 467 3313 praesentis
484 3247 545 3302 vita
559 3252 752 3317 comparatum
765 3246 926 3313 aeternitati,
942 3261 990 3300 ve·
1032 3250 1125 3317 potest
1137 3245 1176 3299 ita
1192 3241 1321 3313 intelligi,
1339 3241 1412 3313 quod
1425 3240 1549 3312 Spiritus
1563 3245 1680 3294 saneim
1698 3239 1833 3311 praeridit,

192 3326 244 3382 luti
256 3338 483 3386 momentaneum
498 3332 628 3398 habetur,
642 3340 727 3405 atque
741 3333 844 3388 idcirco
859 3334 992 3388 velociter
1032 3334 1124 3406 primo
1134 3338 1260 3404 tempore
1269 3330 1404 3402 quosdam
1414 3330 1443 3383 in
1453 3329 1576 3383 Ecclesia
1583 3327 1706 3394 futuros,
1714 3328 1761 3399 qui
1772 3343 1834 3382 cum

191 3418 331 3474 revenire
345 3427 526 3491 protestetur,
538 3428 571 3476 ut
584 3422 640 3476 cito
649 3421 822 3492 impleantur
832 3439 893 3494 quse
906 3438 991 3493 opor·
1031 3422 1134 3494 gaudio
1150 3426 1179 3476 et
1193 3419 1326 3474 aviditate
1341 3417 1480 3489 recepturi
1502 3422 1584 3472 erant
1603 3417 1718 3472 Domini
1732 3432 1836 3472 sermo·

190 3508 233 3560 tet
246 3506 316 3561 fleri.
330 3509 437 3570 Beatus.
452 3509 480 3564 id
495 3516 539 3564 est
552 3509 627 3574 felix,
642 3513 693 3579 qui
707 3512 824 3565 custodit
839 3511 920 3564 verbe
929 3525 992 3579 pro·
1032 3527 1097 3566 nem
1113 3527 1119 3563 ε
1145 3508 1245 3563 deinde
1269 3506 1354 3562 etiam
1377 3506 1512 3578 quosdam
1535 3506 1660 3571 futuros,
1685 3505 1715 3559 in
1734 3504 1834 3575 quibas

187 3594 287 3664 plutis
301 3597 369 3651 libri
387 3597 479 3666 liujus,
496 3615 612 3654 servans
626 3615 688 3671 qua
701 3599 730 3652 in
745 3616 778 3652 eo
794 3598 898 3671 scripta
913 3601 989 3667 sunt,
1032 3598 1157 3655 abundat
1167 3596 1301 3668 iniquitas
1309 3602 1338 3649 et
1350 3595 1508 3666 refrigescit
1518 3595 1654 3657 charitas,
1665 3593 1731 3664 quin
1740 3592 1832 3662 potius

191 3687 224 3738 ut
238 3682 340 3755 dignus
351 3685 488 3742 habeatur
502 3687 728 3742 remuneratione
744 3693 889 3758 perpetua.
1032 3688 1147 3743 verbum
1158 3687 1207 3741 Dei
1219 3690 1413 3748 contemnunt,
1422 3699 1508 3754 quam
1518 3682 1697 3753 suscipiant:
1712 3688 1833 3735 caucino

227 3773 992 3846 Eicpoioonnes,subauditur,beatussum,quiuueliui
1032 3794 1097 3832 vero
1124 3774 1368 3847 appropinquante
1392 3771 1511 3842 judicio,
1538 3776 1624 3825 erunt
1651 3776 1759 3837 (verum
1781 3785 1835 3823 non

191 3864 217 3916 at
231 3863 362 3918 vidiliaco.
373 3865 407 3919 El
417 3870 563 3935 postquam
573 3867 711 3919 cudissem
722 3871 745 3919 el
758 3867 895 3930 sidionem,
908 3865 992 3919 cecidi
1033 3866 1122 3920 solum
1137 3863 1267 3934 gentiles,
1284 3862 1332 3916 sed
1352 3861 1435 3915 etiarn
1452 3859 1552 3915 ludaeii
1563 3859 1613 3930 qdi
1634 3874 1701 3911 curn
1717 3857 1835 3911 maxima

191 3952 437 4021 antepedesonpeii
443 3955 762 4023 utedor·oremeurn,qui
768 3954 840 4006 niilri
846 3954 992 4007 iiacosicn·
1032 3954 1165 4010 ariditate
1175 3950 1290 4005 verbum
1303 3949 1352 4004 Dei
1362 3948 1518 4019 suscepturi
1529 3954 1606 4009 sunt,
1618 3946 1836 4018 praedicantibus

192 4040 280 4093 debat.
292 4040 325 4094 iit
338 4042 406 4096 dicit
420 4045 511 4096 anilii:
530 4045 589 4097 Vide
603 4060 636 4097 ne
645 4044 751 4110 feceris.
764 4043 915 4098 conservus
926 4048 990 4096 tuus
1032 4042 1093 4098 Elia
1106 4046 1135 4096 et
1146 4040 1250 4095 Enoch.
1259 4038 1423 4108 caeterisque
1435 4034 1678 4107 praedicatoribus.
1688 4035 1762 4100 Quia
1772 4051 1836 4104 ergo

192 4142 255 4182 suni
269 4132 433 4197 risnellum
450 4137 563 4185 litorum
575 4132 784 4200 prophetorum,
798 4134 822 4183 el
836 4146 931 4184 corum
942 4133 992 4199 oui
1031 4132 1060 4186 in
1075 4131 1166 4202 primo
1191 4134 1219 4183 et
1242 4127 1342 4182 ultimo
1365 4133 1493 4196 tempore
1519 4124 1616 4179 fideles
1637 4125 1764 4179 fuerunt.
1782 4124 1836 4178 sire

192 4223 302 4270 amount
313 4220 394 4272 verbe
400 4220 548 4288 prophetin
558 4222 626 4273 libri
632 4221 716 4288 liujus
734 4219 871 4283 llocloco,
883 4218 992 4272 sicutct
1031 4220 1118 4275 futuri
1134 4228 1209 4279 sunt,
1226 4215 1341 4270 verbum
1364 4214 1415 4267 Dei
1434 4230 1498 4267 cum
1520 4211 1625 4284 gaudio
1640 4213 1835 4284 suscipientes,

193 4304 353 4375 superius,l
357 4323 462 4361 oannes
471 4313 499 4361 et
508 4309 625 4377 arigelus
633 4307 760 4378 proprias
769 4323 903 4377 personas
914 4323 991 4361 resu·
1000 4296 1023 4354 D
1032 4309 1103 4364 bene
1117 4307 1197 4362 initio
1214 4306 1298 4375 hujus
1314 4302 1378 4357 libri
1389 4303 1493 4357 dicitur
1506 4320 1512 4356 ι
1526 4302 1619 4357 Scribe
1632 4318 1695 4370 qnia
1708 4303 1794 4364 uides,
1810 4308 1836 4355 ti

192 4399 283 4445 munt.
296 4394 338 4447 Ne
349 4395 423 4449 euim
435 4395 582 4467 quisquam
594 4396 629 4449 de
641 4395 846 4467 conscriptione
861 4395 924 4448 libri
935 4397 991 4449 hu·
1031 4400 1061 4453 in
1071 4399 1142 4451 fine:
1155 4398 1195 4450 Ne
1205 4395 1359 4461 ripnereris
1370 4393 1450 4446 rerba
1459 4391 1608 4460 prophetia
1618 4390 1714 4458 liujus.
1723 4391 1761 4443 At
1772 4390 1836 4460 quia

190 4479 989 4555 jusdubitarct,suamauctoritatcmloannesinterponit,
1030 4487 1060 4542 in
1075 4485 1167 4540 medio
1181 4483 1261 4538 multi
1277 4489 1343 4537 sunt
1358 4485 1569 4551 contemptores
1584 4478 1662 4533 verbi
1685 4479 1746 4542 Dei,
1768 4495 1835 4532 con·

88 4566 90 4571 '
192 4567 288 4624 dicens
304 4591 310 4625 ε
326 4573 381 4640 auo
401 4575 584 4643 Joorsnesqui
602 4576 700 4627 audiri
720 4579 745 4627 et
766 4575 824 4626 ridi
845 4575 908 4628 ine.
931 4575 990 4644 lpse
1030 4591 1100 4647 grue
1120 4588 1231 4645 quoque
1248 4576 1276 4625 et
1293 4571 1339 4624 hic
1357 4570 1387 4623 in
1410 4569 1504 4624 medio
1526 4568 1652 4622 dicitur:
1674 4568 1835 4636 Siccaena

191 4660 989 4733 quoqucangelusresumitsuampersonam,prohibetque
1033 4667 1123 4719 locutu
1142 4667 1207 4717 surii
1221 4667 1319 4730 sepiem
1338 4662 1475 4726 tonitrua,
1490 4663 1513 4712 ei
1529 4660 1588 4712 noli
1607 4673 1638 4711 ec
1654 4659 1782 4711 scribere.
1799 4686 1830 4696 -

191 4749 374 4805 loannemnc
384 4767 415 4804 se
429 4749 548 4804 adorare
560 4749 669 4814 debeat,
681 4749 793 4804 dicens:
813 4752 872 4804 Vide
883 4766 916 4804 nc
925 4753 990 4819 fece·
1034 4753 1148 4822 Venrpus
1158 4753 1233 4806 enirn
1244 4765 1329 4818 propo
1338 4754 1385 4803 est.
1398 4748 1457 4802 lloc
1470 4747 1505 4801 ad
1520 4746 1590 4801 illud
1606 4745 1742 4816 pertinet,
1759 4746 1832 4817 quod

190 4838 396 4893 riadouaersus
404 4845 468 4892 tuus
476 4845 568 4893 sumet
577 4843 834 4907 {rctrumiuurum
842 4839 880 4893 Ex
889 4839 990 4910 quibas
1031 4840 1180 4912 premisit:
1193 4839 1234 4893 Ne
1245 4836 1400 4908 signaveris
1410 4834 1495 4890 rerba
1504 4833 1661 4906 prophetiae
1669 4834 1768 4904 hujus,
1779 4849 1833 4904 quo

191 4925 284 4980 serbis
294 4927 362 4982 satis
373 4927 566 5000 supradictum
580 4933 632 4995 est,
645 4928 719 4999 quod
729 4927 859 4982 videlicet
872 4927 932 4999 ipse
942 4945 992 4984 an·
1033 4929 1090 4983 boec
1104 4927 1215 4999 impleri
1225 4926 1383 4983 debeant.a
1397 4931 1524 4996 ternpore
1534 4922 1642 4978 scilicet
1653 4923 1832 4977 resurrectio

191 5012 272 5085 gelus
282 5015 434 5071 aethereum
444 5032 545 5086 corpus
557 5017 721 5088 susceperit,
731 5022 817 5087 atque
829 5016 892 5070 ideo
904 5018 990 5088 pedes
1031 5017 1075 5072 nis
1090 5016 1194 5071 Christi
1208 5031 1297 5086 usque
1320 5014 1356 5068 ad
1370 5013 1445 5068 diam
1458 5013 1567 5083 judicii,
1584 5012 1700 5081 quando
1715 5011 1829 5082 singulis

191 5100 296 5156 habere
305 5103 417 5169 dicitur,
429 5111 458 5160 et
467 5106 542 5177 quod
552 5107 679 5161 timuerIt
689 5112 751 5177 post
761 5106 910 5160 adrentum
926 5107 989 5160 Filii
1028 5107 1110 5179 J‘uxta
1123 5121 1208 5177 opera
1218 5120 1270 5158 sua
1279 5102 1461 5157 retribuetur.
1473 5102 1513 5156 De
1527 5101 1579 5155 hoc
1589 5099 1759 5157 brevissimo
1768 5108 1831 5155 tem·

191 5190 243 5248 Dai
257 5191 369 5246 adorari
385 5193 420 5245 ab
445 5195 569 5262 homine,
591 5195 639 5267 qui
662 5212 748 5266 super
767 5212 796 5249 se
811 5195 915 5249 sciebat
929 5196 990 5265 jam
1032 5212 1100 5269 poro
1118 5195 1193 5249 idem
1213 5194 1336 5248 loannes
1355 5191 1385 5245 in
1401 5191 1525 5262 Epistola
1543 5205 1595 5244 sua
1613 5189 1707 5244 dicit:
1731 5192 1832 5253 Filioli,

160 5334 163 5339 .
192 5297 254 5338 esse
268 5280 421 5345 hominem,
433 5298 494 5334 curn
509 5284 577 5337 nihil
589 5285 643 5338 tale
655 5285 780 5355 legamus
791 5284 818 5338 in
831 5284 925 5338 Veteri
940 5285 991 5340 Tc·
1032 5287 1181 5339 rectissimo
1196 5283 1264 5336 bora
1279 5287 1316 5334 est
1329 5282 1358 5348 (i
1368 5282 1449 5334 ioan.
1466 5279 1508 5350 ιι).

192 5375 343 5436 stamento,
353 5367 400 5424 ubi
410 5369 691 5443 irequeirterquidern
703 5373 945 5445 legimusangclos
955 5372 990 5427 ab
1068 5374 1119 5441 (lue
1142 5377 1225 5436 nocet,
1245 5375 1337 5424 recreet
1352 5369 1444 5423 adbuc
1457 5389 1465 5422 :
1480 5373 1504 5423 cl
1519 5370 1569 5437 qui
1586 5370 1618 5420 in
1637 5368 1770 5422 sordibus
1789 5373 1837 5436 est,

191 5460 354 5517 hominibus
376 5458 517 5527 adoratos,
542 5475 593 5513 nec
618 5462 782 5532 prohibitos.
808 5462 863 5517 Sed
887 5463 991 5519 mirum
1031 5464 1166 5516 sordescat
1180 5460 1282 5515 adhuc.
1298 5456 1482 5517 Permissirus
1496 5456 1599 5510 modus
1613 5460 1668 5521 est,
1681 5471 1742 5510 non
1758 5462 1839 5528 opta·
