3818 6104
136 212 202 273 ltst
360 218 551 277 liAthONIS
565 222 810 282 HALBERSTAT.
825 225 940 284 uulsa.
955 227 1035 288 OPP.
1051 227 1144 285 PARS
1158 228 1182 284 Ι.
1198 256 1231 270 ·-
1247 224 1435 282 connum.
1450 225 1543 282 urat.
1699 223 1763 282 tlte

132 353 209 395 nnnc
221 356 349 415 appares,
365 360 430 400 enm
450 344 597 401 dissimilia
612 347 746 420 loqueris.
763 350 831 407 Post
852 352 921 416 hac,
931 352 1037 416 AHinc
1049 352 1154 408 etenim
1167 351 1288 408 Iacobus
1301 351 1391 409 dicit:
1410 350 1496 406 Omne
1512 351 1761 420 datumoptimum,

132 427 265 501 inquitid
277 437 329 497 est,
341 438 405 504 post
414 436 615 506 praecedentem
627 437 831 504 visionem,cidi
841 441 928 495 alium
968 448 993 496 ct
1006 459 1085 497 omne
1099 443 1204 497 donum
1214 442 1524 511 persactuntdssursum
1538 445 1589 505 est,
1604 440 1760 492 ιιιιιιιιὰιιιι

133 519 266 589 angelum
280 520 315 576 de
329 523 397 577 coelo
408 524 632 580 descendentem.
648 526 705 582 Iste
719 530 835 600 angelus
850 531 929 585 Chri·
968 547 986 586 a
1002 534 1081 586 Patre
1097 534 1240 585 luminum
1256 533 1360 598 (daal).
1371 528 1436 600 Ipse
1451 544 1564 600 quoque
1581 527 1669 582 habet
1681 530 1765 598 potes

133 611 195 661 stus
209 614 261 671 est,
282 610 329 680 qui
342 618 385 665 est
398 614 513 668 nuntius
528 621 651 686 paternas
661 617 823 680 voluntatis,
839 621 928 690 etqui
970 625 1057 676 tatem
1073 636 1214 690 magnam,
1230 635 1315 690 qnam
1334 617 1369 672 ab
1386 617 1449 689 ipso
1460 634 1513 671 suo
1527 616 1622 687 capite
1636 615 1765 688 percepit.

134 694 218 750 citam
227 703 361 754 aetemam
376 701 434 756 suis
448 705 561 758 nuntiat
579 706 704 776 quotidie
717 707 854 762 fidelihus·
868 709 930 773 Quo
970 708 1082 778 quando
1092 707 1237 779 Petro,qui
1245 714 1288 761 est
1297 706 1426 779 princeps
1434 703 1766 777 praedicatorumdictum

133 781 164 839 in
177 784 239 840 loco
251 787 539 862 quariturquomodo
547 793 724 850 descendisse
734 797 769 850 de
782 797 852 851 coelo
864 814 930 853 eum
970 801 1030 851 est:
1044 798 1227 865 Ouodcuuque
1237 799 1457 864 ligaem'rsuper
1467 795 1645 862 terraman't
1655 794 1765 857 ligatum

134 871 256 929 ioannes
266 874 415 938 viditcum
424 879 513 935 Filius
523 882 571 937 Dei
585 882 614 936 in
629 883 784 940 divinitatis
798 883 930 939 substan·
969 890 995 939 et
1005 887 1037 938 in
1046 887 1118 939 catis
1130 891 1169 938 :et
1182 885 1362 953 quodcunque
1371 885 1484 938 solvaris
1493 897 1580 950 super
1590 887 1708 944 terram,
1719 883 1766 932 erit

134 958 252 1016 tinem
275 963 361 1020 Patre
387 973 417 1022 et
438 969 544 1040 Spiritu
558 978 656 1026 sancto
670 971 774 1044 ubique
789 972 835 1036 sit,
849 974 931 1044 juxta
971 976 1092 1029 solutum
1116 979 1141 1028 et
1166 977 1198 1029 in
1221 977 1293 1030 culis
1317 973 1426 1043 (llattln
1451 971 1540 1042 xxm).
1560 970 1597 1025 St
1620 969 1767 1036 tarra,hoc

136 1049 210 1118 quod
219 1049 278 1122 ipso
288 1069 339 1123 per
347 1057 513 1128 prophetam
519 1059 600 1115 dicit:
611 1061 718 1116 Caelum
726 1067 755 1116 et
762 1067 868 1117 terram
879 1079 930 1133 ego
972 1069 1025 1125 est,
1039 1063 1163 1119 Ecclesia
1175 1063 1334 1118 illuminata
1355 1066 1399 1116 est
1423 1078 1441 1116 a
1454 1062 1606 1132 majestate
1620 1061 1693 1130 ejus,
1708 1057 1768 1128 quia

133 1135 252 1209 impleo.
267 1142 302 1197 nt
317 1142 420 1200 iterum
439 1165 445 1200 :
463 1147 548 1203 Extra
557 1150 663 1206 soelum
684 1156 713 1204 et
725 1155 831 1206 terram
853 1153 933 1207 locus
972 1169 1024 1208 sua
1049 1152 1246 1225 predicatione
1270 1157 1362 1207 totum
1376 1150 1514 1206 mundum
1527 1148 1707 1204 infidelitatis
1719 1148 1766 1202 cir-

136 1241 191 1281 non
207 1235 259 1296 est,
275 1231 321 1287 uhi
336 1235 438 1290 nonsit
450 1237 595 1292 Dominus.
608 1238 663 1294 Sed
676 1239 865 1295 descenditde
879 1257 933 1295 cre·
973 1241 1135 1295 cumdatum
1147 1239 1280 1303 tenebris,
1295 1239 1433 1309 repletum
1448 1238 1557 1293 lumine
1572 1237 1651 1298 lidei,
1663 1236 1767 1307 quando

136 1313 173 1381 lo,
193 1332 249 1372 non
263 1336 318 1390 quo
332 1322 366 1376 de
380 1323 443 1378 loco
456 1325 491 1378 ad
500 1326 593 1381 locum
603 1328 747 1393 transiret,
758 1328 807 1383 sed
820 1329 933 1399 quando
974 1328 1195 1400 predicaverunt
1208 1328 1322 1399 ubique,
1335 1327 1546 1398 incipientesab
1561 1324 1729 1390 Jerusalem,
1743 1329 1768 1377 et

136 1402 167 1458 in
179 1412 261 1462 utero
280 1409 410 1481 virginali
427 1415 552 1485 suscepit
570 1417 693 1471 animam
711 1423 740 1472 et
763 1434 886 1483 carnem,
901 1424 935 1473 ut
975 1415 1601 1489 pervenientesusqueadterminosuniversae
1612 1419 1768 1484 terreque

137 1500 232 1562 posset
245 1495 333 1552 videri
345 1499 375 1553 in
389 1508 494 1569 nostra,
506 1506 658 1576 naturaqui
668 1505 814 1561 invisibilis
829 1514 891 1563 erat
905 1507 934 1562 in
976 1506 1052 1561 niam
1067 1514 1132 1561 ante
1142 1505 1243 1561 delenit
1252 1505 1293 1560 eis
1303 1511 1380 1559 terra
1390 1521 1474 1576 quam
1483 1504 1591 1574 lingua.
1605 1503 1680 1558 ilino
1693 1501 1769 1556 Psal-

137 1596 198 1639 sua.
208 1582 360 1642 Descensio
374 1606 441 1661 ergo
456 1592 531 1648 illius
546 1593 616 1647 nihil
631 1600 674 1649 est
689 1593 765 1650 aliud
780 1612 865 1667 quam
875 1594 1156 1686 ear-Bmistadicit:
1172 1597 1205 1648 ln
1224 1610 1333 1648 omnem
1353 1598 1457 1646 terram
1470 1597 1559 1647 euicit
1570 1608 1658 1646 sonus
1669 1608 1768 1655 eorum,

136 1669 181 1725 nis
188 1676 353 1746 assumptio,
368 1678 404 1733 de
417 1696 473 1751 quo
488 1682 592 1737 Paulus
602 1682 685 1738 dicit:
701 1685 754 1751 Qui
767 1700 831 1739 oum
841 1686 935 1749 insor-
976 1690 1029 1739 etc.
1049 1687 1130 1752 (Prot.
1143 1694 1234 1739 xvlul.

138 1775 185 1814 rita
194 1762 494 1832 Delassetliums'ls‘am't
509 1775 695 1841 semetipsum,
708 1774 799 1839 sactus
811 1773 936 1827 obediens
1013 1774 1219 1827 stoctonam
1234 1777 1266 1827 in
1280 1772 1348 1828 lorti
1357 1788 1422 1826 voce
1435 1773 1539 1826 diacus.
1552 1769 1670 1824 Fortem
1684 1785 1770 1823 vocem

138 1853 274 1920 usquead
288 1860 404 1910 martem
419 1857 535 1929 (Philip.
551 1859 766 1930 11).-lluhentes
773 1866 936 1929 patestatem
977 1861 1161 1932 intelligimus
1175 1862 1401 1933 praedicationem
1417 1859 1533 1921 Christi,
1548 1859 1597 1930 qui
1612 1859 1674 1913 ait:
1689 1858 1775 1912 Poeni·

138 1942 937 2021 maqnam.Haecpotestasadutramqueejusnatorampo·
977 1951 1096 2006 tentiam
1111 1950 1195 2021 agite,
1212 1948 1450 2022 appropinquabit
1463 1948 1540 2003 enim
1560 1963 1684 2018 regnum
1699 1947 1775 2000 coelo-

138 2031 195 2084 test
204 2031 314 2097 referri,
323 2033 394 2088 etad
408 2036 529 2091 divinam
540 2038 647 2094 scilicet
657 2047 686 2093 et
695 2038 857 2094 humanam.
872 2039 939 2093 Fuit
978 2056 1052 2094 rum.
1069 2039 1138 2103 Qun
1152 2039 1258 2094 scilicet
1278 2055 1329 2092 vox
1344 2037 1380 2092 ab
1391 2037 1452 2108 ipso
1467 2035 1600 2100 Domino,
1618 2041 1717 2106 postea
1732 2051 1775 2106 per

139 2117 215 2172 enim
226 2119 284 2175 haec
297 2128 423 2193 potestas
432 2125 460 2179 in
473 2126 534 2197 ipso
549 2144 600 2198 per
612 2127 787 2183 divinitatem
795 2128 855 2182 sine
864 2133 938 2182 tem-
980 2129 1122 2199 apostolos
1132 2133 1223 2182 toturn
1237 2125 1335 2182 orbem
1348 2126 1472 2180 elamore
1486 2123 1654 2195 complevit.
1674 2124 1709 2178 Et
1729 2141 1774 2177 cos

139 2222 217 2277 pore,
242 2214 310 2264 anta
324 2213 419 2267 omnia
434 2215 546 2279 saecula,
562 2217 629 2287 quia
641 2217 714 2272 sicut
727 2233 791 2272 cum
808 2217 892 2272 Patre
910 2224 939 2272 et
978 2217 1034 2273 ista
1046 2216 1127 2272 fortis
1140 2215 1274 2287 luitquia
1287 2214 1442 2270 fortissima
1454 2213 1554 2267 limina
1564 2212 1647 2283 regni
1657 2212 1776 2284 gentium

141 2293 249 2365 Spiritu
260 2303 357 2353 sancto
369 2307 471 2355 cuncta
485 2310 638 2370 creaverat,
654 2305 695 2359 ita
716 2322 778 2360 curn
805 2306 889 2360 Patre
909 2312 939 2360 et
978 2304 1777 2376 destruxitdecidit,acciditdahplon.Postquaminsuper-

141 2382 248 2454 Spiritu
256 2394 354 2443 sancto
362 2391 458 2445 omnia
464 2392 634 2464 possidebat.
647 2395 712 2450 llaec
722 2396 806 2450 etiam
815 2401 938 2467 potestas
979 2396 1053 2451 biam
1062 2412 1093 2450 se
1106 2395 1203 2450 erexit.
1217 2394 1358 2450 Undeest:
1372 2395 1496 2462 Οιιιιιιιι
1503 2408 1547 2446 cos
1553 2394 1625 2445 dum
1631 2394 1776 2446 ottecareu-

139 2471 208 2528 data
218 2481 262 2529 est
277 2476 303 2531 ei
314 2477 342 2532 in
357 2485 493 2551 tempore,
503 2484 616 2554 quando
632 2489 696 2555 post
708 2485 883 2556 triumphum
893 2502 938 2540 re·
980 2486 1099 2551 turlPs.
1108 2486 1203 2551 uun),
1213 2483 1257 2537 vel
1266 2481 1366 2537 cecidit
1376 2482 1437 2552 jam
1450 2480 1480 2535 in
1494 2480 1545 2535 Dei
1557 2481 1776 2551 praesentiente

141 2565 325 2622 surrectionis
334 2569 400 2623 doto
410 2575 448 2624 est
457 2574 483 2624 ιι·
486 2577 605 2640 potestas
615 2576 715 2628 incolo
723 2579 747 2628 et
759 2578 790 2628 in
805 2580 890 2640 terro,
905 2580 937 2629 ut
978 2568 1775 2642 ritenimDominus,quipertineantadBabylonem,etea·

140 2654 173 2706 in
186 2656 371 2711 nominelcsu
386 2675 465 2714 onena
477 2677 550 2729 genu
563 2665 701 2732 [lectatur.
713 2666 871 2730 celestium,
881 2671 937 2719 ter·
979 2658 1546 2733 surisuntinperpetuamdamnationem.
1562 2657 1620 2722 Qui
1626 2658 1710 2711 etiam
1720 2658 1774 2726 jam

139 2742 283 2810 restrium,
302 2752 326 2800 et
339 2748 518 2815 lanternarum
533 2751 635 2821 (lota).
652 2753 692 2806 De
707 2754 761 2807 hac
780 2754 855 2808 enim
878 2754 938 2825 ipse
978 2752 1138 2807 ceciderant
1148 2751 1178 2805 in
1191 2751 1283 2820 eapite
1295 2765 1346 2803 suo
1359 2749 1394 2801 de
1408 2746 1542 2818 coelo,qui
1558 2762 1611 2818 per
1622 2745 1773 2818 superbiam

140 2845 290 2902 resurgens
306 2838 456 2892 amortuis
467 2838 552 2897 dicit:
568 2841 639 2894 Data
652 2846 691 2895 est
706 2842 779 2895 milit
790 2845 882 2896 ornnts
890 2859 936 2912 po-
978 2841 1014 2897 ab
1027 2840 1077 2895 illa
1088 2839 1195 2895 calesti
1209 2838 1392 2894 edificatione
1409 2834 1638 2907 irreparabiliter
1661 2836 1771 2893 corruit.

140 2923 220 2975 testas
241 2923 273 2976 in
293 2927 356 2979 calo
369 2931 395 2980 ιι
413 2929 446 2981 in
463 2933 548 2986 terra.
563 2928 604 2984 De
618 2929 666 2984 illa
679 2947 745 2985 vero
766 2947 849 3002 quam
869 2939 935 2987 ante
976 2931 1008 2986 tt
1019 2931 1094 2998 sacta
1104 2933 1142 2983 ert
1153 2928 1506 2989 habitatiodsmoniorum,
1520 2930 1546 2978 at
1557 2925 1771 2979 eustodiaomnis

138 3012 268 3079 tempora
282 3011 367 3067 habet
380 3029 444 3068 cum
458 3016 552 3082 Patre,
568 3018 666 3072 Daniel
680 3017 749 3073 dicit
770 3037 776 3072 :
807 3020 936 3075 Potestas
946 3013 967 3075 C
977 3018 1252 3087 spiritus,irnmundi
1261 3017 1415 3070 eleustods‘a
1424 3015 1648 3068 omnisootueris
1655 3015 1773 3068 immun·

138 3099 210 3168 ejus,
221 3105 345 3172 potestas
358 3117 477 3173 aecema3
492 3112 518 3160 et
533 3112 619 3171 terra,
633 3108 661 3162 id
677 3114 728 3172 est,
744 3108 868 3163 Ecclesia
882 3110 938 3164 ele·
981 3102 1774 3175 deonantumadlitterampertinet,hocdessab510nedi-

138 3191 247 3242 ntorum
259 3192 468 3246 illuminataest
478 3209 495 3246 a
502 3197 593 3262 gloria
601 3201 670 3264 ejus,
678 3196 706 3251 id
714 3203 765 3258 est,
774 3214 791 3251 a
799 3204 937 3267 potestate
978 3196 1091 3266 aitque
1102 3199 1184 3266 capta
1194 3193 1339 3249 aldediset
1348 3192 1452 3256 Persis,
1460 3191 1613 3246 interfecta
1624 3193 1772 3258 Balthasar,

138 3273 211 3342 ejus.
226 3274 289 3345 Ipse
299 3276 373 3330 eninr
388 3277 518 3334 tenebras
532 3281 707 3337 infidelitatis
730 3288 759 3338 et
771 3284 937 3354 ignorantia
978 3285 1122 3341 destructa
1130 3292 1183 3349 est,
1196 3298 1247 3338 nec
1258 3282 1306 3337 diu
1319 3281 1357 3335 ibi
1373 3289 1470 3352 postea
1482 3280 1687 3336 habitaverunt
1694 3282 1774 3335 homi·

139 3366 168 3416 et
191 3368 368 3432 peccatorum
384 3369 530 3423 evacuavit
548 3371 708 3426 acordibns
732 3372 867 3437 lidelium,
889 3374 937 3445 qui
978 3390 1038 3438 nes,
1064 3373 1131 3443 quia
1145 3373 1175 3426 in
1189 3371 1356 3426 solitudines
1369 3371 1559 3441 sempiternas
1584 3376 1630 3424 est
1658 3371 1771 3432 redacta,

138 3457 182 3505 est
194 3450 242 3506 lux
253 3469 317 3508 vera
328 3454 492 3512 illuminans
501 3473 612 3513 omnem
625 3459 767 3515 hominem
779 3461 937 3516 venientem
978 3464 1078 3534 viaque
1097 3470 1139 3516 est
1154 3477 1204 3532 pro
1217 3477 1251 3515 ea
1266 3460 1414 3515 edificata.
1427 3458 1462 3513 tt
1476 3457 1526 3513 ubi
1541 3459 1687 3528 quondam
1700 3464 1774 3513 amnt

139 3540 170 3595 in
183 3541 259 3597 hunc
270 3544 417 3599 mundum.
435 3545 515 3601 Unde
527 3548 663 3620 scriptum
678 3555 720 3604 ost
736 3553 875 3620 :Populus
886 3554 937 3619 qui
978 3549 1173 3624 pulcherrima·
1187 3555 1216 3603 et
1225 3548 1371 3619 praecipuae
1384 3546 1609 3608 inhabitationes
1623 3548 1771 3610 hominum,

137 3631 298 3686 ambulabat
309 3636 340 3688 in
352 3636 468 3689 tenebris
476 3638 548 3693 aldit
558 3641 647 3692 lucem
656 3654 799 3706 maanaim
811 3641 939 3695 habitan·
977 3640 1017 3696 ibi
1031 3645 1098 3695 sunt
1113 3639 1195 3693 modo
1209 3636 1428 3692 inhabitationes
1441 3635 1605 3692 daem'onum
1631 3644 1661 3692 et
1678 3637 1774 3691 bestia·

138 3721 211 3774 tibus
221 3723 369 3790 inreqione
379 3725 484 3780 umbra
494 3729 815 3792 martialucortacsteis
824 3731 872 3800 (Is.
885 3734 935 3798 rx).
980 3747 1053 3794 rum,
1066 3728 1162 3798 ibique
1171 3726 1482 3781 inhabitantdracones.
1495 3733 1654 3798 serpentes,
1667 3732 1696 3781 et
1704 3727 1775 3780 solu·

137 3807 209 3862 Nam
228 3814 256 3863 et
271 3808 333 3880 ipse
342 3811 378 3866 de
392 3812 483 3881 seipso
490 3812 568 3869 dicit:
581 3816 711 3882 Quondc'u
717 3819 748 3870 in
754 3818 937 3882 inundatum,
981 3835 1042 3874 cres
1056 3817 1158 3872 diversi
1172 3815 1293 3886 generis.
1307 3813 1373 3886 Ipsa
1385 3822 1481 3869 autam
1494 3814 1625 3887 Babylon
1640 3816 1724 3870 istam
1741 3814 1774 3868 si·

137 3899 187 3951 tua
196 3914 258 3951 suin
269 3901 370 3954 rnundc'
381 3905 524 3973 (Jounaxl.
536 3902 646 3959 Etalibi
656 3906 691 3960 de
700 3921 734 3960 eo
743 3905 938 3976 scriptumest:
979 3906 1206 3979 gnificabat‚qua
1222 3921 1254 3958 ex
1269 3903 1570 3958 mulhtudineeoustat
1583 3904 1774 3977 reproborum,

140 3988 197 4042 tua
206 3992 319 4044 venitin
329 3993 479 4058 anundum,
492 3997 516 4046 et
530 3994 691 4048 dilexerunt
708 3995 831 4048 tornines
848 3998 938 4062 magis
979 3997 1009 4052 iu
1026 4012 1082 4068 qua
1096 4001 1140 4049 est
1152 3994 1244 4048 omnis
1255 3991 1381 4046 custodia
1391 3992 1483 4046 omnis
1498 3993 1620 4064 spiritus
1632 3989 1774 4052 immundi,

138 4077 355 4145 tenebrasquam
366 4082 454 4134 lucem
464 4080 753 4151 (loan.rr1).Quiaiste
767 4082 884 4153 angelus
899 4081 935 4136 ad
978 4085 1045 4157 quia
1057 4083 1187 4138 uidelicet
1204 4081 1243 4136 ibi
1264 4081 1293 4134 in
1308 4080 1439 4135 cordibus
1453 4097 1608 4152 pravorum
1624 4081 1774 4140 hominurn.

136 4165 337 4221 destruendam
344 4168 422 4221 venit
429 4168 783 4238 potentiamdiaholi,recte
789 4170 936 4240 sortisper·
976 4174 1054 4228 velut
1067 4173 1096 4226 iu
1110 4171 1280 4233 carceribus,
1299 4170 1439 4224 demones
1454 4176 1592 4224 tenentur
1603 4171 1715 4224 inclusi.
1727 4168 1774 4233 Qui

136 4252 260 4320 hibetur,
272 4261 369 4325 utpote
379 4263 477 4310 eontm
490 4256 592 4312 sortem
602 4257 711 4320 fortior,
725 4263 822 4313 contra
834 4259 933 4312 robus·
943 4261 1116 4347 Dimmundi
1128 4261 1261 4314 dicuntur
1274 4265 1388 4330 propter
1401 4259 1567 4329 spurcitiam
1577 4259 1707 4313 omniurn
1720 4273 1775 4328 pcc·

136 4342 935 4410 tumrobustioradvenisseinsinueturQuiaveroadeva·
978 4349 1152 4412 catorum,iu
1171 4346 1272 4418 quibus
1288 4352 1444 4400 versantur.
1454 4343 1513 4417 Ipsi
1535 4354 1775 4417 quoquesuntso

136 4431 276 4485 cuondam
288 4431 441 4486 humanam
450 4433 617 4504 sapientiam
625 4436 826 4495 accessitbene
834 4443 937 4491 terina
977 4439 1068 4493 lueres
1095 4437 1259 4503 immundae,
1275 4436 1323 4506 qni
1348 4436 1487 4507 perhanc
1505 4451 1602 4489 aerem
1620 4436 1775 4490 discurrunt

135 4519 228 4592 gloria
235 4519 311 4575 iIHns
323 4520 483 4575 illuminata
493 4522 703 4592 pronuntiatur,
715 4523 934 4578 aesidiceretur:
978 4542 1067 4597 usque
1082 4526 1117 4580 ad
1132 4525 1206 4579 diem
1227 4524 1337 4595 judicii,
1353 4530 1548 4594 exspectantes
1567 4525 1774 4579 damnationem

136 4610 242 4666 Contra
250 4615 405 4665 tumentem
413 4611 506 4665 saculi
512 4617 679 4682 potestatem
691 4619 934 4683 magnapotostas‚
977 4631 1068 4680 suain,
1080 4614 1162 4684 juxta
1185 4613 1255 4668 illud
1267 4612 1347 4667 tude
1370 4611 1466 4667 Jacobi
1482 4614 1629 4683 :Angelos
1650 4629 1715 4668 rero
1733 4611 1775 4683 qui

136 4700 320 4756 contralalsae
329 4700 463 4755 doctrina
477 4700 608 4756 tenebras
622 4717 693 4755 verse
702 4701 824 4755 seientia
836 4701 937 4772 luxap-
978 4720 1034 4758 non
1048 4709 1230 4756 servaverunt
1240 4701 1437 4772 principatum,
1448 4700 1501 4755 snb
1511 4701 1634 4772 caligine
1643 4703 1729 4772 hujus
1737 4716 1777 4754 ae·

137 4789 242 4861 parnit.
252 4790 349 4845 Potest
363 4789 447 4844 etiam
464 4796 493 4844 ot
503 4789 557 4844 iste
569 4790 687 4859 angelus
700 4789 818 4859 intelligi
828 4790 937 4860 primus
977 4793 1017 4848 ris
1041 4791 1159 4846 tradidit
1173 4789 1338 4845 cruciandos
1352 4789 1382 4844 in
1406 4789 1546 4860 judicium
1572 4790 1630 4845 diei
1658 4792 1730 4859 (tud.
1741 4786 1775 4852 lit.

137 4878 549 4950 ordopraedicatorumquiluit
559 4879 587 4932 in
598 4879 769 4949 apostoliset
778 4879 938 4948 apostolicis
980 4881 1042 4936 Sive
1057 4879 1143 4934 etiam
1154 4877 1315 4944 immundas
1325 4877 1449 4931 volucres
1461 4893 1614 4948 possumus
1624 4878 1776 4948 intelligere

138 4965 215 5019 viris.
227 4968 336 5022 Namet
349 4969 487 5039 peripsos
501 4967 876 5039 loquebaturChristusqui
895 4973 939 5022 cst
979 4971 1053 5024 leves
1068 4974 1096 5023 et
1108 4966 1244 5039 superbos
1254 4966 1393 5030 homines,
1408 4967 1457 5036 qui
1473 4966 1504 5020 in
1523 4966 1624 5021 eadam
1640 4966 1775 5039 Babylone

138 5054 234 5124 magni
249 5057 357 5110 consilii
370 5057 497 5127 angelus.
511 5056 586 5111 Hinc
601 5064 645 5111 est
660 5056 734 5127 quod
747 5057 870 5111 loannes
888 5073 940 5110 coa
980 5064 1138 5113 morantur.
1154 5054 1269 5126 Maligni
1284 5071 1351 5125 ergo
1365 5054 1482 5125 spiritus
1499 5059 1618 5125 propter
1632 5056 1776 5119 malitiam,

136 5145 285 5198 clarnants‘s
296 5144 399 5199 Christi
410 5146 522 5200 dicitur.
534 5146 568 5201 Et
583 5146 685 5202 Paulus
699 5145 768 5199 dicit
783 5163 789 5198 ε
807 5149 850 5201 An
863 5160 937 5213 eope·
980 5147 1121 5202 daemones
1136 5163 1142 5199 :
1158 5150 1274 5216 propter
1297 5143 1389 5197 earnis
1412 5143 1568 5199 illecebras.
1589 5143 1708 5214 spiritus
1725 5145 1773 5198 im·

137 5236 292 5288 rirncntum
302 5236 425 5299 queritis
435 5234 493 5299 ejus
501 5239 551 5302 qui
560 5238 592 5288 ιή
602 5252 644 5288 me
656 5237 781 5302 loquitur
796 5235 937 5289 Christus?
978 5235 1093 5290 mundi:
1108 5240 1222 5305 propter
1233 5234 1335 5286 mentis
1346 5247 1410 5286 vero
1420 5231 1584 5297 elationem,
1595 5233 1723 5289 volucres
1731 5249 1774 5303 ap·

137 5320 395 5395 (lldor.x111).Qui
411 5321 527 5390 angelus
541 5323 576 5376 de
595 5325 663 5377 eoelo
676 5322 854 5378 descendisse
866 5322 936 5376 diei·
977 5325 1132 5396 pellantur.
1151 5323 1191 5376 De
1203 5321 1247 5375 his
1259 5320 1415 5375 volucribus
1429 5328 1459 5374 et
1474 5319 1572 5374 bestiis
1587 5321 1678 5376 isaias
1701 5322 1776 5393 plura

135 5412 262 5485 tunquia
276 5410 413 5483 quidquid
427 5411 517 5464 sancti
541 5412 737 5481 predicatores
753 5413 865 5477 habent,
883 5429 933 5467 seu
973 5413 1109 5482 loquitur:
1126 5409 1554 5480 Omnes.inqu1t,hestiuludent
1570 5410 1619 5476 itt,
1630 5414 1720 5465 eterit
1731 5426 1776 5462 eu·

135 5502 166 5559 in
187 5501 325 5570 doctina,
347 5516 398 5558 sen
411 5499 442 5555 iu
455 5515 550 5572 opere,
565 5500 673 5557 coelitus
688 5502 744 5559 illis
766 5502 865 5559 datum
878 5508 931 5558 est.
974 5502 1026 5555 bite
1040 5501 1206 5567 draconum,
1221 5503 1245 5554 et
1257 5513 1362 5567 ραιιιιιι
1376 5497 1581 5566 struthionum,
1596 5503 1622 5553 et
1636 5502 1777 5555 occurrant
