3818 6104
266 294 457 355 millio
471 298 512 353 IN
525 296 602 352 EFP.
619 297 648 352 S.
665 294 782 351 PAULI.
800 328 830 338 —
846 298 885 352 ΙΝ
899 296 1011 395 witti
1028 299 1040 353 l
1059 297 1112 354 Ao
1122 299 1205 356 OOR.
1503 294 1555 358 50!

109 458 121 489 ·,
136 421 250 477 disens:
267 426 454 479 AErrrutamim'
478 408 647 478 charismata
662 438 715 475 are·
725 429 749 482 Α
758 428 813 476 tur.
827 423 880 487 Qui
891 440 956 479 vero
967 425 1295 498 charitatispraeeeptum
1306 430 1425 487 exercet,
1440 427 1556 496 jurante

113 509 189 565 dona
203 511 359 577 gratiarum
371 512 488 565 meliora
500 529 506 563 ε
518 509 718 580 namsuperias
760 528 789 565 se
803 512 861 566 Deo
873 519 1014 582 operatur.

109 604 196 652 rssunt
212 598 314 653 habero
331 602 396 655 mali
412 599 578 659 cambanis,
594 599 720 652 sicutlu·
795 602 859 654 Etar'
871 602 990 656 habuero
998 603 1182 671 prophetiam,
1196 604 1323 658 videlicet
1335 608 1366 658 ut
1380 605 1475 659 sutura
1484 622 1556 675 prae·

109 686 193 740 isfuit
208 700 213 734 :
229 688 361 756 Caiphae.
377 690 448 742 sicut
466 695 494 741 ot
514 687 638 747 Balaam,
655 702 718 740 eum
760 688 861 751 dicam,
878 689 951 742 sicut
975 689 1089 743 Balaam
1106 691 1155 761 qui
1170 693 1347 762 prophetavit
1361 693 1397 746 de
1420 693 1554 747 Christo:

118 775 303 846 prophetavit.
316 776 397 831 Multi
412 777 441 830 in
452 777 497 829 dio
508 776 607 845 judicii
617 775 719 828 dicturi
761 778 874 831 Orietur
885 780 964 830 stella
992 794 1025 831 ea·
1051 781 1141 845 Jacob,
1159 784 1188 833 et
1204 786 1336 850 exsurget
1356 781 1409 834 hoc
1423 782 1456 834 de
1469 783 1556 835 iarael

109 879 142 923 ro,
158 880 250 916 aortrvc
265 867 297 916 in
310 865 715 931 horariaetrroprophetoru'muo,
762 864 854 925 tl'r'urn.
867 866 954 932 xxiv);
965 869 990 917 ct
1005 869 1129 918 noaarhn
1143 870 1277 935 mysteria
1291 870 1397 933 mania,
1412 867 1441 921 id
1457 872 1558 931 estse·

109 954 279 1003 :maturas
289 955 402 1004 virtutes
414 954 540 1018 semitrita,
548 956 573 1004 et
582 952 717 1003 damonia
759 957 834 1004 oreta
852 951 961 1004 Veteris
974 956 1002 1005 et
1016 951 1085 1004 Novi
1096 953 1278 1014 Testamenti.
1293 960 1319 1008 et
1342 971 1449 1009 omnem
1472 959 1558 1010 arten·

109 1038 166 1091 rtth.
182 1038 248 1096 vnit
263 1040 312 1092 sed
327 1040 449 1093 audituri
463 1045 544 1092 snut:
563 1038 648 1093 Amen
658 1040 718 1091 dioo
760 1042 840 1103 tiam,
855 1039 941 1093 idest
957 1039 1086 1095 notitiam
1107 1046 1167 1094 tarn
1180 1042 1339 1097 divinarum
1353 1059 1438 1114 quera
1453 1045 1554 1099 hama

109 1141 171 1180 »aar
185 1129 292 1193 (blatta.
308 1134 384 1195 xxv).
403 1128 433 1180 ar
447 1128 718 1181 adhue-excellentio-
758 1143 859 1181 narum
874 1143 981 1189 rerum,
997 1130 1059 1181 etri
1074 1129 1194 1183 habuero
1219 1147 1328 1184 munem
1340 1134 1431 1199 Man,
1454 1132 1553 1195 idest,

109 1215 179 1269 vohis
204 1217 367 1268 deurourtro.
385 1216 439 1269 Per
454 1232 537 1285 quam
552 1213 720 1284 intelligitur
759 1217 912 1289 perfectam
922 1222 951 1270 et
965 1215 1114 1285 integram,
1127 1218 1555 1292 quaealiominogranoaiaapie

109 1317 158 1373 tuo
168 1310 306 1373 praecepto
317 1307 448 1357 unr'uerra
458 1306 601 1371 lrrpendet
613 1308 637 1356 rt
652 1318 718 1370 pru-
759 1312 948 1377 comparatur.
964 1321 1021 1359 non
1031 1310 1145 1376 propter
1160 1307 1362 1364 modicitatem.
1376 1310 1426 1363 sed
1442 1318 1556 1381 propter

110 1430 117 1443 .
135 1404 214 1444 xrtn.
227 1391 433 1454 Quaeuobisvia
443 1391 572 1458 ettlcitur,
591 1391 657 1461 quia
667 1408 719 1461 per
759 1396 895 1450 servorem
912 1412 918 1447 :
936 1394 1004 1465 quia
1015 1394 1113 1463 tritam
1128 1394 1378 1464 manifestatcujus
1392 1398 1429 1450 sit
1441 1398 1554 1467 vigoris.

109 1479 306 1532 amcoelestem
318 1480 487 1549 peruenitur.
509 1480 596 1549 Cujus
605 1480 717 1550 magni·
759 1483 804 1536 Sic
817 1488 845 1536 et
870 1482 939 1536 tides
952 1482 1021 1536 trita
1046 1482 1262 1537 adversitatibus
1284 1485 1409 1538 ostendit
1422 1487 1501 1556 orvjus
1519 1487 1557 1542 sit

109 1566 165 1620 odo
175 1567 273 1637 incipit
288 1584 435 1638 exponere,
448 1568 598 1638 inquiens:
758 1570 939 1624 tortitudinis.
955 1570 997 1623 lta
1012 1575 1043 1622 at
1065 1576 1169 1623 rnontet
1191 1573 1372 1638 transferam.
1390 1572 1500 1628 debeo
1519 1576 1557 1630 ad

757 1658 859 1719 locam,
875 1658 919 1710 vol
932 1658 1072 1713 dromones
1085 1675 1102 1711 a
1116 1658 1286 1728 patientibus
1302 1660 1412 1730 ejiciam
1425 1680 1433 1728 ;
1450 1665 1476 1717 ri
1489 1664 1555 1718 eha-

200 1709 410 1777 ChPUTXlH.
780 1749 785 1760 .
898 1745 904 1756 ·
1018 1746 1024 1758 ·
1067 1746 1072 1757 ·
1132 1746 1137 1757 ·
1291 1747 1297 1758 ·
1427 1750 1432 1759 -
1468 1750 1474 1761 ·

724 1751 880 1832 Baeterrae,
896 1746 925 1799 id
939 1752 991 1810 est,
1003 1761 1026 1800 st
1045 1746 1222 1800 dilectionem
1248 1746 1298 1801 Der
1313 1753 1343 1801 et
1356 1764 1477 1818 prorum
1496 1766 1555 1805 raon

109 1833 363 1901 immr'nmntoqaar
376 1837 714 1902 etanpetorum.rharr'to·
757 1834 1058 1897 lineamentalem,
1070 1834 1161 1897 idest,
1177 1835 1246 1888 nihil
1257 1835 1387 1890 utilitatis
1402 1836 1472 1890 mihi
1482 1855 1554 1908 prae·

109 1937 148 1976 on
162 1924 293 1976 habram:
308 1924 416 1977 inutilis
428 1940 500 1978 sum.
512 1925 577 1978 llaec
591 1923 716 1978 rerbaex
756 1922 850 1978 stabit.
866 1923 1037 1994 intelligitur
1050 1923 1124 1992 quod
1139 1922 1253 1992 quidam
1270 1924 1482 1979 Corinthiorum
1501 1943 1553 1997 per

117 2011 236 2080 apostoli
246 2011 337 2065 verbis
347 2011 717 2081 penderat,ubidicit:AEma·
755 2011 959 2066 invocationem
974 2010 1027 2064 Dei
1038 2011 1090 2065 hoo
1103 2010 1234 2082 agebant,
1250 2018 1279 2066 et
1302 2019 1450 2085 propterea
1471 2015 1555 2086 quasi

109 2103 318 2152 maatorneh'oro
335 2102 422 2160 thor.
437 2104 495 2167 xa),
507 2107 560 2154 etc.
573 2101 601 2155 Si
612 2100 715 2171 linguis
757 2100 893 2170 periectos
908 2115 938 2153 se
950 2098 1096 2169 putabant.
1113 2099 1346 2155 Sedexlaortatur
1364 2102 1399 2155 ad
1428 2103 1457 2156 id
1477 2103 1555 2175 quod

109 2186 202 2240 uiuum
218 2188 326 2256 loquar,
343 2189 524 2258 septuaginta
534 2189 637 2244 scilieet
647 2190 713 2243 dua·
754 2194 797 2242 est
812 2188 992 2258 praecipuum,
1006 2187 1036 2240 id
1047 2190 1099 2248 est.
1112 2187 1150 2240 ad
1162 2188 1338 2243 charitatem.

109 2275 175 2328 risae
194 2280 260 2329 sunt
285 2276 316 2328 in
329 2276 515 2331 aedificatione
526 2278 623 2340 turris,
641 2283 670 2331 et
689 2276 716 2332 si
791 2277 848 2330 litai
857 2277 1023 2330 distribuero
1030 2279 1060 2329 in
1067 2277 1139 2330 dhar
1144 2291 1300 2344 pauperum
1311 2281 1554 2347 omaerfacultater

109 2363 290 2432 rangelorum
316 2365 457 2433 loquaret
470 2365 636 2419 charitatem
657 2382 713 2420 non
755 2381 838 2429 meas,
845 2365 925 2435 juxta
935 2369 1104 2435 praeceptum
1116 2364 1238 2431 Domini,
1250 2365 1386 2421 dicentis-r
1394 2368 1428 2424 Si
1440 2372 1481 2422 ris
1487 2385 1553 2438 prr·

109 2451 243 2505 sotionem
255 2451 382 2505 videlicet
394 2453 444 2506 Dei
460 2459 489 2506 et
501 2453 630 2523 proximi,
643 2454 716 2508 nihil
753 2457 841 2522 hctus
864 2470 927 2517 erse,
942 2454 1008 2506 eada
1031 2458 1055 2506 et
1080 2454 1162 2507 rande
1177 2457 1271 2507 omnia
1292 2472 1351 2523 pua
1366 2456 1454 2522 tabes,
1475 2462 1499 2512 at
1518 2459 1556 2513 do

109 2538 170 2592 licit
185 2539 260 2608 loqui
277 2542 440 2608 angelorum
457 2541 570 2610 linguis,
582 2542 714 2612 intelligi·
755 2539 1116 2611 pauperibustblatth.x1xl;
1128 2544 1187 2594 etsi
1203 2543 1342 2595 tradidero
1357 2559 1553 2610 rorpasmeum

109 2628 248 2681 erendum
265 2628 316 2682 hoc
338 2630 410 2698 quod
431 2629 543 2684 volebat
556 2631 713 2698 ostendere,
757 2635 797 2684 ita
810 2635 840 2683 at
853 2631 976 2691 arrico-ru,
992 2629 1065 2683 sicut
1088 2629 1257 2683 Laurentius
1283 2636 1326 2684 est
1353 2632 1504 2698 ustulatus,
1524 2638 1557 2688 et

109 2715 194 2770 ritatis
209 2717 376 2771 scilic-etvini
392 2718 545 2787 :siquidem
559 2719 718 2788 angeliaco
756 2718 809 2770 boo
823 2733 879 2770 non
893 2717 986 2771 fecero
1011 2732 1095 2770 causa
1117 2716 1285 2781 dilectionis,
1302 2717 1356 2771 Dei
1379 2718 1505 2773 videlieet
1524 2725 1555 2775 et

109 2805 248 2876 palatum
258 2806 299 2859 vel
315 2807 412 2860 dentes
424 2807 537 2869 habent,
554 2813 651 2878 utpote
659 2809 713 2878 spi·
755 2806 881 2876 proximi,
895 2807 969 2859 ailvil
980 2806 1051 2858 mihi
1062 2806 1180 2874 prodest.
1197 2805 1232 2859 Se
1247 2804 1330 2874 ponit
1337 2807 1487 2878 Apostolus
1500 2822 1555 2879 pro

109 2893 212 2948 trerha
223 2894 354 2948 forment.
369 2895 487 2958 Quando
496 2912 561 2950 varo
576 2903 716 2966 apparent
755 2893 893 2948 omnibus.

109 2984 223 3053 sumptis
252 2984 414 3054 corporibus
437 2985 529 3049 aeriis,
559 2987 716 3040 secundum
791 2982 1487 3054 Charitarpatienreanuomodopotestcharitaa
1500 3001 1554 3056 pa«

109 3084 157 3124 arn
177 3060 338 3141 ¹loquuntur
352 3071 453 3141 quibus
467 3078 626 3142 apparent:
647 3040 827 3127 namctiene
836 3087 897 3124 esse
917 3087 979 3140 quae
1002 3071 1220 3126 rirtusestiSic
1235 3072 1346 3126 videtur
1364 3072 1450 3144 loqui,
1470 3075 1556 3146 quasi·

109 3159 552 3230 iad=lieumnilailestaliudquam
561 3161 714 3231 inpraesen·
755 3160 789 3213 de
803 3176 834 3213 re
847 3159 972 3213 animam
985 3158 1110 3216 habenti.
1122 3161 1193 3214 Nam
1206 3161 1329 3215 charitas
1340 3162 1428 3216 virtus
1437 3166 1480 3217 est
1490 3180 1551 3234 quac

109 3252 155 3315 ;et
170 3248 257 3302 Deurn
270 3248 345 3318 loqui
367 3249 401 3302 ad
416 3249 478 3301 illos
493 3248 564 3302 nihil
580 3249 656 3302 aliud
671 3254 716 3303 eat
754 3265 805 3319 per
818 3264 847 3303 se
862 3263 919 3301 non
934 3248 1051 3318 patitur,
1067 3248 1186 3319 ideoque
1200 3248 1309 3320 patiens
1321 3266 1372 3321 por
1390 3267 1486 3305 senon
1498 3257 1549 3306 est.

109 3337 258 3391 rtiavultus
269 3338 311 3391 sui
319 3354 373 3408 qua
383 3337 524 3397 fruuntur,
536 3337 713 3392 attendentes
755 3323 933 3407 Quapropter
942 3323 1171 3407 percharitatam·
1183 3338 1318 3392 debemus
1330 3338 1486 3410 intelligere
1499 3341 1551 3394 ho·

109 3427 314 3491 amanitestaru
327 3427 450 3495 ipsorum
459 3443 509 3479 rox
519 3427 547 3479 in
560 3427 714 3480 laudereon-
754 3426 857 3480 minem
869 3425 1033 3479 charitatem
1041 3425 1200 3480 habentem.
1216 3427 1317 3498 ltaque
1327 3428 1374 3499 qui
1388 3429 1473 3482 habet
1484 3429 1552 3483 oha-

115 3520 160 3569 ast
171 3515 322 3569 admiratio
336 3514 442 3568 intimae
457 3515 709 3584 contemplationis.
754 3515 865 3568 ritatem
879 3514 989 3585 patiens
1020 3519 1072 3577 est,
1089 3514 1236 3569 tolerando
1261 3516 1388 3578 adversa,
1413 3517 1478 3586 quia
1497 3533 1548 3587 per

109 3619 157 3674 pue
170 3604 264 3671 angeli
285 3605 439 3674 loquuntur
458 3603 647 3666 ineffabiliter,
663 3605 716 3659 sed
753 3603 949 3656 tribulationes
963 3602 1040 3656 norit
1055 3602 1200 3672 pervenire
1211 3603 1246 3656 ad
1256 3604 1359 3672 gaudia
1370 3603 1459 3673 regni.
1471 3606 1553 3657 Beni·

109 3691 203 3745 tvicem
221 3693 378 3747 collocutio
394 3691 473 3745 bonta
501 3692 651 3746 voluntatis
670 3697 714 3746 est
753 3708 810 3758 pua
824 3696 870 3753 ert,
887 3689 1225 3760 idestvuldolrona‚quia
1238 3707 1294 3744 non
1308 3691 1398 3745 solum
1414 3707 1469 3747 tlon
1485 3691 1551 3745 red-

120 3795 172 3834 neo
187 3787 230 3833 est
252 3797 365 3834 neccsse
379 3785 412 3834 ut
439 3779 477 3833 ibi
503 3786 604 3835 sonent
617 3780 710 3847 verba,
754 3780 797 3834 dit
811 3779 915 3833 malam
929 3794 979 3848 pro
993 3777 1077 3843 bono,
1093 3779 1142 3831 sed
1156 3778 1271 3850 insuper
1280 3778 1386 3834 bonum
1400 3796 1450 3851 pro
1464 3780 1549 3843 malo,

109 3869 315 3937 ntemplatione
326 3868 452 3921 omniurn
467 3869 631 3937 angelorum
647 3885 713 3922 eon-
755 3867 874 3921 cibando
885 3867 1029 3920 inimicum
1045 3872 1074 3920 et
1084 3866 1216 3937 potando.
1226 3867 1355 3921 Charitas
1368 3872 1555 3922 aon-amuta-

109 3961 167 4012 atas
188 3957 269 4010 bona.
290 3957 358 4012 lude
372 3973 440 4026 ergo
460 3958 611 4026 Apostolus
623 3957 711 4011 dicit:
756 3962 813 4010 tur.
825 3955 946 4024 Spiritus
970 3954 1024 4008 ait:
1042 3956 1227 4008 AErnrriamini
1239 3955 1415 4010 charismata
1423 3959 1549 4021 meliora,

109 4051 332 4114 'amonpelorurn
345 4047 420 4117 loqui
437 4046 713 4116 possem‚nibil·mihi
753 4045 845 4112 idest,
856 4043 981 4097 aemulari
1002 4043 1130 4097 studete:
1148 4042 1193 4095 liic
1218 4046 1312 4096 autem
1328 4041 1402 4107 dicit,
1415 4042 1551 4097 AEnrata-

109 4151 143 4189 ne
168 4135 313 4188 charitate.
331 4135 453 4189 Possunt
480 4135 599 4205 intelligi
619 4141 714 4205 etper
753 4130 1154 4202 mini‚idestpersequimini;
1175 4128 1552 4200 ibiaooipiturinbono‚lric

109 4224 268 4278 »laetissime
294 4224 449 4293 loquentes,
472 4223 519 4294 qui
549 4223 711 4278 liberalibus
753 4226 849 4276 autem
864 4221 892 4273 in
908 4219 993 4276 malo.
1012 4220 1078 4275 liora
1100 4220 1252 4273 muniatur
1266 4218 1343 4284 dicit,
1360 4219 1392 4273 id·
1417 4219 1557 4285 estaullt

109 4312 186 4378 rusti,
209 4312 302 4382 politis
317 4312 460 4366 dissemnt
472 4311 561 4365 verbis
580 4328 641 4382 quae
661 4329 712 4366 no-
721 4308 869 4378 ninvidet
886 4308 978 4363 aliena
1002 4307 1135 4362 felicitate
1151 4322 1208 4361 non
1237 4311 1395 4377 torquetur.
1412 4309 1475 4362 Non
1493 4310 1560 4377 opit:

111 4401 202 4457 mines
213 4417 287 4463 vero,
303 4401 469 4471 simpliciter
484 4401 639 4471 loquentes.
650 4401 714 4456 Sive
751 4396 944 4466 perperomid
951 4401 1003 4455 est.
1014 4413 1070 4450 non
1080 4396 1139 4466 agit
1145 4394 1251 4465 aliquid
1263 4411 1401 4466 perverse.
1411 4396 1559 4468 Qtaidquid¹

109 4488 229 4561 ,torquis
245 4489 378 4559 disputet,
390 4489 468 4559 quod·
480 4489 561 4543 multi
572 4494 711 4560 quaerunt,
754 4493 834 4540 extra
850 4478 1050 4540 rectitudinem
1071 4485 1111 4546 tlt,
1127 4484 1322 4554 quiapravum
1338 4490 1389 4549 est.-
1407 4501 1559 4554 permane

109 4579 175 4634 tium
185 4579 333 4632 aedilicatio
347 4594 407 4631 esse
422 4584 522 4648 potest,
540 4578 597 4632 sive
611 4578 713 4633 libera·
754 4575 809 4630 dici
833 4580 924 4646 potest
951 4572 1156 4628 adverbialiter.
1171 4574 1375 4642 allorrinptatam
1395 4572 1554 4626 tdzosanon

109 4667 176 4723 oulti
198 4666 336 4733 corbiani,
359 4668 525 4720 charitatem
543 4673 636 4721 autem
656 4684 713 4722 noa
754 4661 1159 4733 extollitu1·,etinsuperbiaro
1176 4661 1372 4731 non-erigitur.

109 4759 162 4811 slat
172 4773 206 4811 aa
220 4772 322 4810 conarri·
334 4761 384 4808 aut
399 4757 558 4824 cymbatum
578 4759 712 4820 tirrnr'ena
798 4748 1415 4813 Nouariambitiosa.Ambireestdeaiderars‚
1426 4746 1557 4808 etouffis

109 4850 152 4900 rut
177 4862 216 4899 aas
236 4850 319 4898 sonat
332 4850 384 4898 aut
397 4843 567 4915 cymbalum,
592 4844 717 4899 nihileis
758 4841 806 4912 qui
821 4840 958 4895 charitats
968 4841 1124 4911 est-plenus
1146 4854 1201 4891 non
1216 4836 1466 4907 desideratneque
1478 4837 1560 4909 cupit

109 4934 236 4989 anoliam
246 4933 399 4988 utilitatem
409 4931 463 4986 sibi
474 4938 617 5002 praestant,
630 4933 722 4991 siccet·
757 4932 925 5000 potestatam
936 4943 1021 4998 super
1029 4928 1098 4981 alios
1108 4940 1246 4987 exercere,
1269 4923 1561 4996 quia-maiacentaris

109 5022 204 5095 quitur
218 5022 322 5091 linguis
336 5021 441 5090 absque
453 5021 599 5075 alteritate.
612 5022 722 5075 Revera
759 5032 815 5071 non
825 5017 885 5071 vult
903 5030 1048 5087 apparere.
1065 5016 1123 5069 Nou
1134 5015 1233 5080 querat
1243 5018 1442 5081 prierato-runt,
1458 5014 1561 5083 ide-est,

109 5118 136 5177 rt,
146 5111 236 5166 etsibi
256 5111 326 5167 nihil
345 5110 462 5171 confert,
471 5111 552 5177 juvat
565 5116 670 5173 autem,
690 5108 725 5162 id
760 5107 837 5176 quod
848 5105 900 5160 sibi
915 5101 1089 5159 solummodo
1104 5100 1173 5155 utile
1195 5106 1248 5164 est,
1261 5101 1316 5155 sedi
1332 5101 1404 5156 alils.
1420 5103 1563 5161 termus

109 5201 267 5261 audientes,
284 5199 323 5252 ita
338 5200 435 5267 lingua
449 5197 585 5251 char-itata
599 5197 717 5267 privata.
760 5195 872 5266 patiens
893 5199 945 5258 est,
969 5207 1025 5246 non
1052 5189 1153 5261 querit
1167 5205 1230 5259 que
1245 5195 1387 5254 suasuri,
1403 5190 1492 5247 idest
1503 5193 1562 5248 rin·

109 5288 309 5360 etoymbalum
325 5304 381 5341 non
397 5304 413 5340 a
429 5304 459 5340 se
485 5292 595 5345 sonant.
611 5286 666 5339 nisi
684 5285 720 5339 ab
761 5281 949 5354 dictamque
959 5279 1077 5335 inimicis
1087 5279 1219 5333 talionem
1241 5294 1304 5333 non·
1317 5279 1419 5334 reddit·
1436 5281 1561 5346 Quaem

109 5383 191 5440 uitur,
202 5385 251 5431 aut
266 5377 385 5446 alicujus
401 5375 441 5429 rei
457 5375 626 5445 impulsione
640 5391 716 5428 oom-
760 5374 787 5427 in
803 5372 855 5425 lioc
877 5370 937 5426 loeo
950 5368 1054 5423 oritur:
1071 5369 1142 5423 Cum
1156 5368 1279 5422 loannes
1302 5368 1399 5425 dicat:
1415 5372 1484 5425 Besa
1498 5372 1562 5424 eho·

112 5465 157 5521 stc
170 5471 199 5519 et
212 5466 260 5536 qui
272 5465 375 5534 linguis
390 5464 514 5534 loquitur
528 5480 583 5516 non
598 5478 615 5515 a
630 5477 660 5516 se
675 5463 717 5515 lo·
761 5462 871 5513 ratas-rat
882 5459 992 5525 (idoare.
1004 5456 1055 5526 tvl
1065 5472 1152 5529 quare
1162 5456 1312 5527 Apostolus
1327 5456 1414 5510 dicit:
1431 5458 1561 5510 aramue

109 5554 233 5625 poterim
247 5553 367 5625 Spiritus
383 5553 472 5607 sanati
487 5568 538 5623 per
551 5568 616 5606 eum
630 5549 720 5621 loqui·
760 5565 816 5604 nou
827 5551 928 5618 querit
950 5563 1010 5621 aaa
1022 5564 1075 5603 sua
1088 5550 1250 5623 stratuque
1273 5544 1427 5619 uipllaitsr
1439 5540 1562 5612 mutiat
