3840 6098
103 272 153 330 497
465 277 657 335 EXPOSITIO
673 280 712 335 lN
728 281 806 340 EPP.
823 281 852 341 S.
868 278 988 336 PAULI.
1006 310 1038 322 ·-
1054 281 1094 337 IN
1108 282 1220 338 EPIST.
1236 283 1285 338 AD
1299 282 1387 339 BOM.
1690 283 1744 343 498

102 396 131 450 td
149 398 362 468 praedicationis
380 401 504 457 officium
519 404 770 475 perquadritidum
794 404 1111 472 orbem,Anominituo
1136 408 1264 476 cantabo,
1281 409 1310 463 id
1337 413 1381 462 est
1406 425 1510 463 nomen
1537 409 1656 464 Deitatis
1684 418 1740 468 tuas

100 485 199 540 indixit
213 487 266 553 eis,
281 490 395 545 dicens:
410 495 458 558 lte,
474 493 562 547 docete
575 509 669 546 amires
693 501 794 561 pantes,
813 497 901 562 bapti·
945 496 1075 550 laudabo.

94 580 244 632 cauterem
251 581 282 632 in
289 583 401 634 nomine
411 586 515 635 sanctae
523 581 671 636 Trinitatis
680 583 899 654 (Mattbxxvrnl.
978 585 1011 638 Et
1023 589 1126 639 iterum
1137 587 1204 640 (licit
1220 587 1366 657 Scriptura
1379 586 1408 641 in
1430 586 1647 641 Deuteronomio
1664 606 1670 642 :
1689 590 1741 644 La·

90 663 164 718 Ecce
178 667 325 736 quomodo
334 668 389 723 fuit
401 669 537 724 Dominus
552 672 635 725 Jesus
646 671 776 726 minister
784 671 903 726 eircum-
944 677 1054 735 tameat,
1070 680 1169 740 ponar,
1187 691 1251 729 oum
1269 669 1344 744 plebe
1374 680 1442 744 ejas.
1459 676 1569 747 Moyses
1597 676 1742 746 legislator

85 752 210 810 cisionis
226 755 373 827 spiritalis.
392 756 548 813 Possumus
560 759 644 813 etiam
663 765 692 814 et
703 761 753 814 hoc
766 761 902 815 veraciter
942 760 1094 815 extendens
1107 763 1219 818 oculum
1235 764 1437 835 prophetasad
1453 770 1566 835 tempus
1587 766 1741 821 vocationis

79 842 199 910 dicere,
218 844 288 916 quia
299 845 424 916 quotidie
436 847 617 902 administrat
630 849 691 919 ipse
709 850 835 903 eamdem
846 849 902 904 cir·
941 850 1080 920 gentium,
1098 851 1252 922 alloquitur
1266 870 1313 907 eas
1325 853 1463 908 hortando
1477 858 1510 907 ut
1523 853 1638 908 laudent
1649 855 1741 910 Deum

73 931 299 992 eumcisionem
321 934 488 991 dimittendo
507 942 622 1009 peecata
657 938 686 992 in
720 938 898 1008 baptismate.
941 939 1054 994 Patrem
1068 957 1132 995 eum
1144 940 1223 1011 plebe
1233 943 1401 997 israelitica:
1416 959 1477 1013 quae
1492 943 1559 997 olim
1580 943 1659 1014 plebs
1679 944 1740 1014 ejus

66 1011 288 1086 Ministerium
303 1025 406 1079 etenim
422 1026 550 1096 tingendi
568 1043 686 1098 corpora
699 1029 818 1081 tradidit
842 1027 900 1082 suis
941 1029 1001 1082 sola
1013 1047 1045 1083 ex
1054 1030 1184 1084 omnibus
1198 1032 1329 1101 gentibus
1344 1033 1513 1086 vocabatur:
1530 1034 1661 1103 Ogentes
1676 1049 1738 1087 cre·

64 1108 240 1177 fidelibus,
254 1117 424 1183 potestatem
435 1114 595 1169 dimittendi
606 1120 720 1187 peccata
727 1116 780 1170 sibi
788 1116 900 1188 proprie
941 1117 1039 1171 dentes
1054 1120 1083 1171 in
1092 1119 1192 1172 Filium
1208 1120 1267 1182 Dei,
1284 1137 1335 1190 per
1344 1122 1423 1190 cujus
1434 1120 1592 1191 passionem
1606 1121 1673 1174 estis
1692 1137 1739 1175 re-

57 1200 266 1268 reservavit,
282 1201 489 1258 sicutJoannes
503 1220 660 1275 praecursor
673 1206 779 1276 ejusde
792 1206 901 1261 eodieit
940 1206 1101 1278 demptae‚et
1111 1225 1161 1278 per
1169 1210 1249 1278 cujus
1255 1207 1425 1279 baptismum
1437 1209 1577 1263 mundatae
1587 1209 1739 1280 etexpiatar

51 1286 202 1357 turbis:
220 1290 281 1357 Ipse
296 1307 340 1344 uos
350 1293 500 1360 baptizabit
514 1297 546 1346 tu
565 1294 676 1361 Spiritu
690 1301 786 1349 sancto
797 1302 825 1349 et
835 1295 895 1366 igni
938 1295 1006 1348 estis
1019 1294 1054 1348 ab
1069 1295 1199 1351 omnibus
1214 1297 1346 1367 peccatis,
1361 1297 1501 1351 sociantes
1517 1314 1564 1350 vos
1585 1297 1614 1351 in
1634 1298 1737 1353 affectu

48 1378 207 1460 (nattis.
225 1382 280 1446 111).
297 1380 331 1434 Et
345 1380 447 1435 iterum
462 1401 468 1435 :
486 1383 551 1450 Epo,
563 1382 898 1453 inquitlosnnesprescie·
938 1384 1083 1438 charitatis
1098 1384 1274 1440 credentibus
1296 1402 1329 1438 ex
1353 1386 1450 1453 lsrael,
1478 1385 1612 1440 laetamini
1639 1387 1738 1442 laetitia

41 1481 147 1538 bam
173 1482 247 1520 cum
262 1469 336 1539 quod
365 1469 418 1523 sibi
442 1475 517 1524 esset
540 1476 702 1526 servaturus
731 1477 897 1543 potestatem
938 1473 1067 1544 spiritali.

39 1554 269 1628 baptizandi,
286 1557 413 1628 nullique
434 1559 600 1626 traditurus,
624 1563 669 1614 rod
687 1565 737 1629 qui
758 1565 835 1615 misit
856 1579 897 1616 rae
973 1562 1119 1616 Etitorurn
1135 1581 1143 1615 :
1160 1565 1291 1627 mactate,
1307 1578 1399 1615 omncs
1412 1563 1691 1629 peritequomrnum:
1711 1570 1737 1619 ot

39 1647 249 1720 baptizare,
260 1648 308 1700 itte
318 1647 391 1701 mibi
404 1649 594 1717 dicit:Supcr
604 1666 684 1717 quem
699 1650 898 1719 uiderirSpiri·
938 1653 1113 1717 magnificate
1128 1668 1201 1717 eum,
1217 1650 1534 1719 amirespopult.Choras
1544 1651 1737 1721 apostolorum

42 1748 148 1804 mm
164 1734 376 1790 descendentem
392 1743 416 1790 ct
430 1744 587 1793 manentem
607 1755 689 1808 super
703 1755 776 1804 eum,
790 1741 835 1794 bic
859 1738 1093 1820 estBalloquitur
1103 1740 1311 1794 multitudinem
1317 1739 1444 1808 gentium
1455 1738 1491 1792 ad
1502 1739 1585 1792 sidem
1597 1740 1736 1795 Christiet

42 1826 137 1906 qui
154 1823 285 1892 baptizat
305 1826 397 1893 (toan.
413 1828 443 1893 ri.
462 1828 598 1897 Apostoto
620 1828 730 1883 dicente
753 1829 896 1884 Christum
938 1825 1070 1897 baptismi
1083 1829 1205 1898 gratiam
1233 1834 1468 1894 concurrentem;
1495 1833 1524 1881 et
1550 1829 1676 1899 praecipit
1704 1833 1737 1884 ut

44 1925 189 1979 jesum
206 1912 462 1970 ministrumfuisse
471 1916 690 1971 circumcisionis
704 1917 838 1989 spiritalis
850 1935 898 1989 po-
939 1916 1036 1970 laudes
1058 1918 1214 1987 gratiarum
1236 1917 1359 1971 reserant
1377 1917 1497 1970 Domino
1526 1917 1618 1977 corde.
1633 1933 1691 1983 ore,
1707 1923 1736 1972 et

48 1999 319 2072 tex-ntaliquisei
333 2002 476 2074 objicere:
507 2006 578 2060 Cum
610 2006 650 2062 rei
673 2006 766 2077 gratia
790 2007 899 2061 exstitit
938 2006 1242 2077 operezcujusgratia
1256 2006 1486 2076 suntredemptae
1503 2007 1602 2075 ,cujus
1627 2007 1736 2061 miseri·
1797 2042 1800 2049 ·

50 2097 152 2166 ipse
166 2089 301 2145 minister
319 2092 565 2148 circumcisionis?
579 2095 621 2149 Ad
642 2095 701 2150 baec
726 2095 895 2166 Apostolus:
937 2094 1032 2147 cordia
1039 2094 1074 2148 ab
1084 2095 1214 2149 omnibus
1225 2082 1350 2149 reatibus
1362 2101 1429 2148 sunt
1437 2093 1600 2165 expiatam
1610 2095 1663 2150 hoc
1670 2113 1735 2152 vero

56 2183 216 2249 Propter
229 2179 387 2246 veritatem,
403 2182 504 2253 inquit,
528 2183 578 2237 Dei
607 2184 709 2249 Patris,
739 2184 774 2238 ad
796 2185 897 2239 confrr-
938 2181 1131 2252 quodsubdit:
1145 2181 1736 2253 Magnificateeum,omnespopuli,ludaeos

58 2267 215 2322 mandas
230 2270 431 2340 promissiones
446 2277 568 2342 patrum,
585 2272 614 2326 id
624 2279 668 2326 est
677 2273 897 2327 utconsnmaret
938 2271 1068 2325 hortatur
1082 2276 1115 2324 at
1126 2270 1270 2340 gaudeant
1282 2270 1317 2324 de
1330 2271 1421 2324 salute
1433 2270 1570 2340 gentium,
1586 2271 1732 2341 inquiens:

61 2356 171 2411 Deus
182 2357 269 2412 Pater
282 2360 485 2430 promissiones
494 2377 572 2424 suas,
586 2377 656 2432 quas
673 2362 782 2416 loeutus
800 2368 843 2416 est
860 2361 896 2417 ad
938 2361 972 2415 Et
981 2376 1038 2425 roa,
1053 2376 1150 2414 omnes
1165 2359 1271 2430 populi.
1288 2359 1316 2412 id
1331 2363 1375 2412 est
1388 2374 1484 2412 omnes
1507 2358 1606 2423 ludaei,
1622 2361 1734 2431 magni-

65 2449 207 2500 aenctos
217 2452 314 2517 patres
327 2448 363 2502 de
373 2448 464 2503 salute
477 2450 616 2520 gentium,
632 2450 727 2504 dicens
750 2449 869 2506 Abrahae
887 2469 893 2505 :
937 2450 1019 2503 flecte
1033 2449 1164 2514 Deum,id
1174 2454 1216 2503 est
1225 2465 1358 2518 magnum
1370 2447 1519 2519 praedicate
1529 2453 1644 2520 propter
1656 2451 1734 2504 salu-

67 2533 238 2590 Insemiue
249 2541 296 2590 tuo
307 2538 602 2593 benedicenturomaes
618 2545 708 2607 pentes
721 2540 793 2607 (Gon.
811 2544 893 2609 xxvi),
936 2544 993 2592 tem
1004 2539 1123 2592 fratrum
1138 2543 1295 2591 uestrorum
1305 2537 1454 2606 gentilium
1474 2541 1502 2590 et
1516 2543 1631 2608 propter
1638 2537 1736 2593 inella·

67 2619 150 2676 sive
160 2628 283 2679 utverax
290 2631 439 2698 appareret
445 2627 610 2699 complendo
617 2627 815 2699 promissiones
824 2645 894 2700 quas
935 2626 1002 2681 bilia
1011 2627 1153 2698 magnalia
1160 2643 1222 2698 quae
1236 2625 1313 2680 vobis
1330 2626 1450 2679 contulit
1462 2625 1584 2680 adiebus
1596 2626 1731 2698 antiquis:

64 2714 188 2776 patres
202 2714 394 2785 promiserant
407 2717 443 2771 de
455 2717 546 2772 salute
558 2717 696 2787 gentiam,
712 2723 741 2771 et
751 2734 813 2788 quae
825 2735 894 2789 prae·
934 2716 1087 2770 referentes
1099 2714 1234 2785 gentibus
1253 2720 1358 2785 quanta
1372 2719 1402 2768 et
1411 2714 1504 2784 qualia
1518 2713 1595 2767 vobis
1608 2713 1734 2771 libentis·

63 2793 223 2857 dixerant
235 2802 378 2858 decadem
389 2806 601 2861 circumcisione
612 2806 807 2877 spiritali.Nisi
817 2806 893 2861 enim
934 2802 1003 2857 sime
1019 2804 1156 2874 praestitit.

60 2891 272 2963 pergratiam
281 2893 834 2966 baptismatismundarenturgentileset
843 2912 894 2968 per
968 2893 1001 2945 Et
1016 2909 1115 2946 rursus
1128 2894 1216 2946 Isaiae
1227 2896 1267 2946 ait
1280 2894 1344 2950 tlsa.
1361 2896 1397 2959 xi)
1410 2911 1418 2946 .·
1430 2893 1583 2947 ltritradr'r
1598 2896 1667 2949 tersa
1683 2912 1692 2957 ,·
1707 2901 1733 2950 ct

60 2968 175 3033 fldem
189 2980 304 3036 Domini
319 2982 663 3057 Salvatorismequaquam
678 2985 708 3039 in
725 2984 889 3039 filiationem
934 2984 1115 3049 quiaesurpot
1128 2998 1219 3049 repere
1227 2986 1317 3048 peritos
1331 3000 1339 3033 :
1353 2984 1384 3034 in
1394 2998 1457 3035 eum
1469 2987 1559 3049 pentes
1571 2985 1731 3050 sperabunt.

56 3057 209 3123 Ababa
222 3071 385 3138 transirent,
403 3089 581 3144 nequaquam
592 3074 677 3129 etiam
687 3079 762 3129 esset
770 3075 891 3145 comple·
931 3069 1077 3140 lesseipse
1092 3075 1136 3123 est
1154 3067 1220 3133 lsai,
1238 3075 1318 3139 pater
1329 3069 1416 3124 David
1426 3071 1511 3140 regis,
1523 3070 1558 3123 de
1572 3072 1652 3142 cujus
1668 3088 1732 3143 pro-

56 3145 242 3228 tunquod
255 3159 325 3214 dicit
340 3161 451 3232 Moyses
468 3164 554 3229 (Deut.
571 3168 649 3233 xxxi:
676 3165 708 3218 ln
732 3162 889 3217 novissimis
931 3158 1010 3230 sapia
1024 3164 1102 3213 ortus
1115 3164 1158 3212 est
1168 3157 1296 3212 Christus
1307 3158 1461 3212 secundum
1476 3175 1589 3213 carnem
1600 3176 1650 3230 per
1668 3161 1731 3215 Ma·

53 3230 190 3300 diebus
198 3250 375 3303 circumcidet
386 3252 668 3317 Dominuscortuum‚
679 3257 890 3307 etnoncarnem
931 3248 1004 3301 riam
1018 3248 1165 3317 virginem.
1181 3248 1240 3301 Hoc
1253 3247 1328 3317 quod
1354 3247 1435 3301 dicit:
1458 3247 1519 3302 Erit
1539 3248 1618 3302 radix
1641 3249 1730 3317 Jesse,

46 3320 179 3401 tuam,
192 3335 220 3390 id
235 3342 279 3392 est
297 3337 447 3393 mundabit
460 3340 529 3395 illud
556 3340 591 3394 ab
606 3341 772 3395 infidelitate
797 3341 890 3396 omni·
931 3335 1082 3406 dupliciter
1095 3335 1214 3405 intelligi
1227 3340 1320 3407 potest
1333 3336 1386 3389 hoc
1400 3337 1501 3390 modo:
1519 3335 1600 3391 iesse
1612 3337 1673 3408 ipse
1687 3343 1731 3393 est

43 3396 198 3492 busque
210 3425 332 3496 peccatis
348 3443 400 3497 per
412 3427 602 3498 baptismum:
618 3429 688 3483 illud
703 3446 813 3500 quoque
826 3430 891 3484 Eze·
931 3426 1019 3492 radix,
1033 3426 1121 3480 David
1134 3443 1199 3480 vero
1214 3425 1288 3480 tilius
1301 3426 1361 3495 ejus
1375 3425 1435 3496 ipse
1454 3431 1497 3480 est
1520 3426 1614 3481 arbor:
1640 3428 1730 3482 Maria

37 3492 189 3565 “hirtis
212 3514 367 3586 propheta,
391 3515 534 3571 dicentis:
555 3519 704 3584 Effundam
732 3534 814 3586 super
845 3534 889 3572 aar
930 3514 1017 3585 virgo,
1034 3515 1095 3586 ipsa
1109 3520 1152 3569 est
1170 3531 1266 3568 ramus
1295 3513 1421 3584 ejusdem
1443 3513 1566 3569 arboris:
1593 3516 1644 3568 ssas
1663 3532 1728 3571 vero

24 3588 196 3659 ,Qquqm
208 3605 346 3658 mundam
361 3605 473 3677 (Erech,
496 3611 602 3676 xxxvi),
631 3624 734 3679 aquam
760 3607 890 3663 videlicet
929 3604 1001 3657 rami
1016 3604 1108 3668 istius,
1122 3602 1313 3673 Christus,qni
1328 3602 1394 3656 dicit
1406 3603 1442 3655 ad
1452 3602 1603 3656 Ecclesiam
1612 3603 1642 3657 in
1652 3604 1727 3658 Can-

26 3653 276 3756 prtbmstie.
929 3692 1265 3760 ticiscanticorum1Epo
1291 3695 1340 3761 tias
1355 3694 1447 3759 campi
1468 3691 1560 3757 (Cant.
1577 3705 1620 3761 ΙΙ).
1638 3694 1729 3748 Radix

929 3798 995 3853 ergo
1010 3782 1094 3852 huius
1114 3780 1231 3847 flosculi,
1245 3780 1327 3834 idest
1343 3779 1457 3845 Christi,
1472 3779 1553 3835 Jesse
1579 3780 1642 3849 fnit,
1661 3784 1726 3853 quia

139 3864 219 3923 Grates
231 3874 327 3924 autem
337 3887 420 3940 super
432 3874 696 3940 misericordiam,id
709 3879 752 3928 est
761 3874 795 3927 de
805 3873 888 3928 mise·
928 3870 1001 3925 sicut
1014 3872 1065 3925 llos
1080 3888 1113 3925 ex
1127 3869 1220 3924 radice
1234 3868 1342 3923 arboris
1356 3869 1562 3939 processionem
1578 3871 1671 3938 habet,
1686 3873 1727 3927 ita

10 3926 220 4024 *wardia
254 3960 391 4014 honorare
417 3964 513 4029 Oetam,
533 3962 668 4018 subaudis
687 3962 799 4028 debent,
822 3963 887 4034 quia
928 3965 957 4015 et
970 3961 1099 4014 Christus
1113 3959 1266 4013 secundum
1283 3974 1397 4012 carnem
1424 3974 1457 4012 ex
1483 3960 1561 4013 Jesse
1587 3961 1725 4031 originem

10 4012 250 4156 ξῆίίωἰηο
258 4048 438 4104 ullismeritis
448 4051 772 4122 praecedentibusvocati
779 4053 889 4107 suntad
926 4049 1227 4104 transaliacensem
1246 4048 1400 4112 intellectu,
1417 4047 1497 4100 radix
1508 4048 1724 4105 Jessecnristus

74 4124 182 4201 fiam,
196 4136 342 4210 gratisque
357 4148 525 4211 acceperunt
548 4142 742 4197 remissionem
760 4142 886 4196 omnium
927 4144 979 4203 est,
990 4138 1114 4192 Verbum
1129 4138 1234 4191 scilicet
1248 4136 1299 4191 Dei
1315 4135 1417 4201 Patris,
1435 4137 1508 4207 quod
1528 4137 1603 4192 inter
1625 4144 1727 4195 caetera

10 4187 265 4280 thtorum
286 4243 337 4298 per
364 4229 518 4300 spiritalem
547 4230 811 4299 circumcisionem,
835 4248 887 4302 per
927 4243 988 4297 quae
998 4227 1113 4292 creavit,
1129 4227 1206 4281 lesse
1217 4240 1328 4296 quoque
1343 4231 1452 4278 creator
1465 4225 1592 4279 exstitit:
1625 4227 1726 4282 Omnia

10 4274 209 4387 {hunam
228 4315 358 4372 videlieet
380 4317 568 4389 baptismatis,
584 4336 640 4374 non
667 4337 718 4391 per
742 4321 886 4376 circumci.
926 4319 1001 4369 oraim
1016 4333 1063 4386 per
1080 4319 1172 4384 ipsam
1186 4317 1260 4381 sacta
1275 4319 1351 4379 suat,
1366 4319 1391 4366 et
1402 4316 1461 4367 sinc
1475 4316 1532 4382 ipro
1556 4316 1663 4381 sactum
1686 4321 1725 4370 ert

10 4362 195 4456 §Quem
209 4405 352 4460 carnalem
365 4425 371 4459 :
389 4409 441 4463 em·
455 4408 530 4462 enim
553 4409 616 4479 plus
635 4410 800 4476 dimittitur,
821 4394 1215 4482 plusDar'bit(Joaa.1).Qui
1231 4420 1297 4473 ergo
1311 4402 1466 4457 secundum
1476 4419 1590 4458 samem
1605 4422 1638 4459 ex
1647 4405 1726 4460 Jesse

10 4542 40 4567 ἱ
126 4490 164 4544 tet
173 4493 289 4561 diligere
299 4496 517 4565 ttuc.v11).Sicut
528 4501 662 4567 scriptum
673 4504 710 4552 est
722 4517 729 4551 :
741 4501 887 4568 Propterea
928 4495 1065 4564 originem
1075 4495 1164 4561 duxit,
1179 4494 1239 4564 ipse
1252 4509 1363 4564 quoque
1378 4493 1532 4548 secundum
1549 4493 1725 4550 divinitatem

10 4566 235 4646 *³³7¹ster
248 4583 299 4636 tibi
312 4586 344 4637 in
358 4587 495 4654 pratibus,
522 4587 644 4653 Dotatae,
660 4593 685 4641 et
708 4592 819 4642 nomini
842 4594 888 4643 tuo
928 4584 1006 4638 radix
1021 4590 1050 4639 et
1070 4591 1180 4638 creator
1197 4584 1274 4637 lesse
1287 4582 1401 4636 exstitit.
1420 4581 1501 4636 «Iesse
1520 4583 1725 4654 interpretatur

10 4629 212 4776 {Zamam
231 4667 383 4726 Psalmista
398 4672 524 4744 loquitur
547 4691 581 4729 ex
599 4691 719 4745 persona
734 4675 797 4729 Filii
825 4676 886 4743 Dei,
928 4671 975 4726 list
985 4674 1066 4726 mitri.
1083 4673 1141 4739 Est,
1157 4671 1273 4726 verbum
1288 4671 1493 4725 substantivum
1504 4676 1555 4725 est.
1568 4671 1648 4734 Quod
1658 4687 1724 4725 vero

91 4766 146 4807 wo
164 4755 245 4811 Patri
257 4761 366 4830 gratias
375 4762 531 4829 referentis,
557 4770 673 4835 propter
697 4764 886 4820 obedientiam
927 4760 1030 4815 dicitur
1042 4780 1047 4815 :
1060 4762 1120 4815 Erit
1131 4761 1221 4826 radix,
1237 4760 1367 4815 similiter
1388 4759 1451 4824 erit,
1469 4759 1618 4813 abeodem
1639 4758 1724 4815 verbo

122 4844 214 4900 ntium
223 4847 259 4901 ad
271 4849 355 4903 fidem
367 4850 699 4919 venientiquuomodo
710 4870 778 4924 ergo
788 4854 885 4911 laudat
926 4850 1101 4905 substantivo
1115 4851 1200 4911 venit,
1215 4855 1243 4904 et
1258 4849 1373 4920 ponitur
1387 4864 1437 4918 pro
1461 4847 1555 4901 futuro
1583 4854 1719 4919 tempore.

10 4897 92 4968 ’ξ
125 4932 267 5003 glorificat
280 4937 368 4992 Filius
382 4940 471 4994 Deum
486 4943 662 5013 Patrem‚qui
675 4944 790 5014 aeqaalis
803 4951 846 4998 est
858 4944 883 4998 ei
925 4940 1091 5010 Quicunque
1101 4955 1168 5008 ergo
1181 4939 1210 4992 in
1221 4954 1285 4992 eum
1297 4936 1394 5001 credit,
1407 4935 1455 5006 qui
1469 4936 1539 4990 dixit
1549 4937 1584 4990 ad
1596 4936 1722 5007 M0580¹¹²

132 5022 335 5081 omnibusiln
349 5028 481 5099 gentibus
491 5031 589 5100 utique
601 5031 778 5086 credentibus
788 5032 886 5088 laudat
926 5029 1285 5096 Obiectmisitmearluos
1305 5026 1397 5093 (Eroti.
1425 5029 1478 5093 ιιι),
1514 5025 1561 5079 ille
1588 5027 1726 5083 veraciter

10 5066 174 5165 llluri.
186 5112 418 5187 Quaadoounqua
433 5118 508 5172 enim
518 5125 618 5190 gentes
632 5120 749 5175 laudant
762 5123 884 5193 etglori-
924 5123 1018 5188 potest
1032 5117 1205 5172 dicere:Est
1219 5114 1297 5178 milri,
1314 5114 1343 5167 id
1358 5118 1402 5166 est
1415 5113 1497 5168 credo
1526 5114 1556 5168 in
1585 5131 1650 5170 eum
1677 5117 1726 5188 qui

10 5152 272 5257 “Quacum
293 5205 580 5272 Patrem,FiliusDei
607 5209 703 5264 laudat
726 5211 805 5264 illum
833 5228 884 5282 per
925 5224 1036 5280 semper
1049 5212 1101 5268 est,
1113 5211 1141 5259 et
1158 5206 1216 5275 ipse
1231 5210 1273 5257 est
1283 5202 1351 5256 mihi
1361 5203 1544 5258 Deuseterit.
1563 5205 1618 5259 Sed
1637 5207 1725 5277 quaeri

152 5295 181 5343 et
202 5307 290 5362 opera
311 5296 448 5364 gentium,
468 5298 548 5366 cujus
568 5298 704 5368 sanguine
732 5301 882 5370 redemptae
926 5303 1028 5369 potest,
1043 5312 1129 5366 quare
1145 5292 1246 5347 dixerit
1263 5292 1420 5363 Propheta:
1437 5292 1496 5347 Erit
1512 5294 1686 5360 radixlosse‚
1697 5298 1726 5350 et

26 5353 160 5431 mut.
175 5379 298 5452 ideoque
310 5383 378 5438 dicit
390 5403 396 5438 :
407 5386 644 5457 P1·opterca,quia
654 5389 770 5459 populos
781 5390 883 5445 multos
927 5403 983 5441 non
1001 5386 1114 5457 potius:
1133 5383 1187 5437 crit
1206 5382 1283 5435 radix
1300 5383 1372 5436 Booz
1392 5382 1432 5434 rel
1449 5381 1537 5441 Obed,
1554 5398 1617 5437 cum
1631 5389 1660 5437 et
1673 5383 1725 5454 ipsi

42 5448 106 5507 ²¹
128 5476 226 5537 gentm
240 5471 309 5524 mihi
322 5473 478 5545 subjugasti
493 5477 646 5547 persidem,
658 5476 880 5543 carrtitebortibi,
923 5477 992 5545 justi
1007 5474 1172 5537 exstiterint,
1189 5479 1218 5525 et
1229 5480 1322 5542 patres
1336 5471 1392 5524 lsai
1405 5471 1415 5522 l
1428 5470 1469 5523 na
1486 5471 1560 5540 (quod
1575 5472 1723 5525 dicendum

133 5556 204 5614 mine
217 5564 309 5630 peter,
320 5566 349 5616 et
364 5562 525 5632 glorificabo
536 5572 565 5619 te
579 5582 630 5636 per
640 5565 716 5637 ipsas
728 5572 837 5636 gentes,
854 5574 883 5621 et
926 5570 979 5634 est,
990 5565 1053 5626 ideo
1063 5562 1166 5619 dixisse
1180 5561 1351 5633 Prophetam
1363 5578 1369 5620 ;
1381 5559 1444 5617 Erit
1451 5559 1529 5612 radix
1540 5560 1659 5625 Jesse,et
1667 5573 1725 5612 non
