3840 6098
134 256 188 323 877
491 256 685 314 expositio
699 257 737 312 IN
753 256 830 333 EBP.
847 257 875 311 S.
892 254 1011 311 PAULL
1029 287 1061 296 -
1078 256 1116 310 lN
1132 254 1242 310 aelst.
1257 252 1305 309 AD
1322 250 1427 310 HEBR.
1713 254 1767 314 878

131 402 201 457 gens
213 382 383 455 gratissimo,
400 382 547 452 simulque
562 381 703 436 deducens
711 399 761 452 per
769 382 873 455 deserti
890 383 1037 451 iia-Apost
1052 381 1225 435 Dominicam
1239 380 1431 434 ascensionem
1447 380 1629 449 Evangelium
1644 382 1766 452 scripsit,

132 475 271 535 stitatem,
286 470 441 525 introduxit
455 469 484 524 in
501 477 606 525 terram
626 470 756 524 omnibus
771 469 928 526 meliorem.
975 470 1113 541 quomodo
1128 476 1223 540 posset
1237 474 1314 522 tanta
1331 469 1364 522 de
1375 469 1521 523 divinitate
1543 469 1618 525 illius
1633 469 1767 541 proferre,

134 561 190 618 Sed
206 559 270 631 quia
285 575 341 612 non
357 563 576 628 permanserunt
591 557 620 611 in
634 562 804 612 testamento
820 559 890 627 ejus,
905 556 934 610 id
975 574 1036 627 quae
1048 558 1107 628 ipse
1133 557 1270 611 Dominus
1298 557 1338 610 eis
1362 557 1478 627 protulit
1510 557 1770 615 maximeeanocte

134 655 180 705 est
192 665 247 703 non
259 646 477 721 observaverunt
502 663 562 718 quse
577 645 707 718 praecepit
722 645 751 698 in
765 651 934 699 testamento
975 662 1036 715 qua
1043 646 1263 717 comprehensus
1280 645 1344 698 esti
1367 645 1424 699 Nos
1447 651 1540 699 autem
1557 647 1659 716 partim
1672 646 1700 702 in
1712 665 1771 703 cor·

133 742 198 800 suo,
209 732 333 807 neglexit
347 752 404 802 eos,
415 734 469 789 hoc
480 739 523 789 est
537 734 645 788 dimisit
660 750 701 787 eos
724 733 765 786 ire
784 733 934 786 secundum
976 733 1069 793 dibus,
1083 734 1193 804 plenius
1209 740 1304 787 autem
1317 733 1345 786 in
1361 731 1531 786 membranis
1539 735 1675 806 scriptum
1688 732 1772 811 habe7

133 826 273 880 desideria
283 822 372 877 cordis
382 825 438 884 sni.
447 823 529 892 juxta
540 819 843 891 quodPsalmistndicit
854 821 933 879 (Prot.
977 837 1039 873 mus
1054 820 1089 874 ab
1104 821 1160 875 illis
1175 821 1256 875 nobis
1277 819 1406 875 relictum
1432 827 1464 877 ut
1485 822 1514 874 in
1539 821 1594 877 illis
1610 812 1772 891 meditando

136 929 217 979 ιω,
235 909 289 979 13).
304 910 466 964 Notandum
482 915 576 964 autem
591 909 658 981 quia
674 926 736 964 cum
746 908 863 962 dixisset
876 924 936 962 ser·
977 924 1166 962 exerceamur.
1183 908 1262 972 Quod
1291 913 1386 963 autem
1410 907 1565 980 subjungit,
1580 911 1643 965 Non
1661 902 1773 967 docebit

137 1017 185 1055 mo
200 999 312 1054 diuinus
327 1018 333 1051 :
350 998 499 1053 Perssciam
515 1003 717 1052 testamentum
746 1013 860 1062 novum,
880 1012 937 1050 non
977 997 1171 1066 unusquisque
1185 995 1344 1067 proximum
1364 1012 1448 1052 suum
1467 1001 1495 1050 et
1506 998 1699 1070 unusquisque
1713 990 1772 1054 ¹sra-

138 1088 296 1145 secundum
307 1086 377 1141 illud
389 1086 462 1158 quod
469 1087 563 1158 pepigi
573 1102 636 1140 cum
646 1082 773 1157 patribus
782 1100 891 1150 eorum,
903 1100 938 1138 ne
978 1088 1049 1136 trem
1056 1100 1149 1147 suum,
1158 1083 1253 1138 dicens
1267 1083 1588 1154 :CognosceDominum,
1598 1103 1655 1142 non
1663 1082 1773 1160 adpree-

136 1164 209 1235 lorte
224 1176 312 1232 ludaei
326 1181 440 1246 possent
455 1175 621 1229 oblatrando
650 1173 742 1228 dicere
763 1170 833 1227 illud
850 1178 938 1227 testa·
979 1188 1044 1226 sens
1055 1178 1166 1242 tempus
1177 1171 1354 1228 referendum
1367 1178 1419 1237 est,
1430 1170 1477 1231 ubi
1500 1172 1618 1248 invicem
1628 1164 1772 1241 doeemur,

135 1270 266 1322 mentum
277 1264 546 1319 destruendumesse
557 1264 591 1316 de
604 1280 659 1333 quo
676 1261 745 1316 dixit
754 1260 939 1315 aditbraham
979 1259 1120 1330 sed(sicut
1132 1259 1200 1314 dicit
1213 1259 1312 1314 beatus
1326 1260 1510 1330 Augustinus)
1525 1262 1592 1317 dum
1611 1262 1775 1339 loqueretur,

136 1346 224 1410 Deus:
236 1356 270 1408 In
280 1355 383 1406 seutiae
396 1358 442 1406 tuo
453 1350 649 1405 benedicentur
662 1356 851 1419 oninesqentes
862 1350 937 1416 (Gen.
978 1349 1116 1421 propheta
1127 1348 1263 1402 ieremias
1271 1349 1306 1402 de
1321 1348 1411 1419 primo
1426 1349 1537 1404 Domini
1548 1350 1775 1418 adventu,subito

136 1436 214 1505 'xxva
230 1441 267 1511 i),
285 1440 411 1495 districte
426 1439 616 1494 manifestarit
630 1439 664 1492 de
688 1455 743 1509 qno
765 1438 939 1508 loqueretur,
980 1437 1117 1491 convertit
1132 1437 1244 1492 oculum
1270 1436 1372 1491 mentis
1396 1437 1431 1491 ad
1445 1434 1608 1506 seeundum,
1624 1448 1776 1512 postquam

137 1547 204 1586 cum
220 1527 379 1589 subintulit.
392 1527 487 1583 dicens
501 1546 506 1579 :
519 1528 551 1583 In
562 1526 606 1581 die
615 1542 670 1597 qua
688 1525 861 1597 apprehendi
877 1541 938 1579 mn·
979 1524 1346 1595 nemodocebitproximum
1362 1542 1444 1583 suum
1465 1531 1497 1581 ut
1511 1531 1661 1597 cognoscat
1673 1529 1776 1602 Deum,

137 1636 209 1676 num
224 1617 337 1672 illorum
353 1621 386 1671 ut
400 1617 547 1671 educerem
564 1631 612 1670 eos
626 1615 661 1670 de
676 1613 880 1687 terraAEgypti.
897 1613 938 1667 De
980 1613 1112 1684 quoniam
1127 1612 1208 1667 electi
1223 1613 1307 1686 positi
1323 1615 1351 1667 in
1366 1615 1427 1684 ejus
1447 1616 1684 1687 contemplatione
1705 1608 1778 1681 vide

138 1710 203 1780 lege
216 1684 289 1761 enim
305 1706 376 1759 dixit
388 1705 537 1775 hoc,quam
548 1703 780 1775 quinquagesimo
790 1701 835 1757 die
847 1684 970 1773 egres·B
980 1702 1050 1756 bunt
1063 1707 1267 1772 etcognoscent
1277 1716 1340 1757 eum
1359 1702 1441 1757 sicuti
1450 1709 1501 1757 est.
1517 1704 1588 1758 Nam
1602 1703 1633 1759 in
1647 1696 1778 1778 prasenti

139 1794 228 1848 sionis
243 1792 355 1848 illorum
369 1793 404 1847 de
418 1799 496 1847 terra
511 1791 634 1863 AEgypti,
650 1791 744 1846 datam
756 1806 816 1844 esse
830 1795 941 1844 constat
984 1791 1065 1857 (sicut
1077 1789 1206 1857 diximus)
1219 1791 1353 1845 docemur
1371 1789 1400 1844 in
1415 1789 1542 1845 invicem.
1572 1792 1673 1848 Postea
1691 1794 1778 1865 etiam

141 1880 173 1938 in
183 1864 280 1936 monte
293 1881 380 1947 Sinai,
397 1881 426 1935 in
441 1897 497 1953 qua
521 1897 577 1934 non
605 1884 823 1952 permanserunt
846 1884 941 1951 patres
984 1883 1162 1951 peccatorum
1174 1877 1287 1932 illorum
1302 1894 1358 1932 non
1372 1878 1427 1933 erit
1440 1896 1557 1947 memor,
1570 1881 1702 1953 quoniam
1716 1901 1779 1940 om·

142 1987 251 2037 eorum,
268 1968 317 2025 sed
331 1971 457 2024 iecerunt
471 1968 590 2023 vitulum
605 1967 804 2023 conflatibilem
821 1967 849 2022 in
858 1967 940 2031 Oreb,
984 1984 1034 2022 nes
1047 1966 1192 2038 exspoliati
1206 1964 1241 2020 ab
1255 1966 1331 2020 omni
1359 1966 1418 2022 fece
1445 1968 1625 2025 mortalitatis
1648 1978 1780 2029 etcorru·

143 2066 173 2119 et
188 2059 377 2115 adoraverunt
391 2057 482 2117 illum.
496 2058 569 2113 Nam
585 2057 655 2111 illud
675 2056 748 2127 quod
760 2055 867 2128 pepigit
879 2072 943 2109 cum
985 2056 1088 2128 ptionis
1100 2054 1236 2126 corporis,
1253 2061 1281 2109 et
1295 2055 1482 2111 mutabilitate
1496 2063 1582 2130 atque
1592 2067 1716 2130 peccato,
1732 2078 1782 2116 re-

143 2126 333 2219 plicabamdn
349 2145 460 2202 cbristo
473 2145 645 2217 completum
658 2150 700 2198 est
714 2145 744 2197 in
758 2158 814 2215 quo
826 2141 944 2198 benedi·
986 2143 1167 2200 surrectionis
1175 2143 1265 2214 gloria
1272 2142 1368 2199 donati
1374 2143 1522 2215 fulgebunt
1536 2138 1610 2202 sicut
1622 2149 1717 2220 angeli
1730 2134 1781 2205 Del

144 2239 480 2307 centuromnesgentes.
987 2231 1017 2288 in
1030 2232 1117 2288 coelis.
1648 2277 1652 2286 .
1713 2291 1716 2295 ,

182 2325 254 2393 Ouia
267 2325 315 2379 boc
338 2330 376 2378 est
398 2327 591 2377 testamentum
606 2323 679 2392 quod
691 2324 836 2391 disponam
851 2322 948 2375 domui
1024 2322 1143 2377 Dicendo
1156 2327 1249 2376 autem
1275 2339 1377 2377 nouum
1400 2326 1530 2377 veteravit
1542 2327 1635 2394 prius.
1663 2315 1783 2395 'Sumenti

150 2410 359 2481 lsrael,scilicet
367 2410 554 2469 credentibus.
565 2417 624 2480 post
633 2411 689 2465 dies
702 2412 844 2479 aliusdicit
856 2410 950 2465 domi·
988 2411 1139 2483 Apostolus
1149 2410 1279 2465 fiduciam
1286 2411 1513 2467 etauctoritatem
1526 2429 1558 2468 ex
1570 2402 1652 2469 dictis
1663 2415 1786 2487 propbe-

147 2502 366 2570 nus,daboieqes
376 2517 450 2554 meas
461 2503 491 2553 in
503 2506 591 2553 meme
606 2516 712 2565 eorum,
737 2504 760 2552 et
775 2498 947 2552 tricordibus
989 2500 1062 2568 ticis,
1078 2499 1260 2555 ubidicitur:
1278 2498 1483 2555 consummabo
1500 2502 1712 2558 Testamentum
1728 2504 1786 2577 No·

146 2606 243 2647 aarum
253 2591 456 2659 superscribam
478 2604 537 2642 eas:
551 2593 575 2642 ct
585 2605 631 2642 ero
644 2591 681 2642 eis
692 2592 724 2642 iu
741 2588 835 2651 deum,
851 2592 876 2640 et
894 2587 948 2654 ipsi
987 2606 1053 2644 vum
1066 2606 1151 2660 super
1161 2588 1275 2642 domum
1289 2587 1385 2655 Israel,
1402 2588 1525 2644 ostendit
1538 2606 1621 2646 verus
1631 2591 1691 2661 jam
1705 2591 1788 2663 liqui,-

146 2685 230 2734 e'rimt
243 2680 316 2732 mibi
329 2681 360 2732 in
373 2680 528 2746 populum:
543 2683 567 2731 ct
578 2694 633 2730 non
645 2678 747 2732 docebit
759 2677 948 2744 unusquisque
989 2676 1052 2731 dius
1067 2694 1127 2730 esse
1141 2675 1305 2730 finiendum.
1321 2672 1445 2731 Dicendo
1459 2682 1566 2745 autem,
1577 2677 1785 2735 consummabo

144 2771 307 2839 praeimum
319 2752 412 2829 suuni,
427 2771 451 2819 et
464 2768 653 2834 innocuisque
667 2766 787 2833 fratrem
802 2781 895 2830 stiunt,
907 2764 948 2816 di·
988 2766 1099 2820 Novum
1112 2765 1335 2826 Testamentum.
1350 2764 1473 2820 ostendit
1486 2765 1515 2818 in
1526 2770 1693 2822 vetustatem
1708 2767 1785 2823 redi·

147 2870 228 2911 cem:
242 2855 540 2923 doqnosceliominum‚
553 2855 949 2923 quoniamonmescoqaoscent
987 2855 1026 2925 gi,
1043 2853 1099 2908 sive
1112 2859 1252 2908 vetustum
1264 2851 1336 2907 effici
1349 2852 1419 2907 illud
1434 2846 1508 2925 quod
1522 2860 1584 2909 erat
1603 2855 1692 2926 prius,
1707 2845 1781 2913 unde

146 2960 191 2999 me
200 2947 331 3012 amajore
342 2944 468 3010 usquead
477 2945 614 2996 minorem
625 2941 800 3010 eorumquia
809 2941 948 3008 propitius
989 2941 1134 3014 subjungit
1150 2961 1156 2994 :
1172 2943 1247 3009 Otiod
1256 2946 1349 2995 autem
1359 2945 1561 3010 antiquaturet
1569 2947 1692 3012 remisit,
1701 2960 1785 3015 propo

146 3031 831 3100 eroiniquitatibuseorum,etpeccatorumeorum
843 3044 950 3082 nonre-
989 3035 1137 3086 interitum
1152 3035 1199 3096 est,
1219 3030 1298 3101 quasi
1327 3029 1450 3085 diceret:
1476 3030 1548 3097 Quia
1568 3048 1661 3087 sermo
1676 3032 1787 3089 divinus

147 3121 283 3175 eordabor
297 3121 428 3185 amplius.
450 3118 553 3188 Magna
565 3116 701 3171 distantia
715 3120 758 3170 est
772 3116 847 3171 inter
857 3115 948 3186 legem
990 3136 1039 3192 per
1050 3119 1103 3173 hoc
1118 3118 1191 3190 quod
1207 3117 1276 3172 dixit
1289 3117 1501 3174 Testamentum
1515 3121 1623 3176 Novum
1648 3121 1786 3191 futurum,

146 3208 290 3279 etlegem.
303 3206 378 3261 inter
389 3206 557 3277 scripturam
573 3211 602 3259 et
615 3205 793 3275 scripturam.
811 3205 886 3258 inter
898 3203 949 3257 do·
990 3212 1018 3261 et
1031 3211 1172 3260 vetustum
1189 3222 1250 3259 esse
1264 3205 1352 3275 prius,
1368 3204 1453 3259 datur
1467 3205 1586 3279 intelligi
1597 3207 1675 3283 quia,
1683 3208 1707 3263 si
1717 3210 1790 3265 anti-

148 3301 243 3351 utores
252 3294 323 3366 legis
335 3295 519 3366 doctoresque
534 3294 768 3365 Evangelii,inter
779 3293 903 3347 litteram
922 3296 950 3346 et
991 3300 1103 3365 quatur,
1120 3299 1148 3348 et
1163 3297 1303 3347 vetustum
1318 3299 1361 3347 est
1375 3294 1452 3362 prius
1464 3300 1676 3363 testamentum,
1687 3297 1790 3371 inpro-

147 3385 273 3457 gratiam
289 3383 423 3455 spiritalis
438 3382 638 3453 intelligentia.
668 3383 739 3436 Nam
767 3381 862 3435 littera
879 3379 950 3452 legis
991 3381 1120 3436 ximoest
1135 3387 1166 3435 ut
1180 3381 1310 3447 intereat,
1335 3381 1476 3454 finemque
1501 3384 1626 3456 recipiat.
1643 3386 1702 3441 Hoc
1724 3403 1790 3445 vero

146 3473 254 3545 scriptu
266 3476 309 3527 est
319 3473 348 3525 in
362 3471 466 3525 tabulis
481 3470 608 3542 lapideis,
619 3471 712 3540 gratia
727 3475 822 3525 autem
840 3469 951 3541 spirita·
991 3470 1205 3541 intelligendum
1220 3475 1263 3524 est
1276 3486 1332 3523 non
1342 3469 1376 3523 de
1388 3471 1536 3542 praeceptis
1547 3472 1609 3526 vitae
1622 3489 1655 3526 ec
1666 3490 1789 3545 morum,

147 3559 385 3630 lisintclligentiae
399 3557 465 3612 data
471 3564 515 3612 est
529 3557 657 3612 fidelibus
669 3575 718 3629 per
731 3557 865 3630 Spiritum
884 3574 950 3612 san·
992 3559 1020 3613 in
1034 3557 1134 3630 quibus
1149 3559 1192 3612 lex
1206 3563 1302 3611 munet
1314 3556 1485 3612 concordans
1499 3576 1562 3613 cum
1577 3554 1791 3632 Evangelio,sed

146 3656 227 3705 ctum
240 3664 380 3720 perquem
393 3647 516 3701 charitas
533 3647 581 3701 Dei
598 3646 700 3700 diffusa
715 3651 759 3700 est
778 3647 807 3700 in
820 3644 952 3700 cordibus
992 3646 1179 3701 demandatis
1195 3645 1395 3700 sacrificiorum
1409 3647 1574 3714 carnalium,
1590 3647 1620 3703 in
1630 3649 1790 3720 quibusad·

146 3736 290 3795 fidelium.
306 3736 367 3791 Hoc
381 3735 557 3807 autemquod
576 3734 736 3797 dicit,Dabo
750 3735 826 3806 leges
836 3751 913 3789 meas
922 3733 952 3790 in
991 3735 1122 3789 veniente
1136 3732 1246 3789 Christo
1258 3750 1341 3805 quem
1356 3734 1523 3805 figurabant,
1536 3737 1622 3793 finem
1640 3745 1790 3814 acceptura

146 3831 249 3883 mente
264 3842 372 3894 eorum,
388 3830 416 3879 et
429 3825 458 3879 in
471 3824 602 3880 cordibus
625 3842 722 3880 eorum
746 3825 953 3896 superscribam
993 3828 1056 3879 erat
1066 3822 1120 3877 lex.

147 3932 210 3993 eas,
223 3910 384 3989 specialiter
400 3914 435 3969 ad
463 3919 574 3968 sanctos
594 3913 735 3985 apostolos
753 3912 884 3986 pertinet,
905 3915 953 3985 qui
1294 3949 1412 4005 CAPUT
1428 3949 1468 4006 IX

146 4003 276 4078 &atium
286 4002 535 4057 Novirestamenu
544 4019 600 4057 non
608 4002 769 4058 habuerunt
777 4002 910 4075 scriptam
923 4002 954 4058 in
1471 3991 1478 4005 ⁸

148 4090 259 4150 tabulis
271 4090 401 4163 lapideis,
411 4108 502 4163 neque
512 4091 542 4145 in
558 4091 740 4156 membranis,
755 4088 804 4146 sed
818 4091 847 4146 in
859 4099 953 4148 mente
1030 4092 1132 4146 [lubuit
1146 4092 1256 4160 quidem
1269 4096 1293 4144 et
1305 4097 1386 4160 prius
1392 4096 1620 4162 justificationem
1633 4101 1751 4157 cultura
1766 4109 1792 4160 et

150 4180 226 4240 etin
242 4179 373 4236 cordibus
391 4180 450 4235 suis
467 4177 600 4235 divinitus
625 4184 767 4235 exaratam
782 4178 951 4236 habuerunt.
995 4178 1681 4252 sanctumsericleraPriusquidemtestamentum
1692 4190 1792 4248 habuit

150 4271 282 4328 Primum
290 4269 402 4341 quidem
411 4274 476 4324 ante
485 4267 823 4340 Dominicampassionem
831 4269 952 4340 quando,
992 4266 1343 4338 justisimtionesculturm,
1353 4269 1418 4341 quia
1428 4272 1612 4342 perdivinum
1627 4277 1735 4335 cultum
1748 4282 1793 4352 ju·

153 4359 229 4416 deut
240 4357 392 4413 Mattheus
403 4370 511 4423 narrat,
524 4356 652 4413 ascendit
662 4358 691 4412 in
706 4364 841 4423 montem,
861 4348 986 4429 ibiqueD
995 4355 1321 4412 stificabnnturhomines
1335 4359 1512 4416 alevioribus
1523 4363 1613 4436 culpis
1625 4383 1631 4418 :
1649 4366 1749 4424 babuit
1762 4376 1792 4433 et

154 4464 219 4506 cum
234 4444 293 4501 illis
312 4446 393 4501 illum
416 4445 555 4519 prolixum
570 4462 728 4522 sermonem
742 4444 849 4509 babuit,
861 4445 953 4501 ubiin·
999 4450 1127 4499 sanctum
1140 4446 1282 4513 saeculare,
1299 4447 1329 4500 in
1344 4463 1399 4518 quo
1421 4450 1514 4504 saecnli
1528 4452 1664 4519 homines,
1684 4456 1737 4512 boc
1750 4464 1795 4514 est

155 4536 269 4593 stitutio
280 4533 366 4591 totius
393 4535 523 4607 perfecta
546 4534 609 4588 vita
630 4535 798 4589 continetur.
830 4534 957 4591 Secundo
999 4533 1118 4604 gentiles
1129 4534 1165 4588 ad
1172 4534 1345 4604 judaismum
1359 4541 1796 4612 transeuntesuecipiebat.Pete-

157 4642 223 4682 vero
229 4627 296 4696 post
303 4624 537 4680 resurrectionem
548 4640 628 4678 suam
644 4622 765 4695 quando,
781 4623 854 4678 sicut
867 4624 956 4678 Lucas
999 4619 1047 4675 bat
1061 4621 1135 4675 enim
1149 4637 1205 4675 non
1219 4623 1309 4678 solum
1323 4622 1440 4690 Judaeis,
1456 4627 1505 4680 sed
1533 4628 1617 4682 etiam
1630 4632 1794 4699 gentilibus.

157 4717 291 4780 metatur,
303 4715 415 4782 aperuit
430 4714 489 4767 iilis
503 4728 614 4766 sensum
628 4718 659 4765 ut
671 4714 958 4780 iiitcttiqerentomnia
1000 4712 1132 4765 Sanctum
1144 4727 1211 4782 ergo
1222 4712 1354 4766 seculare
1368 4718 1449 4767 vocat
1471 4715 1563 4770 locum
1583 4718 1730 4788 atriorum,
1747 4721 1796 4779 ubi

158 4804 328 4879 quascripta
338 4803 457 4855 erantin
467 4800 521 4870 leqe
531 4803 620 4869 ,bopsi
629 4805 653 4854 et
662 4801 803 4869 prophetis
813 4806 838 4853 et
842 4803 959 4869 psalmis
998 4800 1118 4871 gentiles
1127 4799 1240 4854 stabant
1250 4800 1285 4855 ad
1293 4800 1467 4856 adorandum
1483 4810 1547 4873 post
1561 4805 1576 4859 J
1579 4805 1681 4862 udaeos.
1693 4810 1795 4871 iubere

157 4890 441 4962 deipsollue.xx1v,
459 4889 515 4958 tei:
532 4888 632 4944 deinde
643 4904 707 4941 vero
726 4888 835 4944 decimo
853 4889 899 4944 die
913 4905 960 4943 as·
1002 4891 1136 4944 naculum
1146 4890 1380 4957 enimiactumest
1387 4893 1795 4962 primuminquocaudeiebra

159 4977 303 5036 censionis
317 4994 384 5042 suae,
401 4977 567 5032 adveniente
582 4975 688 5048 Spiritu
703 4981 799 5031 sancto
813 4976 843 5030 in
858 4975 961 5048 linguis
1002 4983 1026 5033 et
1034 4994 1128 5032 mensa
1136 4994 1203 5046 que,
1215 4976 1350 5032 subaudis
1359 4994 1457 5032 mensa
1464 4979 1507 5034 vel
1516 4983 1670 5053 propositio
1678 5003 1796 5062 panum,

159 5066 253 5140 igneis
268 5082 355 5138 super
367 5082 426 5131 eos,
436 5065 568 5120 revelavit
577 5064 618 5119 eis
629 5069 662 5118 ut
675 5069 874 5135 cognoscerent
884 5062 963 5136 qnid·
1003 5069 1109 5133 dicitur
1117 5072 1221 5121 sancta.
1231 5067 1294 5121 Non
1305 5068 1340 5121 de
1349 5067 1396 5121 illo
1405 5067 1586 5125 tabernaculo
1602 5072 1799 5146 disputaturus

161 5156 232 5228 quid
246 5148 414 5209 mortalibus
427 5144 462 5207 de
486 5152 545 5208 Deo
569 5153 714 5207 sciendum
730 5160 800 5208 erat.
818 5153 963 5218 Quomodo
1004 5161 1047 5213 est
1061 5155 1271 5226 hicApostolus,
1283 5155 1357 5227 qnod
1365 5157 1474 5228 Moyses
1487 5158 1553 5214 iecit
1574 5161 1604 5217 in
1624 5180 1729 5222 eremo.
1746 5169 1801 5226 Ubi

161 5244 240 5300 enim
257 5247 373 5316 possent
384 5241 561 5314 evangelistae
580 5246 660 5296 tanta
680 5242 816 5296 miracula
834 5248 863 5295 et
880 5239 965 5296 verba
1004 5243 1503 5301 tantummodounumcandelabrum
1522 5247 1584 5315 init,
1595 5251 1800 5327 seddetemplo

161 5332 292 5390 coelestia
305 5334 369 5402 post
383 5331 444 5402 ejus
455 5330 646 5385 ascensionem
661 5328 793 5395 scribere,
810 5330 864 5384 nisi
884 5340 924 5384 ea'
936 5331 966 5386 in
1007 5332 1185 5403 qnodposteu
1204 5332 1335 5386 Salomon
1346 5333 1491 5389 aedificavit
1506 5337 1534 5391 in
1551 5338 1737 5406 Hierusalem,
1754 5325 1802 5397 ubl

163 5416 378 5497 tabuliscordis
393 5418 527 5475 divinitus
541 5424 655 5473 exarata
668 5418 826 5473 haberent?
854 5423 880 5472 et
895 5436 966 5492 pne<
1007 5419 1121 5475 fuerunt
1135 5419 1217 5490 plura
1231 5421 1408 5477 candelabra.
1422 5423 1799 5499 Undequoddicitprimum‚

163 5509 251 5588 cipue
265 5498 367 5566 beatus
380 5506 515 5579 loannes,
530 5507 579 5583 qul
592 5504 766 5581 sexagesimo
781 5506 879 5581 quinto
894 5523 968 5564 anno
1009 5524 1065 5565 non
1077 5507 1301 5565 estreferendurn
1312 5509 1347 5565 ad
1358 5515 1479 5590 tempus,
1489 5514 1539 5569 sed
1542 5516 1680 5593 potiusad
1690 5516 1797 5591 locum
