3818 6104
129 287 181 350 599
339 294 528 352 datuurus
546 291 791 350 HALBERSTAT.
813 291 924 347 uelsc.
946 290 1026 346 OPP.
1046 288 1139 345 PARS
1159 290 1180 344 Ι.
1201 321 1233 332 -
1252 286 1441 343 cunundi.
1461 285 1556 342 BlBL.
1694 286 1731 348 tu

129 416 242 473 cbristo
256 419 336 477 lesu.
354 422 475 477 Securus
490 427 517 475 et
532 422 602 475 fixus
621 419 649 472 in
671 434 729 488 spe,
745 417 814 471 talia
827 414 1118 488 loque-Apotentiam
1132 412 1331 484 omnipotentis
1347 411 1398 466 Dei
1413 409 1581 468 vivificatur.
1598 411 1731 480 etpmducit

130 503 223 570 batur,
241 508 322 579 quasi
332 510 392 580 jam
412 511 519 565 babens
532 509 606 580 quod
620 507 649 561 iu
662 507 758 560 futuro
773 505 926 577 adepturus
968 505 1056 558 multa
1074 518 1164 573 grarm
1178 519 1210 554 ex
1234 518 1274 555 se.
1292 500 1400 564 Quibus
1419 498 1512 554 verbis
1541 499 1680 553 ostendere
1691 504 1731 558 vult

130 598 200 650 erat.
968 601 1079 648 mortua
1095 607 1213 663 corpora
1226 606 1322 644 rursus
1338 589 1465 660 reparari
1479 588 1515 642 ad
1530 589 1624 641 vitam.
1640 588 1670 642 lit
1685 607 1731 660 gn-

166 683 199 740 Si
210 690 360 741 secandum
376 689 514 742 bominem
529 688 565 741 ad
576 690 671 741 bestias
678 687 805 754 pupnavi
819 685 923 753 Ephesi,
968 698 1035 735 num
1048 682 1120 749 quod
1131 683 1321 742 reminescere
1330 695 1429 746 corpus
1441 679 1515 746 quod
1529 679 1655 744 futurum
1665 683 1692 730 at
1702 697 1731 733 a·

132 772 161 826 id
176 778 228 838 est,
243 777 269 827 si
282 776 436 830 secundnm
447 777 521 847 quod
536 776 620 829 homo
632 790 758 845 pugnare
771 779 872 843 potest.
884 772 926 826 vel
968 774 1069 835 rnirms,
1085 771 1130 823 red
1146 771 1253 822 nudum
1263 783 1396 835 pronum.
1415 765 1457 820 lbi
1481 764 1730 837 manifestaturquod

131 867 268 930 quantum
283 863 366 918 bomo
380 865 454 919 serre
475 869 575 936 potest,
589 865 656 932 quid
681 863 752 915 rrvibi
768 863 884 930 prodest,
902 864 928 915 si
970 859 1043 913 Deus
1057 857 1105 928 qui
1120 872 1172 910 sua
1187 857 1421 928 potentiapurum
1429 870 1552 926 granum
1568 861 1596 907 et
1611 853 1731 910 nudunab

131 953 239 1003 mortni
254 967 310 1005 non
322 959 492 1021 resurgunt?
508 953 615 1006 Bestias
626 950 654 1003 in
667 948 719 1003 boc
731 950 790 1002 loco
805 949 928 1020 appellat
969 946 1064 1000 aristis
1079 950 1106 1000 et
1121 946 1213 999 culmo
1228 945 1375 998 resuscitat
1399 944 1429 997 in
1452 942 1572 1005 radices,
1586 942 1615 994 in
1627 941 1731 1010 cubnun,

132 1037 262 1094 homines
275 1039 387 1096 bestiali
401 1042 617 1110 moreviventes‚
635 1041 681 1110 qui
697 1039 862 1093 seditionem
878 1057 928 1111 po-
969 1034 1095 1106 stipulas,
1112 1034 1214 1104 spicas.
1229 1050 1318 1103 grana
1330 1038 1358 1086 et
1371 1034 1475 1087 aristas
1514 1032 1575 1102 ipse
1588 1047 1733 1102 quoqucucn

131 1126 260 1195 pularem
276 1129 424 1184 adversum
439 1147 503 1184 eum
515 1134 736 1200 provocaverunt
750 1128 823 1197 opud
836 1129 926 1198 Ephe·
969 1125 1053 1187 nuda,
1065 1123 1113 1177 sed
1124 1123 1337 1176 immortalitate
1344 1129 1372 1176 et
1382 1122 1593 1191 incorruptione
1602 1121 1733 1183 vastitanus

132 1228 197 1268 sum
213 1222 330 1286 propter
343 1217 439 1272 Diauae
454 1218 571 1282 idolum,
585 1217 665 1286 cujus
675 1216 814 1270 culturam
826 1214 927 1286 praedi-
969 1212 1081 1276 virtute,
1110 1219 1272 1266 sanctorum
1299 1209 1479 1264 resuscitabit
1506 1224 1624 1278 corpora
1643 1209 1734 1279 pmpriis

133 1301 217 1356 cabat
226 1303 377 1374 Apostolus
387 1306 584 1361 destruendam
593 1307 661 1372 (Act.
673 1304 841 1374 xm).0nrnis
850 1303 929 1357 labor
970 1298 1115 1371 spiritibus
1125 1300 1258 1354 animata.
1275 1299 1311 1353 Et
1323 1298 1395 1352 sicut
1408 1314 1464 1352 non
1479 1296 1568 1352 aliud.
1584 1297 1631 1350 sed
1643 1312 1734 1366 gramm

132 1397 293 1446 sanctorum
310 1393 344 1446 ad
357 1394 521 1459 hostendit,
539 1402 569 1448 ut
583 1392 795 1448 resurrectionis
808 1392 927 1462 gloriam
969 1390 1043 1460 quod
1056 1389 1221 1454 seminatur,
1234 1388 1354 1442 deterre
1366 1386 1524 1458 pullulabit,
1540 1386 1580 1439 sic
1593 1401 1647 1439 non
1657 1385 1680 1439 in
1690 1385 1736 1438 alie·

133 1485 298 1535 mereantur
311 1482 463 1554 percipere.
478 1485 675 1548 Manducemus
688 1487 711 1535 ct
728 1483 929 1546 bibamus‚rr·ar
970 1494 1016 1542 no,
1033 1478 1082 1532 sed
1097 1478 1126 1532 in
1142 1478 1254 1549 proprio
1267 1483 1396 1546 resurget
1410 1476 1604 1547 unusquisque
1619 1474 1735 1528 hominum

132 1570 209 1621 enim
220 1573 383 1626 moriemur.
399 1572 464 1626 llaec
477 1589 528 1626 vox
544 1570 753 1642 desperantium
766 1570 928 1624 Judaeorum
970 1582 1096 1637 corpore,
1109 1565 1244 1620 sicut-Iob
1257 1565 1318 1619 ait:
1335 1567 1368 1620 la
1381 1579 1465 1618 carne
1484 1580 1545 1618 mec
1570 1563 1659 1616 ridebo
1673 1563 1736 1616 licon

132 1655 195 1718 suit,
213 1657 379 1714 imminente
393 1661 556 1730 captivitate
568 1659 620 1714 sub
629 1658 819 1714 Sennacherib
832 1664 861 1712 et
875 1660 930 1713 Na·
972 1656 1037 1723 (lob.
1055 1666 1123 1721 xlx),
1140 1671 1223 1726 quem
1235 1654 1344 1708 visurus
1354 1670 1415 1709 sum
1427 1669 1479 1726 ego
1493 1653 1564 1723 ipse,
1577 1658 1605 1706 et
1614 1667 1665 1705 non
1675 1651 1735 1704 abor.

131 1743 452 1812 buchodonosor,etboc
466 1747 716 1803 esttestimonium
730 1747 766 1801 ab
782 1747 960 1826 lsaiapro-13
1006 1745 1245 1798 Nonomniscaro
1261 1745 1353 1797 eadem
1368 1759 1441 1807 caro,
1464 1743 1509 1796 red
1536 1744 1596 1795 alia
1611 1741 1735 1806 bominum,

131 1832 320 1890 latum-Positi
334 1837 409 1894 enim
422 1838 453 1892 in
467 1838 585 1892 articulo
594 1836 693 1891 mortis
707 1836 821 1890 aiebant
833 1853 838 1889 :
851 1837 929 1890 Man·
970 1835 1029 1887 alia
1050 1849 1188 1901 parrum,
1214 1832 1242 1886 id
1257 1838 1301 1887 est
1311 1834 1401 1886 omnis
1416 1847 1480 1885 caro
1496 1846 1554 1885 uon
1568 1837 1610 1884 est
1621 1845 1671 1884 una
1681 1828 1736 1882 etri·

131 1920 261 1975 dommus
271 1929 295 1976 et
305 1925 429 1978 bibamus
443 1945 451 1979 :
465 1924 532 1996 quia
545 1941 607 1978 cras
622 1922 927 1992 moriemurtlsamxu).
971 1922 1046 1976 milis
1057 1938 1133 1976 caro.
1150 1921 1248 1976 Omnis
1259 1921 1372 1992 quidem
1387 1938 1462 1976 caro.
1479 1927 1603 1990 quatuor
1615 1919 1735 1973 elemento·

132 2007 212 2072 Quod
228 2012 379 2082 Apostolus
390 2013 475 2067 refert
482 2013 516 2067 ad
529 2013 601 2074 illos.
613 2013 661 2082 qui
674 2011 709 2065 de
722 2003 929 2066 resurrectione
971 2027 1033 2065 rum
1047 2009 1417 2075 admistioneiormatur‚sed
1429 2025 1485 2063 una
1497 2025 1530 2062 ex
1544 2007 1735 2078 origiuedirem

132 2096 307 2154 dubitabant.
328 2101 363 2155 Et
391 2102 416 2155 si
442 2101 483 2155 ita
498 2108 549 2161 est,
564 2100 666 2171 inquit,
691 2106 724 2154 ut
739 2116 786 2153 vos
801 2097 927 2170 putatis:
971 2099 1085 2169 capiunt
1095 2100 1164 2161 loca,
1178 2105 1209 2152 ut
1221 2099 1346 2153 volucres
1356 2097 1594 2162 aerem,homines
1602 2094 1734 2165 terrampi

132 2185 262 2240 videlicet
272 2188 472 2244 siresurrectio
482 2189 577 2245 futura
592 2194 715 2253 nonest,
729 2190 929 2241 manducemus
971 2204 1031 2241 sees
1045 2203 1124 2258 aquae
1136 2189 1249 2242 llueuta.
1267 2188 1339 2256 Ergo
1350 2187 1421 2241 sicut
1430 2186 1648 2257 unumquodque
1659 2181 1734 2238 animi

131 2273 245 2327 modoet
253 2276 526 2347 bibamus‚quiacra.r
532 2278 685 2329 avertemur
695 2293 702 2327 :
713 2281 741 2328 et
750 2274 930 2345 postmodum
971 2277 1116 2347 proprium
1132 2275 1216 2331 babet
1225 2292 1335 2346 corpus,
1352 2292 1404 2329 nec
1418 2275 1523 2329 babere
1536 2280 1628 2346 potest
1639 2271 1732 2335 alterius,

131 2361 202 2416 nihil
215 2362 280 2415 mali
288 2363 478 2433 patiemur.Et
486 2380 582 2418 revera
592 2364 615 2416 si
630 2363 799 2417 resurrectio
809 2370 930 2418 mortuo·
971 2365 1013 2418 ita
1027 2365 1218 2435 unusquisque
1232 2364 1317 2418 homo
1329 2381 1422 2430 suum,
1439 2380 1496 2418 non
1514 2363 1630 2418 alterius
1643 2363 1734 2416 msnnct

131 2465 194 2504 rum
209 2466 265 2504 non
280 2458 363 2516 esset,
382 2453 608 2507 manducandum
625 2457 653 2506 et
676 2451 829 2505 bibendum
845 2456 928 2510 esset.
970 2469 1071 2523 corpus
1085 2453 1114 2506 in
1125 2453 1169 2506 die
1182 2452 1290 2522 judicii.
1300 2452 1333 2506 Et
1348 2452 1587 2524 quemadmodum
1603 2467 1635 2505 ex
1647 2449 1734 2503 unnim

167 2539 257 2592 Nolite
271 2540 372 2602 sedrrci,
384 2539 411 2594 id
426 2545 469 2594 est
482 2540 567 2593 nolite
578 2539 669 2608 decipi
683 2539 929 2608 apseudoaposto-
971 2557 1057 2612 pensa
1072 2540 1181 2594 diversa
1190 2549 1233 2594 est
1242 2540 1514 2606 carcanimantium
1529 2539 1570 2594 ita
1580 2539 1658 2594 unius
1670 2534 1733 2592 caruit

132 2626 177 2692 lis,
192 2626 241 2698 qui
255 2626 397 2699 denegant
410 2629 644 2683 resurrectionem
660 2643 770 2697 :neque
780 2626 927 2691 adiabolo‚
971 2629 1100 2684 homines
1114 2628 1215 2682 diversi
1232 2634 1314 2683 eruut
1329 2628 1467 2698 dignitate
1494 2628 1522 2682 in
1551 2627 1733 2688 resurrectione,

132 2715 180 2786 qui
190 2732 238 2770 vos
251 2717 650 2787 vultdecipere.Corrumpuat
659 2731 747 2769 mores
760 2717 841 2769 bonor
851 2718 930 2769 collo-
971 2725 1004 2773 ut
1012 2719 1077 2772 talis
1087 2718 1281 2789 unusquisque
1292 2717 1533 2788 appareat‚qualis
1545 2714 1736 2780 sueritmeritus.

131 2806 199 2872 qaia
210 2820 300 2873 praua
319 2804 370 2858 llis
385 2805 476 2859 verbis
488 2804 785 2874 ostenditnpostolus,
800 2802 931 2858 contabu·
1009 2809 1041 2862 lit
1068 2821 1182 2874 corpora
1209 2809 1325 2860 calestia
1348 2811 1424 2870 srvat,
1442 2813 1465 2860 et
1479 2822 1596 2875 corpora
1618 2804 1736 2860 terrestria

131 2890 548 2949 latioucsmalorumhominum
561 2892 931 2947 etlascivientiumcvertere
972 2897 1097 2966 Corpora
1112 2894 1239 2948 coelestia
1255 2901 1322 2948 sunt
1336 2894 1503 2953 volatilium.
1520 2887 1737 2948 terrestriaboni·

131 2997 214 3052 posse
235 2980 340 3036 bonum
365 2983 549 3054 propositum.
575 2980 733 3036 Assiduitas
762 2980 836 3034 enim
854 2981 930 3052 pravi
973 3001 1040 3038 num
1057 2984 1261 3038 etanimalium
1284 2989 1389 3037 terram
1400 2983 1563 3046 colentium.
1580 2983 1638 3044 Vel.
1653 2992 1739 3051 corpora

132 3069 263 3141 colloquii
282 3071 363 3125 vitiat
373 3077 506 3126 mentem.
526 3072 567 3125 Ac
581 3087 631 3142 per
645 3070 697 3124 hoc
712 3070 868 3123 cavendum
888 3075 931 3124 est
942 3074 1106 3133 Ccoelestia.
1118 3075 1170 3139 sol,
1186 3074 1261 3130 luna.
1270 3073 1358 3126 stellae
1373 3089 1434 3143 quae
1448 3090 1584 3144 corporea
1597 3072 1738 3141 santonus

95 3226 96 3229 Ἰ
133 3174 151 3212 a
163 3157 276 3222 talibus,
289 3161 357 3231 quia
370 3160 456 3214 vitam
471 3160 574 3215 bonam
589 3164 618 3213 et
632 3159 765 3212 honestos
788 3165 874 3228 atque
883 3176 931 3215 ve·
973 3163 1064 3233 ignea.
1083 3163 1154 3216 Nam
1170 3169 1199 3216 et
1212 3161 1325 3216 videtur
1336 3164 1395 3216 clv'c
1405 3164 1555 3216 celestium
1566 3164 1663 3230 gloria,
1677 3158 1699 3214 id
1709 3158 1739 3210 ut

133 3248 271 3303 recuudos
285 3265 378 3304 mores
385 3255 572 3319 corrumpunt
585 3254 613 3302 et
628 3247 782 3317 depravant
794 3248 933 3319 colloquia
973 3250 1097 3320 dignitas
1106 3251 1148 3303 vel
1155 3249 1277 3303 ebaritas
1289 3269 1295 3314 ;
1311 3252 1370 3302 alia
1381 3252 1569 3313 terrestrium,
1579 3249 1608 3303 in
1622 3264 1668 3302 suo
1678 3248 1738 3300 stato

132 3337 218 3398 mala,
234 3337 368 3408 quoniam
394 3337 555 3409 depravatio
578 3336 725 3402 bonorum,
741 3335 874 3391 allocutio
890 3343 934 3392 cst
1010 3339 1095 3394 Stella
1109 3342 1183 3392 enim
1199 3341 1307 3392 urtella
1317 3339 1410 3404 differt
1421 3333 1737 3409 claraclamagnirudinc

133 3425 284 3480 malorum.
973 3427 1130 3480 velocitate.
1146 3429 1210 3480 Alia
1229 3429 1343 3481 claritas
1356 3430 1430 3492 rotis,
1446 3430 1506 3481 atio
1522 3431 1607 3495 lana,
1626 3432 1673 3481 etc.
1686 3422 1740 3478 Sicut

172 3514 307 3583 Evigilnte
315 3519 400 3583 Juste,
411 3520 436 3569 et
450 3517 534 3569 notite
544 3531 664 3585 peccare.
688 3517 806 3580 Quidam
823 3516 932 3570 codices
975 3516 1016 3569 sol
1036 3523 1065 3568 et
1079 3516 1144 3569 luna
1155 3531 1188 3569 ac
1203 3516 1363 3571 steltaecum
1376 3516 1528 3570 sintunius
1539 3509 1740 3587 generamina

135 3601 240 3657 habent
257 3622 263 3656 :
281 3604 422 3671 Evigilate,
433 3605 597 3674 justi‚quasi
608 3605 672 3659 illos
680 3603 934 3676 praeciperetevigi·
975 3610 1071 3658 tamen
1086 3604 1237 3658 dissimiles
1261 3612 1346 3659 erunt
1359 3604 1387 3657 in
1401 3604 1501 3675 gloria,
1519 3604 1662 3676 sicutipse
1677 3595 1739 3656 rotati⁴

134 3692 194 3746 lare
210 3692 258 3762 qui
267 3692 339 3762 justi
353 3692 483 3747 suntsed
498 3693 568 3747 falso
580 3694 771 3764 scriptumest
788 3714 792 3748 :
811 3693 876 3764 quia
887 3692 934 3764 qui
976 3693 1072 3759 restat,
1087 3692 1209 3746 subdens
1223 3712 1230 3746 :
1246 3692 1292 3747 Sic
1300 3693 1352 3747 erit
1369 3698 1393 3746 et
1408 3696 1575 3748 resurrectio
1588 3699 1738 3748 mortemar,

133 3779 203 3849 J'usti
210 3785 338 3833 suntuon
347 3779 474 3850 indigent
482 3780 627 3835 admoneri
636 3783 934 3852 utevigilentasomno
978 3781 1110 3852 quoniam
1120 3798 1184 3835 cum
1195 3786 1290 3835 inulla
1302 3782 1359 3835 sint
1369 3785 1568 3836 mansionaria
1581 3783 1657 3836 doma
1667 3776 1738 3838 unm

136 3866 355 3933 infidelitatis,et
369 3873 631 3939 atorporeerroris.
645 3871 850 3926 adverbialiter
859 3869 934 3923 enim
978 3876 1006 3923 et
1016 3885 1066 3940 pro
1077 3870 1239 3923 diversitate
1250 3873 1414 3924 meritorum
1436 3870 1490 3923 erit
1512 3869 1657 3925 retributio
1673 3864 1740 3921 ecta

136 3955 215 4020 dixit,
230 3957 458 4026 Evipitntcjurta
476 3958 523 4029 qui
547 3959 614 4014 estis
628 3959 657 4015 in
674 3976 772 4014 somno
787 3958 891 4013 erroris
907 3963 936 4012 et
977 3958 1048 4012 tium
1065 3959 1245 4028 praemiorum
1262 3977 1268 4012 :
1285 3975 1340 4012 non
1354 3959 1427 4030 quod
1444 3957 1510 4013 alibi
1523 3960 1586 4024 iste,
1596 3958 1660 4014 alibi
1671 3949 1740 4012 illevit

135 4044 319 4112 infidelitatis,
335 4062 391 4101 non
406 4047 551 4101 credentes
562 4050 837 4109 resurrectionem‚et
850 4046 936 4101 nolite
977 4047 1264 4109 remunerandus,sed
1279 4047 1352 4101 sicut
1364 4047 1443 4101 solet
1454 4048 1563 4102 lunaac
1578 4048 1661 4103 stelle
1673 4051 1740 4111 aaut!

135 4149 263 4204 peccare,
281 4139 319 4194 ut,
338 4135 415 4203 juste
439 4135 468 4188 iu
479 4134 561 4189 bonis
582 4136 713 4207 operibus
727 4144 933 4198 conversantes,
977 4136 1139 4189 differentes
1154 4152 1171 4189 a
1184 4152 1213 4189 se
1225 4135 1363 4197 claritate,
1380 4135 1409 4188 in
1419 4151 1475 4190 uno
1495 4142 1565 4191 suut
1579 4137 1656 4196 coelo.
1667 4128 1739 4188 iudit-

136 4220 252 4291 possitis
266 4221 301 4274 ad
316 4221 436 4290 gloriam
459 4239 614 4293 resurgere.
647 4225 842 4291 Ignorantiam
861 4227 935 4278 enim
978 4224 1099 4277 terentes
1113 4224 1193 4278 electi
1208 4223 1323 4286 meritis,
1339 4241 1437 4278 omnes
1451 4241 1509 4279 uno
1523 4216 1739 4280 coronabunturit
1775 4255 1777 4266 ι

137 4310 187 4363 Dei
203 4309 319 4375 quidam
334 4309 445 4370 babent,
457 4309 484 4363 id
514 4316 566 4376 est,
583 4310 697 4382 quidam
713 4318 836 4366 vestrum
860 4313 937 4382 igno·
978 4312 1264 4382 regnoscminatur,
1275 4313 1304 4367 id
1314 4321 1358 4367 est
1366 4313 1503 4384 sepelitur
1518 4331 1622 4386 corpus
1635 4331 1663 4367 ra
1675 4320 1740 4366 narrt·

139 4395 261 4450 rantiam
291 4395 396 4449 babent
422 4397 571 4452 verborum
588 4398 647 4463 Dei,
670 4400 772 4471 quibus
791 4401 895 4454 dicitur
906 4384 1078 4469 inDptione.
1095 4401 1161 4472 quia
1184 4401 1402 4472 corrumpitura
1418 4402 1570 4467 vermibus,
1588 4409 1616 4457 et
1633 4395 1740 4456 scautd·

139 4483 292 4555 Evangelio
309 4503 315 4538 :
331 4484 433 4539 Veniet
448 4485 517 4540 hora
532 4487 644 4556 quando
659 4491 815 4559 omnesqui
831 4490 860 4542 in
876 4505 937 4543 mo·
979 4506 1033 4560 que
1049 4490 1201 4560 putrescit;
1228 4496 1320 4557 carpet
1336 4496 1366 4544 in
1382 4494 1601 4560 incorruptione,
1618 4490 1677 4563 quia
1688 4483 1739 4558 pat·

138 4572 282 4629 dumentis
295 4579 361 4627 suut
375 4574 491 4629 audient
506 4591 599 4629 vocem
611 4576 673 4629 Filii
686 4577 774 4637 liciat
787 4578 937 4648 procedent
979 4578 1092 4632 modum
1107 4578 1183 4632 nullo
1198 4577 1292 4632 labore
1309 4578 1349 4632 vel
1364 4579 1546 4650 corruptione
1560 4579 1732 4648 corrumpetur·

139 4665 229 4732 (ioan.
248 4668 284 4730 v),
301 4669 330 4719 et
340 4669 451 4718 caetera.
468 4666 509 4718 dd
521 4667 717 4729 reverentiam,
729 4665 757 4718 id
767 4666 850 4719 estad
864 4666 938 4720 utili·
1013 4667 1176 4723 Srminatur
1186 4669 1218 4720 in
1228 4670 1411 4734 ignobilitate,
1422 4667 1450 4721 id
1465 4668 1647 4739 estsepelitur
1657 4664 1738 4732 ianne

138 4758 225 4809 tatem
239 4759 369 4815 vestram,
384 4754 458 4807 uobis
474 4756 583 4822 loquor,
604 4759 636 4808 ut
651 4755 739 4808 Deum
758 4755 892 4815 timeatis,
908 4761 937 4808 et
980 4756 1066 4810 minis
1086 4760 1179 4823 surget
1194 4759 1224 4808 in
1233 4759 1334 4825 picria,
1344 4755 1371 4809 id
1381 4765 1424 4810 est
1439 4756 1468 4810 iu
1484 4743 1683 4829 incorruptione
1693 4743 1739 4804 ct‘u

138 4843 264 4897 timendo
278 4843 389 4897 ametis,
406 4842 589 4897 Cassiodorus
609 4842 676 4897 dicit
693 4843 765 4913 quod
781 4843 938 4898 reverentia
979 4843 1213 4915 impassibilitate.
1224 4844 1358 4914 ignobilis
1368 4845 1479 4909 dicitur,
1492 4847 1575 4916 quasi
1584 4837 1739 4900 sinenonint·

140 4930 277 4984 esttimor
291 4932 391 4986 mistus
405 4933 504 4986 amori.
978 4935 1120 4988 Mortuum
1136 4933 1210 4987 enim
1225 4941 1267 4987 est
1289 4934 1349 4987 sinc
1364 4934 1486 4999 nomine,
1505 4935 1571 5006 quia
1583 4937 1642 5006 jam
1660 4921 1742 4987 nortll

177 5016 229 5070 Sed
242 5019 311 5071 dicct
325 5023 439 5088 aliquis,
450 5027 585 5086 vestrum,
611 5020 746 5076 subaudis
756 5021 887 5076 dubitans
902 5020 937 5075 de
978 5022 1072 5082 homo,
1095 5022 1143 5075 sed
1167 5022 1294 5086 cadaver,
1311 5022 1383 5093 quod
1408 5039 1426 5076 a
1449 5022 1576 5078 cadendo
1600 5004 1745 5077 dicimini

141 5104 355 5160 resurrectione.
384 5109 521 5174 Quomodo
540 5116 683 5178 resurgent
702 5114 835 5164 mortui?
854 5112 937 5177 ercu'
978 5108 1118 5179 ignobilis,
1131 5110 1158 5164 id
1175 5118 1218 5164 est
1235 5111 1295 5165 sine
1310 5110 1457 5181 dignitatis
1477 5113 1601 5166 nomine.
1617 5100 1748 5177 Quidam

141 5197 237 5246 autem
252 5207 361 5260 corpore
371 5200 479 5249 venient
496 5202 508 5248 ?
523 5197 656 5253 subaudis
669 5200 703 5252 ad
715 5199 863 5269 judicium.
978 5198 1128 5267 ignobilius
1139 5215 1221 5252 carne
1239 5200 1365 5267 mortua?
1380 5201 1422 5254 vel
1434 5200 1501 5271 quid
1516 5193 1758 5272 iterumglon'osiu*

176 5283 934 5355 incipiebam,qrrodsemr'nasinterramonoim'ficatur,
979 5286 1007 5339 in
1027 5287 1161 5341 creaturis
1190 5295 1322 5357 surgente
1347 5304 1380 5341 ca
1405 5296 1434 5342 et
1451 5289 1667 5362 incorruptelam
1679 5273 1768 5359 peris?

139 5373 198 5427 nisi
209 5373 292 5439 prius
308 5370 580 5443 moriatur.Physica
590 5377 698 5431 ratione
708 5378 798 5432 utitur
809 5376 937 5448 exemplo
980 5376 1256 5446 pientelseminatur
1267 5380 1297 5431 in
1311 5377 1564 5449 infirmitatequia
1577 5395 1607 5433 se
1619 5351 1777 5446 nonpotffl

139 5461 174 5517 da
197 5475 286 5533 grano
312 5459 431 5529 alicujus
445 5462 569 5525 seminia,
582 5464 656 5534 quod
671 5467 790 5521 moritur
815 5468 844 5521 in
860 5472 938 5521 terra
979 5480 1108 5518 movere:
1126 5465 1409 5536 quoniamimmobile
1421 5465 1564 5521 redditum
1576 5473 1628 5534 cst;
1643 5452 1777 5533 sorceti*

138 5549 250 5628 quaudo
259 5548 494 5630 semiustamque
502 5549 624 5616 lacteum
631 5551 752 5612 efficitur
760 5555 835 5626 quod
840 5560 938 5631 postea
978 5555 1091 5620 virtute,
1106 5553 1241 5615 subaudis
1254 5555 1315 5626 Dei,
1331 5554 1374 5611 vat
1392 5554 1422 5612 iu
1435 5554 1539 5613 virtute
1552 5571 1609 5639 qua
1626 5554 1694 5619 atra
1705 5541 1777 5606 Μ’
