3840 6098
206 310 255 368 '23l
421 306 610 363 HAYMONIS
630 308 874 364 HALBERSTAT.
896 307 1009 361 EPISC.
1029 306 1109 363 OPP.
1130 307 1221 362 PARS
1234 287 1263 361 Ἰ.
1284 335 1317 347 -
1337 305 1524 361 COMMENT.
1545 307 1637 362 atah.
1791 304 1845 363 232

206 432 327 498 Domini,
344 438 372 486 ot
399 431 561 486 custodiunt
585 430 735 492 custodias
748 430 776 483 id
801 434 845 483 est
868 432 1142 500 praeceptaAautem
1159 429 1265 483 electus
1277 434 1306 483 et
1320 429 1527 484 honorificatus.
1540 431 1631 502 Super
1640 430 1846 501 bunclapidem

205 523 276 590 cJus,
283 521 530 590 judicentdomum
547 521 607 588 ojus
623 535 683 588 quae
696 525 740 572 est
750 518 880 580 Ecclesia,
897 518 931 570 dc
950 533 1005 587 qua
1045 525 1154 586 septem
1170 516 1242 571 ocvrli
1253 523 1329 579 sunt,
1342 518 1472 587 quoniam
1487 535 1571 588 super
1583 520 1726 575 Christum
1737 524 1846 589 septem

204 609 501 681 ApostolusChristus
517 614 610 660 autem
625 609 698 660 tilius
714 608 787 659 sicut
803 607 830 660 in
846 609 927 659 dorna
942 623 1003 670 sua,
1046 606 1118 659 dona
1135 606 1256 676 Spiritus
1270 607 1360 659 sancti
1384 606 1573 675 requiescunt.
1589 626 1650 678 quae
1676 623 1847 662 enumerans

206 698 479 770 qr.aedoruussumus
490 712 549 748 nos
562 695 637 748 ldcm
648 712 758 765 quoque
767 695 800 748 ad
813 695 1002 759 Timotheum,
1047 695 1184 764 propheta
1197 695 1284 748 isaias
1295 695 1364 747 dicit
1376 712 1380 748 :
1394 716 1404 744 a
1417 695 1670 766 Requiescitsuper
1680 713 1744 750 eum
1762 695 1846 767 spiri·

205 788 243 841 Ut
257 787 328 840 scias
344 785 482 856 quomodo
496 784 598 837 debeas
612 784 639 836 in
655 784 738 837 domo
759 785 807 837 Dei
835 783 1003 848 conversari,
1046 791 1092 836 tus
1103 783 1224 837 Domini.
1238 783 1355 854 spiritus
1364 784 1510 854 sapientiae
1525 802 1552 839 et
1562 785 1716 847 intellectu,
1730 785 1847 856 spiritus

206 881 325 946 quaeest
344 874 465 941 Ecclesia
493 873 542 926 Dei
568 872 694 934 virentis,
715 873 846 926 columna
866 878 894 924 et
913 873 1006 924 tirma·
1046 872 1154 925 consilii
1164 880 1193 926 et
1207 872 1390 934 tortitudinis,
1407 873 1523 942 spiritus
1535 874 1658 928 scientim
1673 881 1701 928 et
1721 873 1847 945 pietatis,

205 972 331 1018 mentum
344 963 476 1016 remotis.
489 960 945 1031 ludicatergolesusdontumDei
955 976 1006 1030 pro
1046 961 1282 1031 etrepleviteum
1312 961 1428 1030 spiritns
1453 961 1562 1015 timoris
1586 962 1694 1015 Domini
1725 961 1848 1014 rrEcoe

207 1053 316 1107 meritis
332 1059 360 1106 et
374 1051 465 1105 verbis
480 1051 667 1119 singulorum,
682 1049 1005 1103 aliumconstituenssu-
1048 1066 1099 1120 ego
1116 1049 1217 1103 celato
1231 1051 1405 1120 sculpturam
1435 1051 1506 1119 ejus,
1523 1050 1564 1105 ait
1588 1050 1724 1118 Dominus
1742 1047 1848 1103 exerci-

208 1142 369 1213 perdecem
386 1139 521 1203 civitates,
538 1139 625 1192 alium
641 1154 726 1207 super
752 1138 887 1208 quinque,
904 1137 1007 1191 taciens
1048 1145 1140 1202 tuum,
1157 1145 1184 1192 rt
1205 1139 1330 1193 auferam
1350 1139 1528 1209 iniquitatum
1554 1146 1636 1194 tcrrae
1660 1139 1735 1194 illius
1753 1138 1783 1193 in
1801 1138 1849 1192 dio

208 1227 502 1291 aliosdoctores,olios
516 1232 657 1297 pastores:
673 1226 735 1279 aliis
756 1227 826 1280 dans
840 1233 1008 1296 potestatem
1048 1243 1114 1281 una.
1130 1247 1143 1278 t
1158 1227 1229 1291 Quia
1241 1244 1327 1297 supra
1337 1227 1446 1283 dixerat
1461 1228 1592 1298 lapidem,
1604 1227 1850 1298 serratmetapbo-

208 1317 400 1373 faciendorum
417 1315 572 1384 signorum,
585 1315 655 1368 alios
668 1314 770 1368 faciens
786 1315 816 1367 in
830 1332 946 1385 corpore
957 1331 1007 1368 suo
1048 1333 1109 1369 mni
1121 1322 1150 1369 et
1159 1316 1228 1369 dicit
1240 1334 1245 1367 :
1258 1337 1269 1367 r
1282 1317 1350 1370 Ecce
1365 1333 1417 1386 ego
1436 1316 1539 1370 caelabo
1553 1317 1726 1387 sculpturam
1741 1316 1814 1386 ejus,
1832 1334 1847 1367 a

206 1407 312 1469 oculoS,
324 1406 396 1458 alios
408 1420 517 1464 manus,
536 1402 606 1456 alios
616 1401 709 1473 pedes.
725 1422 735 1447 (ι
755 1402 788 1455 Et
799 1402 870 1456 dabo
881 1402 932 1456 tibi
947 1419 1008 1456 am·
1049 1405 1077 1458 id
1093 1412 1135 1458 est
1150 1405 1259 1475 lapidis·
1271 1404 1450 1459 Manifestum
1467 1413 1510 1459 cst
1524 1406 1599 1459 enim
1612 1406 1647 1460 de
1660 1404 1775 1459 Domini
1784 1421 1849 1472 pas·

206 1495 336 1549 balantes
354 1492 388 1546 de
398 1491 443 1544 his
454 1491 502 1561 qui
516 1507 590 1545 nunc
615 1491 659 1546 hic
674 1490 817 1544 assistunt.
834 1513 842 1537 ι
861 1490 943 1544 Dedit
956 1491 1009 1544 Do·
1049 1493 1127 1547 sione
1140 1492 1498 1563 prophetari.Sculpturam
1514 1492 1615 1563 lapidis
1636 1493 1754 1547 vulnera
1768 1493 1846 1557 dicit,

208 1583 365 1637 minusDeo
375 1579 715 1648 l‘iliosuodcangelorum
726 1595 843 1632 numero
854 1579 1007 1639 ministros,
1050 1597 1110 1650 quae
1126 1581 1233 1650 accepit
1247 1580 1274 1633 in
1285 1597 1401 1634 cruce«
1420 1580 1539 1645 Caelabo,
1555 1581 1656 1652 inquit,
1672 1582 1848 1651 sculpturam

208 1671 338 1745 quoniam
351 1676 461 1723 sanctos
472 1667 670 1721 suosadhucin
682 1684 765 1721 carne
776 1667 890 1737 positos,
902 1667 1009 1721 similes
1050 1669 1141 1739 ejus.»
1151 1669 1228 1723 idest
1238 1668 1340 1723 faciam
1356 1669 1434 1723 illum
1447 1669 1680 1723 vulnerariclaris
1691 1675 1720 1724 et
1732 1669 1843 1725 lancea.

207 1758 403 1827 tecitangelis3
417 1756 492 1810 unde
512 1756 664 1826 Apostolus
679 1755 805 1809 dicebat:
824 1755 1040 1841 ltlunicipatusB
1051 1758 1109 1811 lioc
1123 1757 1196 1811 enim
1214 1758 1288 1811 Deus
1299 1756 1384 1811 Pater
1402 1757 1476 1818 lecit,
1495 1758 1542 1829 qui
1558 1774 1608 1829 pro
1623 1758 1704 1812 nobis
1718 1757 1848 1812 omnibus

208 1846 347 1901 husterin
363 1846 493 1900 coeiocst.
504 1846 576 1898 Nam
594 1844 747 1913 virginibus
761 1845 880 1898 societas
895 1845 1011 1915 promit·
1051 1846 1167 1900 tradidit
1183 1844 1260 1899 illum
1276 1846 1310 1899 ad
1327 1846 1847 1917 mortemTuncdimitteturiniquitas

207 1938 279 1992 titur
291 1936 467 2007 angelorum,
480 1934 598 1988 Domino
612 1933 742 1987 dicente:
761 1952 773 1985 a
781 1935 842 1988 Non
851 1933 1011 1988 nubentne·
1052 1940 1133 1988 terra
1145 1933 1228 1988 illius.
1241 1935 1408 2005 lnpassione
1422 1935 1495 1989 enirn
1511 1935 1627 1989 dimissa
1646 1941 1689 1988 est
1703 1934 1847 2005 iniquitas.

208 2043 262 2098 que
274 2026 428 2087 nubentur,
442 2024 489 2077 sed
506 2029 591 2077 erunt
605 2023 678 2076 sicut
687 2023 780 2091 angeli
794 2023 843 2076 Dei
858 2023 887 2075 in
906 2023 1008 2076 coelo.»
1051 2030 1080 2079 et
1095 2024 1229 2078 redonata
1236 2023 1348 2092 justitia
1363 2024 1392 2077 in
1406 2024 1453 2078 die
1464 2040 1528 2089 una,
1553 2024 1587 2079 de
1602 2040 1658 2094 qua
1672 2022 1825 2077 Psalmista
1840 2038 1846 2074 ε

206 2113 529 2181 Deassistentibusergo
540 2112 646 2165 dicitse
665 2113 692 2166 ei
711 2113 855 2179 daturum,
876 2112 1009 2182 quoniam
1053 2134 1063 2161 ι
1077 2113 1141 2166 Haec
1156 2120 1198 2165 est
1208 2112 1268 2165 dies
1282 2127 1367 2180 quarn
1380 2111 1446 2165 lecit
1456 2112 1602 2167 Dominus.
1621 2132 1632 2163 s

207 2204 249 2258 illi
264 2204 312 2274 qui
324 2220 380 2258 non
391 2203 539 2265 fluctuant,
552 2201 601 2256 sed
613 2201 728 2255 stabiles
736 2209 765 2256 et
773 2206 933 2256 constantes
944 2206 1010 2256 sunt
1088 2221 1099 2252 r
1119 2202 1148 2254 ln
1166 2201 1212 2254 die
1227 2201 1285 2262 illa,
1297 2201 1366 2254 dicit
1379 2185 1516 2254 Dominus
1538 2201 1721 2262 exercituum,
1739 2199 1850 2255 vocabit

208 2295 239 2347 in
250 2292 373 2347 Ecclesia
386 2290 449 2358 Dei,
466 2291 563 2361 quales
576 2291 793 2360 erantapostoli,
810 2290 856 2361 qui
874 2307 936 2344 cum
953 2292 1009 2345 Do·
1049 2289 1091 2342 vir
1106 2289 1227 2342 amicum
1238 2305 1320 2344 suum
1333 2289 1431 2345 subter
1441 2289 1549 2343 vineam
1566 2294 1595 2343 et
1610 2289 1708 2343 subter
1717 2291 1812 2344 ticum.
1834 2306 1847 2340 a

211 2382 289 2435 mino
310 2385 403 2434 stante
420 2378 645 2449 perseverabant,
662 2387 808 2434 tuerentur
823 2380 954 2450 angelicae
969 2380 1009 2434 di·
1049 2382 1072 2431 A
1088 2384 1215 2448 tempore
1228 2378 1303 2432 enim
1319 2378 1457 2448 passionis
1472 2378 1576 2432 Christi
1589 2379 1675 2448 coepit
1684 2376 1850 2433 annuntiari

207 2470 325 2540 guitatis
340 2468 407 2524 socii
421 2468 492 2522 lieri.
1049 2465 1288 2536 Evangetiummr
1297 2465 1691 2536 apostolicusetpertectuset
1700 2467 1748 2537 qui
1759 2470 1850 2537 potest

247 2578 260 2610 a
276 2558 361 2623 Audi,
376 2559 457 2611 lesus
485 2557 615 2611 sacerdos
639 2573 752 2627 magne,
768 2563 799 2612 tu
814 2563 843 2612 et
857 2559 939 2613 amici
954 2559 1007 2627 tui,
1046 2555 1105 2624 jam
1117 2555 1152 2607 ad
1166 2554 1268 2608 altiora
1286 2554 1482 2619 conscendere,
1494 2563 1574 2608 vocat
1582 2555 1705 2608 amicum
1717 2554 1849 2616 suum,id

210 2645 258 2717 qui
273 2646 402 2700 habitant
416 2662 509 2699 coram
525 2656 562 2708 te,
577 2645 643 2715 quia
660 2645 708 2698 riri
719 2647 917 2717 portendentes
931 2653 1007 2702 sunt.
1049 2644 1257 2703 estcredentes,
1273 2644 1317 2696 vcl
1345 2650 1420 2696 certe
1443 2643 1577 2713 gentilem
1604 2645 1737 2714 populum
1753 2643 1850 2698 subter

209 2735 278 2788 Ecce
293 2735 367 2788 enim
381 2751 433 2804 ego
448 2734 585 2787 adducam
603 2751 713 2788 serrum
736 2751 828 2789 mcum
841 2738 1006 2790 orientem.»
1050 2733 1206 2794 rinoam,id
1222 2739 1265 2787 est
1277 2732 1418 2786 Christum
1431 2732 1478 2802 qui
1493 2732 1618 2802 loquitur
1632 2732 1661 2786 in
1677 2732 1846 2803 Evangelio:

209 2825 270 2879 Hoc
286 2824 346 2878 loco
361 2824 457 2878 lesum
468 2839 532 2876 cum
551 2828 662 2901 tantum
675 2824 755 2893 juxta
769 2823 893 2878 litteram
909 2825 1008 2895 arcipi·
1049 2821 1106 2891 Ego
1119 2838 1181 2875 sum
1198 2822 1261 2875 ritis
1274 2837 1348 2887 vera,
1374 2822 1455 2890 cujtts
1474 2820 1581 2874 tructus
1596 2821 1718 2874 laetificat
1736 2838 1785 2875 cor
1801 2821 1851 2875 ho-

208 2930 281 2977 mus,
298 2913 347 2983 qui
362 2913 437 2966 [ilius
462 2912 515 2965 tuit
537 2912 682 2975 Josederh,
701 2912 746 2965 cui
766 2913 939 2982 promittitur
957 2913 1008 2967 ad-
1049 2910 1143 2963 minis.
1160 2911 1195 2963 Et
1204 2909 1301 2964 subter
1316 2909 1411 2970 ficum,
1429 2909 1516 2962 idest
1541 2909 1576 2962 ad
1590 2909 1708 2978 gloriam
1725 2909 1849 2979 Spiritus

210 3008 309 3057 ventus
325 3001 386 3055 Filii
407 3001 467 3055 Dei.
485 3001 555 3054 Cum
580 3001 656 3054 enim
675 3001 804 3071 superius
825 3003 1008 3057 hunclesum
1049 3000 1148 3064 sancti,
1169 3000 1249 3069 cujus
1283 3005 1348 3054 sunt
1378 3014 1461 3069 poma
1479 2997 1651 3060 dulcissima,
1678 3004 1710 3052 ut
1728 2998 1780 3052 sub
1799 2997 1849 3052 tali

211 3091 384 3146 sacerdotem
396 3097 495 3161 typum
514 3090 618 3144 Christi
638 3089 792 3145 dixerimus
808 3091 921 3151 babere,
935 3108 1009 3145 nunc
1026 3088 1212 3151 tlumbraculo
1232 3095 1337 3142 aeterna
1357 3103 1424 3156 pace
1445 3087 1600 3157 quiescant.
1622 3088 1681 3141 lloc
1709 3087 1801 3157 ipsum
1820 3092 1851 3142 et

209 3185 320 3234 tantum
337 3195 400 3233 euru
420 3179 502 3248 juxta
530 3177 653 3233 litteram
680 3179 841 3249 accipimus,
866 3179 1008 3234 rideamus
1049 3177 1180 3231 blichaeas
1193 3177 1330 3248 propheta
1345 3192 1415 3247 pene
1429 3176 1497 3246 ipsis
1511 3174 1601 3229 verbis
1624 3175 1770 3246 predixit:
1788 3173 1848 3229 «In

209 3285 284 3324 nunc
295 3268 360 3338 quid
376 3267 494 3337 angelus
508 3265 536 3321 in
553 3282 672 3337 persona
683 3267 732 3320 Dei
747 3269 1009 3338 loquenshuiclesu
1049 3265 1094 3320 die
1109 3266 1157 3319 illa
1171 3266 1319 3336 (inquiens)
1348 3264 1456 3318 vocabit
1474 3264 1666 3334 unusquisque
1687 3263 1851 3334 proximum,

209 3357 286 3412 dicat
301 3370 307 3405 :
326 3377 336 3407 r
354 3355 437 3418 Audi,
462 3356 528 3409 lesu
556 3354 685 3409 sacerdos
696 3370 821 3431 magne,
836 3361 867 3409 tu
879 3364 906 3409 ct
925 3355 1009 3411 amici
1049 3371 1131 3409 suum
1141 3361 1169 3409 ct
1177 3356 1292 3408 tratrem
1302 3353 1399 3409 subter
1408 3354 1490 3408 deum
1503 3357 1531 3407 et
1545 3353 1663 3414 vineam,
1681 3358 1710 3407 et
1723 3368 1780 3408 non
1794 3351 1849 3406 crit

210 3446 262 3511 tui,
279 3446 328 3499 »id
338 3443 715 3516 estprophetoecaeteriliam
731 3450 759 3497 et
772 3443 856 3499 Jesus
872 3447 1008 3516 propheta
1048 3443 1097 3516 qui
1113 3448 1261 3501 exterreat.
1277 3466 1289 3493 ι

209 3540 280 3590 erat.
297 3533 363 3603 quia
377 3532 520 3586 Christum
534 3548 590 3585 non
605 3530 706 3596 verbis,
722 3532 771 3585 sed
786 3532 900 3586 nominc
914 3534 1008 3603 praesi·

208 3623 314 3694 gnabat
324 3628 352 3675 et
366 3620 507 3689 operibus
521 3619 664 3691 Propheta
678 3620 751 3674 enim
768 3621 880 3685 dicitur,
896 3638 949 3676 non
961 3639 1006 3677 so·

210 3711 267 3765 lum
283 3710 330 3781 qui
346 3710 381 3763 de
392 3709 504 3762 Christo
515 3709 683 3762 vaticinatur
695 3709 844 3774 ret·bis,sed
861 3711 945 3764 etiam
960 3711 1007 3766 ille
1087 3732 1097 3763 ι
1116 3713 1150 3766 Et
1164 3728 1293 3766 reversus
1303 3717 1345 3766 est
1361 3712 1478 3782 angelus
1488 3711 1535 3782 qui
1555 3709 1724 3782 loquebatur
1745 3711 1775 3766 in
1790 3728 1846 3776 me,

209 3799 257 3871 qui
271 3814 334 3852 eum
350 3797 448 3866 liguris
458 3802 487 3848 et
508 3795 641 3866 symbolis
654 3797 790 3868 designat.
807 3800 821 3853 J
826 3798 926 3853 ubotur
940 3816 1007 3870 crgo
1049 3801 1231 3855 etsuscitarit
1243 3818 1287 3855 me
1297 3802 1376 3871 quasi
1392 3801 1480 3855 virum
1488 3801 1535 3872 qui
1546 3801 1738 3854 suscitaturde
1748 3816 1849 3855 somno

209 3887 291 3941 Jesus
304 3884 410 3945 audire.
421 3884 558 3954 jubentur
572 3885 656 3938 ctiam
681 3886 779 3940 audire
794 3887 875 3940 amici
890 3890 961 3958 ejus,
979 3888 1007 3941 id
1049 3888 1204 3955 suo.aQui‹l
1215 3890 1431 3960 estquoddicit:
1448 3890 1609 3946 «Reversus
1619 3895 1661 3942 est
1676 3889 1847 3959 angelum

209 3981 252 4030 est
266 3973 359 4029 caeteri
376 3974 529 4045 prophetae,
545 3973 619 4044 quod
632 3974 735 4028 dicitur
751 3994 775 4028 :r
786 3974 857 4030 Ecce
867 3977 942 4031 enim
955 3994 1007 4048 ego
1049 3978 1109 4042 Quo
1125 3979 1201 4032 enim
1211 3979 1320 4033 abierat
1330 3979 1378 4050 qui
1392 3979 1420 4033 in
1434 3978 1570 4049 propbeta
1593 3977 1780 4048 loquebatur?
1793 3977 1849 4033 Sed

208 4063 345 4118 adducam
358 4079 468 4116 servum
484 4078 577 4116 meum
593 4062 766 4118 orientem.»
1049 4068 1192 4122 sciendum
1208 4068 1281 4138 quod
1299 4069 1411 4138 quando
1426 4069 1551 4122 humana
1568 4067 1705 4138 fragilitas
1724 4083 1782 4121 sua
1801 4082 1848 4122 re·

248 4173 259 4204 r
274 4153 345 4217 Quia
359 4168 422 4207 ecce
436 4151 516 4223 lapis,
533 4168 615 4222 quem
630 4152 695 4206 dedi
709 4169 803 4207 coram
826 4155 903 4211 lesu.
923 4172 1008 4226 super
1048 4156 1390 4226 linquiturimbecillitati,
1407 4157 1482 4212 Deus
1498 4157 1661 4226 angelorum
1675 4155 1780 4211 auxilio
1794 4156 1847 4211 ab·

207 4242 330 4314 lapidem
347 4257 434 4295 unum
451 4247 559 4311 septem
582 4241 653 4294 oculi
670 4247 746 4295 sunt.
762 4261 773 4292 ι
788 4243 853 4297 llaec
872 4244 1009 4312 jubentur
1048 4252 1092 4300 est
1115 4245 1150 4298 ab
1174 4246 1297 4299 bomine.
1314 4244 1454 4314 Propheta
1480 4245 1576 4315 itaque
1604 4260 1712 4314 magna
1731 4244 1847 4300 visionis

209 4331 318 4392 audire,
333 4329 465 4399 quoniam
481 4327 535 4380 viri
547 4329 746 4398 portendentes
756 4336 824 4385 sunt
844 4331 895 4386 boc
908 4339 960 4398 est,
978 4333 1007 4387 in
1049 4341 1164 4405 stupore
1176 4333 1325 4399 attonitus,
1340 4333 1511 4403 torpebat,et
1525 4332 1602 4386 reiut
1618 4340 1711 4387 mente
1726 4333 1846 4404 sopitus,
1863 4352 1865 4356 ·

208 4419 320 4489 signum
338 4418 459 4488 positum
470 4416 639 4471 futurorum.
656 4419 858 4474 l’ortendentes
872 4422 947 4475 enim
963 4414 1143 4477 di·Drerum
1159 4422 1253 4476 lumen
1270 4421 1363 4475 ridere
1373 4437 1429 4475 non
1444 4426 1554 4491 poterat
1565 4421 1745 4491 Quapropter
1758 4438 1847 4492 ange-

208 4514 320 4571 cuntur,
337 4507 385 4577 qui
404 4506 499 4560 sutura
514 4507 693 4577 portendunt,
710 4508 761 4563 hoc
787 4515 830 4562 est
846 4511 928 4580 longe
942 4517 1008 4566 ante
1048 4512 1092 4565 lus
1103 4510 1149 4581 qui
1162 4527 1226 4565 eum
1245 4527 1397 4581 parumper
1420 4510 1473 4564 sibi
1499 4510 1655 4576 dimiserat,
1672 4516 1700 4563 et
1715 4511 1797 4580 quasi
1811 4509 1848 4564 ab

210 4595 406 4667 pronuntiant.
425 4613 437 4646 a
454 4595 522 4649 Ecce
539 4595 645 4667 (inquit
668 4614 719 4667 ego
738 4598 875 4652 adducam
895 4616 1006 4654 serrum
1049 4617 1082 4654 eo
1094 4604 1256 4664 recesserat,
1272 4616 1399 4653 reversus
1426 4599 1570 4654 suscitavit
1595 4614 1670 4660 eum,
1688 4604 1720 4653 ut
1740 4599 1849 4654 rideret

209 4702 302 4741 meum
313 4683 560 4749 orientem,»idest
570 4683 648 4738 illum
659 4686 756 4757 dequo
767 4687 870 4742 dicitur
887 4706 892 4740 :
907 4707 918 4738 t
935 4687 1008 4744 Ecce
1049 4690 1122 4762 quod
1134 4695 1216 4743 antea
1231 4688 1332 4742 clausis
1346 4688 1438 4742 cordis
1453 4687 1540 4742 oculis
1554 4688 1646 4741 videre
1657 4703 1713 4742 non
1723 4693 1847 4758 poterat.

209 4774 251 4830 vir
262 4773 355 4828 oriens
364 4789 466 4828 nomen
476 4774 554 4843 eius;
574 4792 583 4824 r
599 4779 627 4828 et
644 4774 728 4828 alibi:
744 4792 758 4826 a
774 4774 830 4828 Vos
842 4775 1008 4831 timentibus
1048 4779 1200 4832 Possumus
1208 4777 1465 4848 quoquesomnium
1477 4777 1620 4847 propheta
1629 4777 1657 4830 in
1665 4775 1767 4830 bonam
1778 4793 1846 4847 par·

209 4880 312 4918 nomen
328 4880 420 4917 meum
437 4862 544 4917 orietur
568 4863 608 4916 sol
635 4863 761 4932 justitiae.
778 4883 791 4916 r
808 4864 839 4918 ln
856 4864 1006 4934 Evangelio
1047 4867 1351 4937 temaccipere‚juxta
1378 4866 1452 4936 quod
1477 4866 1609 4920 Salomon
1630 4865 1686 4920 ait:
1705 4884 1719 4918 a
1737 4865 1767 4920 Si
1778 4865 1847 4920 dor·

209 4969 320 5024 quoquc
337 4970 342 5005 :
359 4971 373 5005 a
387 4952 519 5006 visitarit
533 4968 584 5005 nos
610 4950 703 5006 oriens
718 4969 750 5006 ex
774 4953 832 5006 alto
846 4953 1006 5008 illuminare
1048 4955 1153 5018 mieris,
1164 4972 1221 5008 non
1232 4954 1356 5009 timebis:
1368 4955 1501 5024 quiescet,
1517 4960 1546 5008 et
1560 4955 1653 5009 suario
1664 4953 1718 5008 erit
1728 4970 1847 5011 somnus

209 5041 252 5095 bis
266 5041 313 5112 qui
329 5041 358 5094 in
374 5041 498 5095 tenebris
514 5046 543 5094 et
566 5040 594 5093 in
620 5038 721 5094 umbra
744 5041 843 5094 mortis
861 5043 968 5096 sedent.
990 5063 1003 5094 a
1047 5051 1123 5100 tuus.
1135 5044 1189 5108 Qui
1204 5060 1271 5113 ergo
1294 5060 1311 5096 a
1334 5044 1427 5099 saeculi
1440 5044 1514 5098 curis
1537 5049 1567 5098 et
1586 5041 1848 5117 perturbationibus

208 5133 433 5185 Serrumautem
450 5145 544 5183 meum
569 5128 638 5182 dicit
664 5129 811 5199 propheta,
831 5137 1006 5200 assumptam
1047 5134 1161 5199 dormit,
1178 5140 1206 5188 ct
1220 5138 1314 5204 potest
1333 5133 1426 5187 dicero
1447 5148 1511 5186 cum
1535 5148 1637 5203 sponso
1653 5133 1759 5203 :tEgo
1777 5133 1846 5187 dor-

208 5219 280 5272 serri
291 5219 421 5278 formam,
436 5216 564 5270 utillud:
579 5217 844 5282 Drceservusmeus,
855 5221 1005 5291 suscipiam
1047 5223 1113 5283 mio,
1127 5229 1156 5277 et
1169 5239 1218 5276 cor
1231 5238 1325 5276 meum
1350 5221 1454 5292 vigilat,
1469 5240 1483 5274 »
1499 5227 1624 5275 meretur
1637 5219 1673 5274 ab
1687 5222 1788 5291 angelo
1799 5238 1847 5278 su·

209 5324 282 5362 eum.
293 5305 567 5377 lpseetlapisdatus
580 5322 673 5359 coram
684 5307 760 5373 lesu,
776 5307 805 5362 id
824 5313 867 5362 est
881 5326 1005 5379 pronun·
1046 5312 1153 5377 scitari,
1167 5316 1195 5365 et
1208 5310 1335 5381 angelica
1363 5311 1470 5365 risione
1489 5317 1574 5383 atque
1594 5310 1764 5365 allocutione
1783 5327 1848 5384 pen·

207 5397 295 5450 tiatus
310 5402 336 5447 et
352 5394 506 5464 promissus
519 5393 671 5465 prophetis.
689 5395 740 5449 llic
767 5403 810 5450 est
834 5397 906 5467 lapis
918 5415 1005 5468 angu-
1044 5399 1109 5455 frui,

208 5483 286 5546 laris,
298 5481 345 5552 qui
356 5481 427 5536 duos
442 5482 470 5536 in
496 5499 527 5536 se
552 5483 698 5553 conjunxit
711 5485 833 5555 parietes
847 5502 881 5541 ex
897 5487 1005 5543 diverso
1082 5489 1257 5544 ‹Etdixitad
1269 5505 1330 5545 me:
1346 5489 1419 5552 Quid
1429 5494 1461 5544 tu
1472 5488 1568 5543 rides?
1587 5494 1616 5544 ct
1629 5488 1686 5543 dixi
1701 5505 1707 5542 :
1723 5487 1799 5554 Vidi,
1816 5496 1848 5547 et

207 5569 361 5639 venientes,
374 5569 410 5626 ab
423 5570 584 5629 hominibus
599 5573 711 5646 quidem
724 5574 903 5650 reprobatus,
917 5592 933 5632 a
947 5577 1005 5635 Deo
1046 5593 1110 5634 ecce
1120 5577 1448 5635 candelabrumaureum
1456 5582 1594 5646 tatum,et
1609 5593 1707 5650 ampas
1721 5577 1785 5648 ejtta
1799 5595 1845 5636 su·

1349 3587 1466 3642 CAPUT
1477 3585 1523 3643 lV.
