3818 6104
128 258 179 342 qn
580 262 788 347 saianans
807 268 847 332 nr
865 268 1023 325 caunos
1042 265 1288 359 caminorum
1707 261 1761 356 pia

126 387 840 467 donisRedemptorissui‚necerubescuntcrucem
855 393 1172 465 ejus‚Ademonstrant;
1195 391 1294 445 dentes
1317 394 1392 455 sunt,
1420 389 1486 460 quia
1507 389 1583 443 cibos
1602 389 1760 465 divinarum

127 464 180 530 inid
193 459 364 547 gloriantur.
382 464 508 533 dicentes
521 467 622 531 cuinll
644 461 776 532 osdhloze
794 470 862 534 dlihi
873 472 924 534 au·
967 479 1174 549 Scripturarum
1192 477 1302 530 molunt
1316 469 1762 546 etcomminuuntutmandipds·

127 570 180 620 tem
192 552 269 620 'absit
281 567 398 638 gloriari
414 566 465 621 nisi
480 567 508 620 in
524 554 606 642 cruce
623 495 736 621 ssomini
752 562 839 622 nostri
859 570 924 623 Jesu
966 569 1040 637 sint;
1055 569 1156 622 collum
1172 572 1247 628 sunt,
1266 565 1332 636 quia
1346 571 1430 635 caput
1449 571 1477 619 et
1490 564 1625 626 membra,
1646 563 1699 618 hoc
1720 558 1763 616 est

130 638 250 722 Christi,
272 676 283 706 s
306 663 335 731 et
358 655 425 710 allbi
437 655 588 725 Apostolus
603 655 639 708 ad
653 655 822 726 discipulum
842 674 924 711 suurn
966 657 1108 712 Christum
1124 665 1152 711 ct
1161 652 1324 720 Ecclesiam,
1334 642 1577 726 conjunguntlpsi
1589 658 1655 723 ergo
1670 650 1764 706 docto-

129 729 249 798 sdiibens
267 761 273 795 ε
288 727 373 798 «Noli
384 742 493 814 linquit!
510 741 673 797 erubescere
685 760 795 799 crucem
809 745 924 811 Christi,
966 744 1010 799 re's
1025 753 1091 799 sunt
1105 751 1134 799 et
1147 744 1234 800 ubera
1245 744 1381 809 Ecclesiae,
1398 741 1463 814 quia
1473 742 1602 814 parvulos
1615 746 1643 795 et
1659 739 1765 823 simpli-

129 818 213 900 neque
227 847 273 887 me
287 832 410 886 vinctum
421 833 515 903 ejus.»
529 830 706 887 Beneautem
717 848 795 904 genae
812 851 867 889 non
882 834 925 889 ln·
966 834 1011 907 ces
1025 828 1120 888 bde'les
1133 835 1205 888 lacte
1217 829 1292 887 serbi
1301 833 1349 886 Dei
1362 820 1501 899 nutriunt,
1505 832 1586 903 juxta
1597 826 1764 913 quodhpos·

129 918 924 991 tegrornaloPunic0,sedfragminiromphrantur.Ma·
965 916 1527 994 tolussimplicioribusloquens,dicitu
1547 910 1762 996 Nonpotdiro'·
1811 977 1818 989 ,

130 1006 180 1061 lum
197 1008 276 1062 eninr
291 996 427 1062 Punicum
442 1025 504 1063 cum
522 1008 671 1079 frangitur,
687 1011 809 1066 exterius
829 1003 923 1076 rubor,
967 1011 1008 1064 bis
1023 1011 1099 1082 loqui
1111 1019 1244 1082 tanquam
1258 1001 1762 1080 spiritualibus,sedquasicarnalibus

131 1095 241 1150 interius
257 1086 362 1151 candor
376 1103 503 1168 apparet.
521 1097 566 1158 Si'c
580 1089 609 1152 et
623 1085 712 1153 sancti
727 1099 925 1170 predicatores
967 1108 993 1152 et
1006 1100 1128 1168 puerulis
1143 1098 1171 1152 in
1183 1099 1293 1152 Christo
1308 1097 1350 1150 lac
1366 1097 1440 1151 robis
1451 1103 1545 1168 potum
1558 1086 1631 1159 dedi,
1651 1111 1707 1148 non
1718 1112 1762 1171 es·

134 1199 186 1238 cum
203 1185 362 1255 passionem
379 1186 482 1241 Christi
500 1186 680 1245 annuntiant,
698 1187 778 1258 quasi
789 1188 926 1242 ruborest
966 1208 1035 1241 cam·
1051 1208 1062 1240 s
1080 1188 1114 1241 Et
1125 1183 1195 1242 bene
1210 1204 1265 1240 non
1277 1185 1561 1250 absoluteubera,sed
1577 1182 1639 1238 cuin
1655 1182 1764 1238 addita·

136 1274 328 1341 exterius3cum
340 1293 403 1329 reru
416 1284 521 1346 quantu
532 1276 925 1348 utilitasnostraeredemptio-
966 1284 1060 1330 mento
1075 1276 1152 1339 dicit,
1171 1298 1181 1326 ι
1199 1276 1256 1329 duo
1272 1274 1389 1334 ubera.»
1406 1292 1468 1327 cum
1484 1274 1587 1327 sentina
1602 1273 1761 1344 nequeplus

139 1346 171 1418 uis
188 1364 252 1418 inde
276 1364 445 1435 provenerit,
464 1371 492 1418 et
506 1363 579 1434 quod
597 1365 680 1418 homo
701 1381 750 1435 per
764 1367 923 1436 passionem
966 1382 1056 1436 neque
1072 1364 1163 1419 minus
1176 1363 1278 1417 lrabeat
1300 1380 1383 1435 quarn
1409 1363 1464 1415 duo
1489 1361 1585 1425 ubera,
1601 1361 1666 1431 quia
1677 1359 1762 1414 nimi·
1786 1408 1793 1421 χ

142 1453 229 1506 Christi
244 1470 299 1506 non
314 1454 405 1507 solum
428 1469 443 1506 a
465 1452 586 1522 peccatis
603 1453 762 1522 justificari,
776 1455 823 1507 sed
840 1455 923 1508 etiam
966 1470 1029 1507 rum
1044 1453 1132 1506 sancti
1143 1452 1448 1522 doctoresparvulosex
1459 1457 1578 1520 utroque
1592 1449 1704 1521 populo,
1716 1449 1763 1502 Ju-

145 1540 202 1612 quod
225 1541 349 1595 divinum
373 1541 543 1595 consortium
561 1542 695 1595 meruerit
719 1543 922 1601 demonstrant,
965 1536 1763 1611 daicovidelicetetgentililactererbiDeinutriuntNam

147 1629 207 1701 quasi
225 1630 373 1683 candidum
388 1630 514 1700 estquod
529 1629 696 1684 intrinsecus
712 1632 789 1685 latet.
804 1632 925 1685 Possunt
966 1636 994 1683 et
1004 1631 1107 1684 Paulus
1117 1630 1151 1683 de
1164 1631 1255 1700 seipso
1270 1629 1338 1683 dicit
1356 1649 1361 1682 ι
1382 1628 1459 1693 nQui
1475 1635 1608 1698 operatus
1621 1631 1664 1679 est
1679 1625 1762 1678 Petro

148 1719 213 1782 etiam
227 1735 276 1789 per
288 1735 375 1789 genas
389 1717 517 1772 Ecclesiae
533 1726 670 1790 martyres
682 1720 865 1790 ligurari,qui
880 1738 925 1774 ru·
935 1745 956 1802 B
966 1718 992 1772 in
1019 1718 1176 1789 apostolatu
1199 1708 1427 1775 circumcisionis,
1444 1721 1576 1786 operatus
1589 1720 1632 1795 est
1644 1718 1673 1766 et
1692 1710 1762 1791 milri

149 1806 237 1860 dicundi
252 1815 318 1860 sunt
332 1807 467 1860 etlusione
481 1807 625 1876 sanguinis
648 1807 690 1861 sui
710 1801 797 1862 *veluti
818 1810 922 1863 malum
964 1808 1038 1860 inter
1051 1813 1181 1877 gentes.»
1198 1806 1232 1860 Et
1247 1812 1311 1876 apte
1322 1805 1377 1858 duo
1392 1804 1488 1858 ubera.
1500 1803 1573 1856 sicut
1587 1802 1642 1856 duo
1652 1798 1761 1855 hinnuli

151 1894 273 1949 Puurrum.
291 1894 344 1949 Sed
361 1894 537 1948 dractonialo
553 1896 667 1956 Punico,
688 1897 792 1950 candor
806 1897 924 1951 interius
963 1895 1076 1965 gemelli
1091 1910 1197 1964 capreae
1212 1911 1272 1947 esse
1287 1893 1428 1953 dicuntur,
1454 1891 1520 1961 quia
1537 1890 1666 1943 videlicet
1689 1885 1762 1941 fetus

152 1991 253 2055 apparet,
261 1984 325 2053 quia
343 1994 406 2054 post
421 1991 539 2037 mortem
552 1985 694 2037 miraculis
710 1992 867 2039 coruscant.
966 1992 1032 2037 sunt
1046 1984 1134 2038 etalii
1151 1982 1302 2038 salvatoris
1313 1981 1400 2035 nostri
1411 1982 1477 2035 Jesu
1493 1977 1607 2041 Christi,
1619 1978 1665 2049 qui
1681 1974 1762 2048 supe·

179 2091 190 2125 e
202 2073 269 2127 Sicut
283 2073 371 2126 turris
387 2073 472 2128 Darid
488 2073 591 2126 collum
612 2082 703 2129 tuuni.
716 2091 777 2143 quae
789 2075 925 2128 edificata
965 2071 1024 2126 rius
1035 2091 1085 2143 per
1099 2072 1386 2143 capreasdesignatus
1401 2076 1443 2123 est
1457 2087 1462 2119 :
1479 2067 1616 2122 hecenim
1628 2064 1762 2119 animalia

153 2167 245 2227 strum
258 2162 484 2233 propugnaculis.
512 2179 524 2213 o
548 2162 656 2215 Collum
677 2172 780 2216 sancte
796 2163 924 2217 Ecclesiae
966 2167 995 2216 et
1008 2161 1319 2222 acutissimerident,et
1332 2158 1577 2213 nimiavelncitate
1589 2154 1762 2209 altioracon'·

154 2229 323 2318 predicatores
331 2250 420 2304 sancti
432 2257 459 2303 et
474 2249 923 2319 doctoresejussrmtlidemonim
965 2251 1111 2305 scendunt.
1131 2251 1176 2304 Sic
1191 2256 1220 2303 et
1234 2250 1337 2303 Christi
1352 2249 1480 2301 doctores
1494 2263 1555 2318 quae
1574 2242 1683 2316 agenda
1696 2249 1762 2298 sunt

155 2335 187 2389 hic
197 2338 368 2409 designantur
378 2355 428 2409 per
441 2337 553 2400 collum,
566 2339 614 2409 qui
624 2340 752 2410 superius
768 2358 817 2410 per
829 2341 924 2394 oculos
965 2346 994 2393 et
1009 2340 1061 2410 ipsi
1079 2339 1180 2404 rident,
1198 2344 1227 2393 et
1237 2339 1299 2391 aliis
1312 2340 1480 2396 monstrant,
1490 2343 1517 2389 et
1527 2335 1664 2401 despectis
1676 2339 1762 2387 terre-

156 2424 185 2476 nt
201 2427 371 2495 perdentes,
393 2427 481 2480 sancti
506 2427 634 2480 videlicet
653 2427 858 2498 praedicatores,
875 2427 922 2498 qui
964 2428 1008 2481 nis
1022 2428 1056 2482 ud
1072 2445 1194 2498 superna
1209 2428 1348 2482 nituntur.
1363 2449 1373 2477 s
1387 2426 1439 2489 Qui
1450 2429 1602 2496 pascuntur
1615 2425 1643 2477 in
1657 2417 1733 2484 liliis,
1748 2445 1759 2473 s

156 2511 217 2567 reluti
235 2516 303 2569 colla
316 2526 445 2586 acceptos
459 2514 533 2568 verbi
547 2515 623 2569 cibos
643 2516 793 2569 nutriendo
812 2510 922 2587 corpori
964 2515 1015 2569 hoc
1028 2515 1260 2584 est,delectantur
1275 2514 1432 2586 purissimis
1444 2521 1473 2567 et
1486 2512 1661 2568 nitidissimis
1674 2511 1761 2566 sensi-

156 2603 331 2666 transmittunt,
346 2612 374 2658 et
396 2621 488 2658 vocem
507 2605 712 2675 praedicationis
727 2605 826 2659 dirinae
842 2604 922 2658 au'di-
965 2606 1015 2659 bus
1028 2606 1244 2677 Scripturamm.

89 2750 92 2763 Ι
155 2688 390 2762 toribusproferunt.
405 2692 455 2746 Vel
465 2693 549 2746 etiam
564 2693 651 2746 sancti
667 2692 794 2747 doctores
805 2711 854 2764 per
869 2694 923 2748 col·
1001 2713 1013 2746 a
1031 2694 1123 2747 Donec
1137 2694 1243 2764 aspiret
1255 2693 1324 2754 dies,
1338 2693 1409 2745 thoe
1422 2691 1537 2754 est,dies
1547 2691 1593 2743 illa
1603 2695 1759 2744 aeternare-

89 2766 91 2789 '
155 2773 196 2830 lun
210 2780 359 2850 signantur,
376 2781 441 2851 quia
456 2781 529 2835 sicut
543 2799 592 2853 per
606 2783 707 2836 collum
723 2790 808 2853 caput
828 2791 856 2836 et
869 2800 922 2838 cae·
964 2778 1035 2847 niat‚
1050 2799 1133 2852 quam
1150 2781 1327 2835 desiderabat
1340 2778 1498 2842 psalmista,
1510 2780 1604 2833 dicens
1620 2799 1647 2831 :a
1662 2778 1760 2833 hlelior

155 2866 198 2918 len
208 2857 323 2924 membra
336 2869 447 2940 corpori
458 2872 720 2941 conJ‘unguntur,ita
732 2872 921 2926 sanctidocto·
963 2877 1005 2925 est
1017 2870 1076 2924 dies
1088 2887 1145 2924 una
1155 2871 1183 2924 in
1194 2866 1336 2924 dtriistuis
1346 2869 1555 2940 supermilliap
1566 2874 1617 2922 eet
1627 2868 1761 2922 inclinen-

154 2965 185 3018 ηε
201 2958 268 3026 quasi
292 2958 461 3012 mediatores
481 2967 549 3012 sunt
570 2959 644 3013 inter
658 2952 800 3014 Christum
816 2967 844 3014 et
859 2952 921 3014 reli·
962 2965 1009 3013 tur
1023 2958 1156 3023 umbrae»
1173 2960 1225 3012 hoc
1235 2965 1287 3022 est,
1300 2964 1444 3012 transeant
1460 2973 1594 3011 moerores
1607 2958 1635 3010 'et
1648 2948 1761 3027 pertur-

155 3049 274 3116 quosquos
286 3047 433 3101 instruunt
446 3047 551 3108 fideles,
564 3053 592 3102 et
604 3039 684 3118 quasi
700 3046 844 3123 Christum
861 3018 949 3101 cor·C
964 3046 1090 3100 bationes
1103 3048 1186 3119 hujus
1201 3048 1304 3102 saculi.
1317 3067 1329 3099 c
1343 3049 1435 3101 Donec
1448 3042 1554 3116 aspiret
1563 3045 1633 3111 dies,
1649 3068 1657 3092 υ
1674 3039 1702 3098 id
1718 3051 1761 3099 est

154 3129 195 3196 poti
212 3150 264 3196 suo,
290 3135 318 3189 id
343 3140 389 3189 est
411 3134 539 3189 Ecclesiae
553 3135 726 3206 conjungunt
754 3135 811 3190 Hoc
825 3144 919 3189 autern
961 3136 1154 3190 oriaturdies.
1178 3136 1331 3208 Apparebit
1354 3136 1428 3190 enim
1452 3136 1520 3198 dies,
1541 3132 1627 3188 idest
1644 3134 1759 3200 orietur,

154 3216 225 3296 collum
247 3210 317 3278 turri
338 3223 426 3279 David
449 3232 637 3294 comparatur.
657 3220 754 3289 David,
770 3225 817 3295 qui
833 3224 920 3278 inter·
962 3223 1074 3294 quondo
1089 3218 1170 3277 ierus
1185 3224 1231 3278 ille
1246 3226 1286 3278 sol
1300 3225 1458 3294 justitiam
1470 3232 1512 3278 est
1522 3224 1660 3289 Christus,
1675 3241 1762 3296 appa-

154 3315 248 3376 pretatur
262 3329 347 3366 manu
358 3312 437 3366 tortis
448 3313 489 3366 rel
501 3316 559 3366 visu
570 3311 919 3375 desiderabilis,Christunr
961 3311 1034 3365 rebit
1046 3330 1052 3378 3
1067 3318 1095 3366 et
1107 3318 1173 3366 tunc
1185 3314 1395 3368 inclinabuntur
1410 3313 1523 3379 unrbrae,
1533 3314 1584 3367 hoc
1598 3319 1650 3375 est,
1667 3315 1762 3368 omnia

154 3390 267 3477 spirea.
284 3392 319 3454 Et
331 3387 391 3454 iota
406 3401 517 3470 quidem
530 3393 662 3466 Ecclesia,
672 3400 768 3454 civitas
784 3400 879 3459 Darid.
893 3401 920 3455 id
961 3400 1058 3454 nubilo
1070 3402 1197 3456 moeroris
1206 3409 1233 3457 et
1243 3403 1364 3458 tenebra>
1376 3404 1519 3474 praesentis
1534 3402 1627 3457 saculi
1638 3411 1763 3474 pertran-

154 3488 280 3559 tttmagni
305 3489 379 3559 regis
403 3488 506 3543 Christi
532 3497 584 3551 est,
605 3489 651 3560 qui
671 3495 715 3542 est
729 3506 814 3543 manu
829 3490 920 3560 fortis,
962 3488 1067 3544 sibunt.
1085 3490 1180 3544 Sedet
1205 3492 1228 3544 si
1252 3492 1341 3562 ipsam
1360 3492 1481 3544 litteram
1498 3493 1613 3545 velimus
1625 3493 1759 3563 aspicere,

154 3575 252 3639 quoniam
268 3577 411 3631 diabolum
434 3577 543 3635 derisit,
568 3579 649 3648 juxta
672 3578 748 3648 quod
770 3578 920 3633 psalmista
962 3579 1077 3649 pulchre
1104 3579 1239 3650 expressit
1262 3586 1355 3634 ortum
1380 3581 1432 3634 diei
1457 3588 1484 3634 et
1501 3582 1599 3634 noctis.
1621 3582 1692 3635 Nam
1707 3599 1761 3636 nox

154 3656 212 3716 dicit:
223 3665 376 3719 «Dominus
387 3666 465 3719 fortis
479 3671 505 3719 et
518 3666 766 3736 potens,Dorninus
776 3674 875 3738 potens
892 3668 919 3722 in
961 3667 1030 3721 nihil
1053 3676 1096 3721 est
1111 3669 1186 3723 aliud
1203 3670 1255 3723 nisi
1272 3670 1373 3724 umbra
1389 3678 1477 3736 terra,
1495 3687 1556 3741 quae
1570 3671 1629 3725 sole
1643 3671 1759 3725 descen·

153 3750 918 3826 prelio.»Estetrisudesiderabilis,quiuruthpostolus
960 3756 1043 3810 dente
1059 3758 1202 3827 consurgit
1237 3758 1299 3811 Sole
1322 3765 1416 3812 autem
1442 3760 1545 3813 iterum
1570 3777 1654 3831 super
1668 3767 1758 3814 terras

153 3833 205 3904 tice,
222 3843 247 3896 in
269 3838 334 3897 euni
355 3842 515 3896 desiderant
530 3843 622 3913 angeli
638 3843 797 3914 prospicere
822 3845 919 3900 Turris
961 3845 1139 3906 ascendente,
1165 3846 1338 3901 inclinantur
1358 3847 1472 3913 umbrae,
1495 3849 1579 3902 idest
1601 3848 1675 3903 eadit
1694 3866 1757 3903 nox.

153 3931 349 3985 manavimus
370 3930 452 4001 hujus
475 3929 514 3984 illi
530 3940 596 3985 sunt
615 3932 662 4002 qui
682 3932 858 3987 vel'scientia
875 3935 918 3988 vel
959 3932 1118 3987 Pascuntur
1132 3951 1198 4004 ergo
1213 3936 1241 3988 in
1256 3936 1321 3988 liliis
1340 3936 1429 3989 donec
1445 3936 1550 4006 aspiret
1565 3936 1625 3990 dies
1637 3945 1665 3991 et
1680 3938 1759 3992 incli-

154 4021 291 4081 tpmtionis
308 4019 476 4092 perfectione
486 4021 593 4075 eaeteris
611 4021 802 4092 praeeminent.
821 4041 835 4073 u
852 4024 919 4087 Quae
961 4030 1063 4075 nentur
1078 4023 1193 4084 rrrrrbrae,
1212 4023 1278 4092 quia
1292 4029 1454 4077 sanctorum
1469 4025 1614 4078 doctorum
1636 4024 1665 4078 in
1684 4043 1757 4096 prze-

154 4102 256 4186 flffdidcata
280 4118 324 4163 est
341 4126 404 4163 cum
430 4112 654 4183 propugnaculis.
674 4129 686 4162 s
706 4111 919 4181 Propugnacula
960 4110 1033 4163 senti
1056 4118 1165 4164 tantmn
1182 4111 1237 4164 vita
1254 4112 1409 4165 necessaria
1423 4118 1466 4187 est
1480 4112 1640 4183 praedicatio
1656 4120 1684 4167 ct
1706 4114 1756 4168 do-

155 4201 200 4246 tunt
209 4188 360 4253 sanctarum
378 4198 584 4269 scripturarum
594 4199 749 4253 divinorum
762 4216 919 4253 sacramen·
960 4197 1051 4251 ctrina
1064 4199 1185 4253 :namin
1198 4200 1255 4253 alia
1266 4201 1330 4260 rita,
1347 4200 1492 4272 postquam
1503 4202 1665 4272 apparuerit
1677 4207 1759 4257 aeter·

156 4281 308 4355 ltdequibus
320 4272 777 4358 relutijaculaproceduntquibus
792 4288 919 4341 adversa·
960 4302 998 4340 na
1012 4286 1072 4341 dics
1087 4295 1115 4340 et
1137 4289 1216 4342 finita
1236 4289 1322 4343 suerit
1343 4306 1395 4343 nox
1411 4291 1555 4360 praesentis
1571 4288 1675 4352 saculi,
1702 4307 1759 4345 non

156 4363 520 4447 derepellunturpotestates.
542 4375 732 4448 shiilleclypei
749 4377 871 4447 pendent
886 4371 950 4430 exD
962 4392 1075 4430 necesse
1090 4377 1145 4430 erit
1168 4376 1261 4432 doceri
1284 4378 1417 4450 aliquem,
1434 4381 1500 4450 quia
1514 4376 1621 4443 orodes,
1638 4381 1760 4434 revelata

157 4467 185 4519 a,
196 4463 270 4517 enrris
285 4454 431 4517 armatura
448 4463 572 4517 tortium.
590 4484 602 4515 s
621 4464 696 4518 Mille
709 4462 798 4535 clypei
815 4465 918 4519 intelli·
960 4464 1038 4527 facie,
1050 4464 1168 4534 gloriam
1181 4467 1291 4520 Domini
1302 4467 1661 4540 contemplabuntur.Unde
1671 4475 1700 4523 et
1707 4470 1759 4523 Do-

157 4553 232 4609 thuim
241 4553 388 4608 innutnera
404 4551 572 4606 defensionis
584 4552 685 4605 dirime
700 4553 838 4622 praesidia,
860 4553 920 4624 qui·
961 4553 1054 4607 minus
1066 4571 1115 4623 per
1125 4552 1294 4625 Prophetam
1306 4557 1371 4610 dicit
1385 4574 1390 4608 :
1402 4558 1463 4612 Non
1472 4558 1582 4612 docebit
1595 4557 1759 4612 rirbatrem

158 4624 283 4711 lusanae
297 4640 418 4694 vallatur
433 4646 461 4694 et
475 4626 636 4693 defenditur
651 4638 782 4694 Ecclesia.
801 4641 919 4696 uOmnis
961 4658 1042 4695 suum
1058 4642 1164 4707 dicens,
1182 4645 1324 4714 Cognosce
1340 4646 1504 4711 Dominum,
1521 4642 1618 4699 onrires
1629 4646 1703 4701 enim
1716 4663 1760 4700 co·

158 4726 262 4782 “maura
288 4720 414 4792 fortium,
437 4747 447 4777 s
471 4727 499 4782 id
522 4734 565 4782 est
588 4727 734 4782 instructio
757 4729 799 4782 vel
815 4736 918 4784 sanctae
958 4721 1154 4800 gnoscentme
1170 4750 1187 4786 a
1203 4733 1318 4786 minimo
1334 4735 1472 4804 usquead
1491 4735 1653 4790 maximum.
1672 4757 1683 4784 ι
1702 4733 1757 4789 Va-

159 4813 347 4872 personisve}
362 4814 462 4870 divinae
482 4814 701 4886 praedicationis.
724 4815 756 4870 Et
771 4816 840 4870 bene
860 4816 918 4872 col·
959 4820 1024 4872 dam
1039 4817 1074 4872 ad
1089 4824 1212 4874 montem
1230 4823 1349 4893 myrrha
1362 4828 1390 4874 et
1405 4820 1440 4875 ad
1455 4823 1553 4875 collem
1569 4821 1673 4879 thuris.
1696 4846 1708 4875 s
1726 4825 1759 4878 ln

157 4886 917 4975 llpboetesiae,honest,predicatoresetdoctoresturri
960 4909 1084 4978 myrrha.
1114 4911 1206 4963 carnis
1233 4906 1420 4971 mortificatio,
1449 4910 1491 4963 rel
1516 4911 1678 4980 passionum
1707 4913 1756 4985 pro

157 4973 493 5064 baridcomparantur,quia
503 4993 699 5062 semperquasi
714 4992 742 5046 in
757 4992 829 5048 bello
840 5004 915 5060 sunt,
958 4997 1070 5052 Christo
1085 4998 1249 5053 tolerantia:
1260 4999 1287 5051 in
1301 4999 1636 5062 thurerero,sanctaruin
1652 5000 1758 5057 oralio-

158 5078 189 5131 itt
198 5075 341 5137 defensione
357 5093 460 5137 sancta
475 5082 604 5153 Ecclesiae
620 5090 787 5154 pugnantes.
958 5102 1024 5140 num
1038 5087 1148 5141 devotio
1164 5087 1307 5158 accipitur.
1331 5091 1407 5144 lions
1420 5105 1487 5159 ergo
1503 5088 1624 5160 myrrhae
1639 5097 1667 5145 et
1681 5090 1759 5147 collis

181 5164 344 5227 ¹Duoubera
367 5179 417 5226 tua
439 5173 514 5225 sicut
533 5158 589 5224 duo
616 5168 724 5241 hinnuli
746 5189 853 5242 coprem
866 5190 917 5244 ge·
958 5174 1049 5228 thuris
1076 5185 1183 5229 mentes
1207 5183 1368 5230 sanctorum
1393 5174 1468 5237 sunt.
1492 5180 1605 5235 excetsae
1630 5197 1680 5251 per
1691 5198 1758 5235 con·
1789 5168 1802 5177 ’

157 5247 214 5306 metti.
225 5276 235 5308 s
247 5260 304 5315 [luo
317 5247 405 5314 ubera
417 5260 544 5314 Ecclesia
555 5259 668 5313 eosdem
683 5259 841 5329 significant
854 5278 916 5315 san·
958 5251 1328 5333 templationem.Promittit
1337 5283 1530 5337 ergosponsus
1543 5286 1573 5322 se
1587 5269 1621 5322 ad
1634 5279 1758 5325 montem

156 5337 328 5403 deductores.
351 5350 409 5403 Nec
424 5349 525 5401 mirum
543 5349 616 5419 quod
631 5364 687 5401 una
702 5349 855 5419 eademque
874 5342 918 5404 res
960 5353 1081 5423 myrrha
1096 5357 1254 5416 venturum,
1273 5348 1302 5408 et
1323 5356 1358 5409 ad
1375 5355 1474 5410 collem
1493 5358 1593 5422 thuris,
1615 5359 1682 5430 quia
1695 5360 1758 5413 illas

155 5418 237 5497 liversis
254 5439 392 5509 liguratur
403 5424 601 5492 modis.Sancti
617 5437 691 5491 enim
707 5432 835 5492 dottores
845 5441 918 5493 ocuti
959 5449 1067 5494 mentes
1082 5456 1133 5494 sua
1149 5442 1306 5497 visitatione
1321 5444 1432 5498 visitare
1444 5438 1587 5515 dignatur,
1600 5463 1662 5518 quae
1672 5464 1758 5501 mem·

152 5526 204 5587 unt,
215 5526 274 5596 quie
287 5514 350 5582 vita
365 5526 422 5607 rias
435 5536 504 5599 quas
516 5525 626 5598 ingredi
640 5526 771 5593 debeant,
783 5527 918 5597 subjectis
958 5528 1009 5582 bra
1020 5543 1075 5607 sua
1097 5546 1162 5584 cum
1184 5531 1258 5586 vitiis
1282 5539 1311 5587 et
1325 5526 1559 5605 coiicupiscentiis
1574 5523 1756 5606 mortificant,
