3840 6098
155 265 209 322 399
384 264 574 320 HAYMONlS
590 263 833 319 llALBERSTAT.
850 264 962 319 EPlsc.
978 266 1058 322 OPP.
1076 268 1169 325 Pelas
1185 271 1207 325 l.
1225 300 1257 311 -
1272 269 1460 327 ΟΟΜΜΕΝΤ.
1475 268 1571 325 elan.
1743 269 1797 329 400

152 398 267 451 ttrmata
281 398 334 461 eat,
346 394 393 466 qui
409 409 442 447 ex
455 393 509 447 tide
520 393 596 448 filius
608 391 781 447 esthbrahoe
791 390 839 463 qui
851 395 894 445 est
903 393 1063 462 pauidum
1078 401 1121 449 est
1134 399 1228 449 autem
1253 400 1375 466 quatuor
1392 393 1512 449 existere
1527 409 1626 450 musas
1636 393 1683 465 (ut
1694 393 1798 449 beatus

154 491 199 540 ter
213 484 339 541 omnium
354 483 538 538 credentium.
993 481 1061 537 dicit
1069 482 1242 554 Ambrosius)
1254 499 1316 555 quae
1326 482 1449 537 reddunt
1460 481 1578 537 seminas
1589 481 1711 548 steriles,
1720 480 1799 537 vide·

189 574 268 631 Sicut
290 575 425 641 scriptam
446 576 494 636 ert,
511 571 540 625 in
554 570 616 640 lege
630 568 718 640 Moysi
735 587 742 624 ε
761 570 832 637 Onia
843 574 953 637 patrem
993 570 1058 625 licet
1070 577 1119 625 aut
1134 571 1206 642 quod
1222 588 1319 626 semen
1332 570 1412 626 virile
1430 584 1485 626 non
1507 569 1740 644 perveniturque
1758 568 1797 625 ad

154 665 312 718 mattarum
321 664 447 730 qentiam
455 663 537 730 posui
546 665 578 723 te,
590 659 748 713 antclteam
756 660 804 710 rat
812 657 955 712 credidisti
993 659 1085 715 locum
1096 661 1293 733 conceptionis,
1310 665 1360 716 aut
1375 659 1443 733 quia
1452 659 1555 715 mulier
1565 674 1623 714 non
1637 658 1711 714 valet
1726 656 1799 714 illud

154 749 371 821 (Gen-xvir).llic
381 747 707 820 percutiturtudaeomm
717 745 914 818 superbiaqqm
923 762 953 801 sa
994 748 1127 816 retinere,
1139 754 1189 804 aut
1198 748 1265 820 quia
1273 766 1330 805 non
1340 747 1425 804 habet
1434 748 1558 820 vigorem
1566 746 1706 820 coquendi
1715 746 1798 816 illud,

154 839 313 911 gloriantur
333 838 368 894 de
386 836 521 909 progenie
541 834 661 891 abraha
683 834 870 890 descendisse.
890 835 954 890 Nou
995 842 1046 892 aut
1060 837 1126 909 quia
1140 838 1222 893 ambo
1233 853 1315 894 senes
1328 838 1413 893 simul
1427 837 1598 893 conveniunt
1608 841 1637 892 et
1650 840 1799 893 senectute

156 928 231 984 enim
246 928 286 983 ait
300 946 306 981 :
321 928 434 982 Patrem
451 925 536 981 rrnius
545 924 808 997 gantislsraeliticae
823 923 955 979 constitui
994 934 1158 998 gravantur,
1174 928 1330 983 secandam
1352 928 1426 997 qnod
1441 927 1548 981 dictum
1560 930 1598 981 ert
1612 929 1639 980 ei
1654 945 1662 980 :
1678 925 1726 982 Sic
1742 927 1799 981 erit

151 1024 190 1085 te,
202 1017 251 1072 sed
266 1022 375 1089 patrem
386 1015 512 1070 omnium
526 1014 654 1086 gentium
666 1029 716 1085 per
726 1012 810 1068 fldem
822 1012 956 1068 constitui
995 1032 1086 1071 rernm
1097 1020 1269 1082 taramriam
1280 1017 1362 1070 statie
1371 1017 1431 1072 creti
1442 1020 1468 1070 et
1479 1031 1567 1071 arena
1577 1017 1675 1070 moris.
1693 1014 1799 1071 Semeu

151 1112 190 1165 te.
201 1105 256 1160 Per
266 1120 379 1161 carnem
390 1103 464 1159 enim
474 1101 726 1175 paterJudaeorum
738 1106 790 1167 est,
803 1118 853 1172 per
867 1101 953 1157 fidem
994 1103 1112 1160 Abrahae
1126 1105 1155 1159 in
1169 1105 1222 1159 hoc
1236 1104 1296 1159 loco
1312 1104 1483 1176 intelligitur
1496 1109 1555 1159 tam
1570 1102 1725 1159 mulh'tudo
1739 1101 1800 1159 Ju-

151 1199 246 1250 autem
262 1194 389 1249 omnium
399 1191 579 1264 gentium.Et
592 1196 668 1244 recte
680 1189 789 1244 addidit
800 1189 953 1261 Apostolus
993 1194 1129 1261 deorum,
1141 1209 1261 1264 quorum
1273 1198 1353 1266 pater
1360 1208 1411 1266 per
1420 1209 1534 1248 earnem
1544 1198 1587 1248 est
1596 1197 1624 1248 et
1637 1191 1797 1265 perfidem,

152 1299 186 1339 ex
197 1300 249 1338 sua
260 1281 494 1353 interpretatione
504 1299 510 1334 :
522 1280 692 1334 hnteDeum
702 1277 748 1333 cui
757 1276 910 1345 credidisti,
922 1277 951 1333 id
994 1293 1079 1354 quarn
1103 1283 1190 1337 etiam
1205 1282 1330 1337 omniurn
1351 1282 1479 1355 gentium
1494 1281 1657 1349 multitudo,
1673 1296 1799 1356 quorum

152 1376 196 1426 est
209 1388 304 1427 coram
318 1371 376 1426 Deo
398 1369 443 1425 cui
466 1368 610 1424 credidisti
624 1368 654 1423 in
669 1368 762 1424 corde.
779 1366 860 1422 Multi
875 1367 949 1422 enirn
992 1376 1073 1442 pater
1086 1371 1262 1426 solummodo
1279 1376 1323 1426 est
1335 1388 1386 1443 per
1405 1371 1499 1426 fidem.
1515 1370 1550 1425 Et
1563 1370 1671 1425 dictum
1685 1374 1732 1425 est
1744 1369 1800 1425 hoe

151 1465 219 1516 sunt
232 1461 281 1533 qui
292 1460 420 1515 videntur
430 1458 543 1513 credere
553 1457 582 1512 in
592 1457 692 1519 Deum,
703 1456 753 1510 sed
763 1471 819 1509 non
832 1455 951 1510 credunt
991 1459 1196 1532 hyperbolicos,
1206 1477 1257 1533 per
1266 1466 1379 1532 tropum
1390 1459 1495 1515 scilicet
1505 1458 1588 1515 fldem
1601 1459 1796 1515 excedentem.

151 1553 218 1604 ante
231 1549 332 1604 Deum.
348 1548 393 1605 llll
405 1553 501 1603 autern
515 1562 571 1601 non
583 1544 777 1599 creduntante
791 1544 890 1608 Deum,
903 1543 951 1617 qui
992 1548 1071 1603 Licet
1092 1548 1168 1603 enim
1188 1565 1244 1621 prae
1264 1548 1445 1604 multitudine
1467 1564 1524 1603 non
1546 1547 1635 1619 possit
1649 1547 1800 1605 numerari

152 1639 322 1693 confitentur
335 1654 365 1693 se
377 1636 492 1692 credere
502 1635 591 1690 Deum
603 1633 705 1697 verbis,
716 1632 765 1688 sed
775 1632 853 1688 aliud
868 1630 952 1688 corde
987 1630 1438 1705 'abhominibussemenhbrahoe‚
1449 1637 1506 1692 Deo
1512 1641 1609 1692 tamen
1619 1635 1800 1693 numerabile

151 1726 285 1782 retinent,
296 1727 340 1782 llli
350 1742 415 1781 vero
431 1731 497 1779 ante
509 1724 598 1779 Deum
613 1723 742 1789 eredunt,
756 1721 804 1792 qui
818 1726 879 1777 tota
889 1721 951 1775 ani·
992 1732 1044 1781 est.
1058 1727 1276 1799 Nomadumque
1290 1743 1341 1798 per
1356 1726 1452 1781 stellas
1467 1731 1496 1781 et
1508 1742 1624 1781 arenam
1638 1726 1799 1782 secundum

150 1831 207 1881 ma,
220 1821 281 1870 toto
292 1815 384 1880 corde,
395 1819 455 1870 tota
467 1813 569 1868 virtute
582 1810 663 1867 illum
674 1811 849 1882 diliguntur
861 1809 1142 1903 Abra-Bquemdam
1156 1815 1301 1871 doctorem
1315 1814 1528 1886 intelligendum
1545 1831 1607 1870 esse
1620 1813 1800 1887 generaliter

150 1905 226 1971 ham,
235 1910 265 1960 et
277 1905 325 1979 qui
339 1905 433 1977 potius
447 1902 477 1958 in
491 1902 618 1957 interiori
631 1901 745 1956 homine
757 1900 787 1955 in
800 1905 952 1973 conspectu
993 1920 1076 1959 omne
1086 1921 1184 1960 semen
1193 1904 1313 1961 Abrahae
1324 1904 1469 1959 credentes
1478 1902 1608 1959 videlieet
1619 1920 1652 1958 ex
1661 1902 1799 1974 gentibue

149 1994 202 2050 Dei
215 1995 300 2050 sidem
312 2000 424 2050 servant
437 2010 443 2046 :
457 2008 543 2064 quarn
550 1992 580 2046 in
589 1990 778 2046 ostentatione
787 1989 949 2044 hominum:
993 1997 1022 2046 et
1042 2009 1075 2048 ex
1097 1992 1213 2060 iudaeis,
1232 2009 1401 2064 omnemque
1421 1990 1567 2058 Israelem,
1583 1997 1611 2047 et
1637 1991 1800 2049 secundum

151 2082 225 2138 sicut
238 2090 281 2138 est
302 2082 394 2138 carnis
409 2080 582 2136 circumcisio
599 2098 605 2133 ι
622 2081 672 2148 qai
693 2080 813 2146 vicistmt
828 2083 951 2133 mortuos
992 2079 1080 2134 allum
1094 2097 1146 2152 per
1158 2080 1265 2145 stellas,
1283 2080 1388 2136 electos
1404 2080 1579 2136 solummodo
1595 2079 1799 2152 intelligendae

150 2187 202 2243 per
212 2171 298 2226 tidem
308 2178 337 2226 et
349 2170 472 2242 gratiam
486 2185 578 2231 suam,
591 2167 619 2222 id
634 2171 678 2222 est
686 2167 805 2239 gentiles
815 2171 844 2221 et
852 2182 951 2222 omnes
992 2185 1025 2223 ex
1038 2173 1159 2239 utroque
1170 2169 1287 2242 populo;
1301 2186 1353 2242 per
1366 2184 1482 2224 arenam
1496 2185 1561 2224 vero
1571 2184 1669 2224 ornnes
1682 2169 1799 2226 tadeo·

151 2257 200 2328 qui
219 2259 324 2313 mortui
345 2263 411 2312 sunt
424 2273 476 2329 per
497 2255 692 2311 infidelitatem
707 2256 738 2311 in
758 2255 888 2328 peccatis.
905 2256 951 2312 Sic
991 2256 1119 2312 infideles
1142 2264 1171 2313 et
1192 2258 1362 2326 incredulos,
1387 2258 1510 2331 pondere
1528 2263 1710 2330 peecatorum
1727 2274 1798 2330 gra·

152 2346 227 2402 enim
254 2346 322 2401 vivit
334 2347 429 2418 justus
443 2362 494 2418 per
508 2345 604 2411 tidem,
620 2345 662 2400 ita
683 2344 804 2400 moritur
821 2350 951 2416 peccator
991 2352 1080 2401 vatos.
1095 2346 1131 2401 Et
1150 2362 1208 2401 non
1229 2346 1457 2402 inconvenienter
1473 2363 1524 2419 per
1537 2347 1712 2419 stellasque
1725 2347 1797 2403 eoelo

149 2435 449 2508 perincredulitatem,
464 2435 504 2490 vel
517 2440 593 2490 certe
606 2434 676 2489 dixit
690 2434 950 2506 vivificatsubprae·
990 2434 1145 2501 adherent,
1178 2452 1287 2508 suaque
1308 2434 1436 2491 claritate
1458 2435 1597 2491 mundum
1618 2434 1796 2505 illuminant,

148 2525 223 2580 senti
247 2529 385 2597 tempore,
411 2541 462 2596 pro
493 2525 588 2579 tuturo
609 2523 767 2578 vivificabit.
790 2524 853 2595 lpse
873 2523 950 2579 euim
990 2524 1174 2595 designantur
1189 2525 1280 2588 electi,
1298 2525 1347 2597 qui
1368 2541 1479 2596 semper
1498 2523 1625 2580 coelestia
1642 2528 1796 2597 appetunt,

148 2613 297 2670 suscitabit
310 2614 367 2669 sive
382 2612 532 2668 vivificabit
544 2618 671 2667 mortum
686 2613 715 2667 in
730 2612 776 2667 dia
785 2611 895 2683 judicii,
909 2611 950 2666 si·
990 2612 1115 2668 dicentes
1129 2630 1193 2669 cum
1207 2613 1341 2686 Apostnlo
1353 2632 1361 2667 :
1375 2614 1478 2669 Nostro
1491 2615 1708 2672 conversatioin
1722 2616 1795 2671 catis

147 2708 196 2761 cut
217 2704 247 2759 in
262 2702 412 2775 Evangelio
426 2702 515 2760 dicit:
543 2704 631 2757 Veniet
647 2703 716 2756 bora
731 2703 843 2772 qnando
857 2717 949 2756 ornnes
991 2707 1029 2755 ert
1050 2703 1178 2772 [Phiiipp.
1202 2702 1256 2774 ιιι),
1278 2702 1472 2777 mundumque
1493 2700 1585 2758 verbis
1605 2707 1636 2758 et
1655 2702 1795 2776 exemplis

146 2793 198 2859 qni
211 2789 243 2843 in
256 2791 444 2843 monumentis
458 2791 534 2854 sunt,
545 2786 660 2842 audient
675 2803 764 2841 nocent
775 2788 843 2842 Fitr'i
856 2786 914 2853 dei,
925 2791 951 2842 ct
990 2789 1128 2845 irrideant
1146 2804 1153 2840 :
1170 2807 1221 2863 per
1233 2806 1349 2846 arenam
1365 2808 1429 2846 vero
1443 2807 1505 2863 quae
1524 2789 1684 2862 ponderosa
1705 2796 1751 2846 est
1764 2796 1794 2848 et

147 2881 301 2950 procedent,
318 2882 368 2949 qni
381 2881 451 2933 tona
464 2880 588 2946 fererant
604 2881 635 2931 in
647 2880 877 2932 resurrectionem
889 2880 951 2932 cita
991 2878 1105 2946 sterilis,
1124 2878 1246 2951 reprobi,
1264 2879 1311 2951 qui
1330 2879 1454 2951 pondere
1468 2884 1648 2951 peccatomm
1667 2879 1790 2952 gravati,

148 2970 238 3040 (toan.
257 2969 293 3038 v).
304 2970 338 3023 Et
350 2974 425 3023 vocat
436 2983 467 3022 ea
478 2984 537 3036 que
548 2983 603 3021 non
615 2971 692 3032 sunt,
703 2971 838 3036 tanquam
847 2983 879 3022 ca
890 2982 949 3036 qna
990 2966 1100 3021 steriles
1114 2967 1238 3022 existunt
1251 2984 1268 3022 a
1281 2967 1354 3023 bono
1369 2984 1463 3040 apere.

58 3058 62 3067 “
147 3058 302 3113 sant.Deus
311 3056 489 3129 omnipotens
499 3057 576 3110 solus
585 3055 978 3142 habetessentialiteressec
1024 3057 1058 3110 Et
1073 3056 1532 3125 noninfirmatnsestinfldc.llle
1548 3056 1713 3112 infirmatur
1724 3056 1791 3127 lide,

147 3145 235 3218 etqui
250 3143 586 3215 adhaerenteipertldem
600 3148 628 3197 et
643 3142 947 3210 dilectionemilliuti-
988 3143 1037 3216 qui
1064 3143 1185 3210 dubitat,
1209 3161 1261 3201 nec
1282 3144 1373 3201 credit
1396 3144 1630 3216 promissionibus
1652 3143 1717 3201 Dei.
1736 3144 1793 3202 Sed

147 3250 202 3306 que
216 3233 322 3290 habent
331 3249 392 3288 esse
402 3232 437 3287 ab
450 3232 510 3300 illo,
524 3237 553 3286 et
566 3231 607 3286 illi
620 3238 687 3289 sunt
700 3232 774 3286 siout
787 3232 847 3304 ipse
857 3232 944 3288 dixit:
986 3231 1130 3288 Abraham
1145 3233 1364 3301 audieusaDeo,
1371 3239 1482 3303 patrem
1494 3237 1653 3289 mattarum
1662 3237 1793 3303 qratiam

146 3323 201 3392 qu
216 3339 279 3377 ram
293 3323 364 3377 Dens
379 3320 531 3378 Aureliam,
546 3325 571 3375 et
585 3322 656 3376 llcnr
669 3321 756 3388 Isaac,
772 3327 797 3376 et
811 3321 881 3376 deur
895 3323 946 3376 ta·
985 3325 1067 3390 posui
1087 3327 1120 3385 tc,
1142 3328 1180 3392 et,
1195 3322 1354 3378 Secundum
1373 3323 1422 3377 hoe
1438 3327 1544 3391 tempas
1556 3325 1668 3378 veniam
1683 3325 1794 3393 eritque

78 3395 83 3405 ⁸
146 3412 192 3466 cob
205 3410 302 3485 (deod.
314 3410 507 3482 111).Econtra
516 3408 558 3465 illi
572 3408 620 3483 qui
634 3425 691 3464 non
701 3409 856 3474 adhaerent,
867 3425 946 3464 com·
985 3408 1062 3465 Sara
1083 3413 1160 3478 fitius
1174 3410 1262 3478 (dom.
1278 3410 1329 3482 rx).
1345 3410 1424 3467 Licet
1444 3416 1544 3466 contra
1564 3416 1674 3467 naturae
1703 3427 1790 3469 usum

145 3500 293 3573 paratione
303 3501 364 3571 ejus
373 3498 454 3573 quasi
463 3515 520 3554 non
530 3503 606 3553 sunt.
617 3499 697 3553 Unde
709 3498 797 3553 Isaies
808 3498 946 3570 propheta
986 3497 1128 3553 videretur
1142 3515 1203 3556 esse
1223 3501 1298 3572 quod
1311 3497 1539 3572 promittebatur,
1554 3514 1611 3555 non
1629 3504 1730 3556 tamen
1747 3506 1793 3558 eet

144 3589 227 3645 dixit:
238 3588 945 3659 Omnerqcntesquarinonsint,sterantcoramco‚ct
985 3586 1145 3643 infirmatus
1159 3589 1223 3653 tide,
1240 3589 1377 3661 quianon
1391 3588 1531 3645 dubitavit
1544 3588 1574 3644 in
1589 3588 1790 3661 promissione.

145 3678 386 3748 quarinihitamct
395 3676 842 3748 inancrepatataranteitlraun)
853 3676 946 3748 Igitur
985 3675 1063 3730 Nihil
1073 3676 1150 3731 enim
1160 3676 1230 3732 fides
1244 3677 1404 3732 considerat
1414 3682 1532 3744 natura,
1545 3677 1613 3749 quia
1626 3677 1656 3734 in
1670 3677 1718 3733 his
1728 3694 1792 3750 que

145 3765 301 3821 seeundum
314 3764 389 3818 hunc
403 3779 518 3817 sensum
528 3761 597 3817 dicit
605 3762 755 3834 Apostolus
765 3765 858 3818 modo.
871 3764 943 3835 Ergo
985 3764 1124 3836 promittit
1135 3766 1221 3833 Deus,
1232 3765 1314 3821 facile
1324 3766 1409 3820 servit
1423 3772 1525 3822 natura
1534 3782 1585 3822 suo
1600 3766 1721 3823 auctori.
1731 3769 1790 3823 Nee

144 3852 217 3910 sicut
228 3852 334 3908 vocavit
343 3851 486 3907 Abraham
497 3850 544 3922 qui
556 3856 627 3916 erat,
638 3851 704 3923 quia
714 3851 771 3906 Deo
784 3852 945 3908 adherebat
984 3853 1167 3907 consideravit
1180 3869 1278 3923 corpnr
1287 3871 1371 3909 sunm
1385 3860 1544 3909 emortuam
1554 3853 1590 3909 ad
1598 3853 1791 3925 procreandae

143 3958 194 4016 per
206 3942 301 4010 iidem,
311 3941 407 3996 dicens
419 3957 425 3992 z
439 3940 491 3994 Eri
504 3941 536 3994 cte
551 3944 627 3994 terra
639 3946 688 3994 tna
700 3946 724 3994 ct
735 3942 767 3996 dc
782 3945 943 4010 aequatione
986 3940 1071 4003 filios,
1084 3945 1215 4011 carrajam
1225 3945 1282 4010 [ere
1290 3948 1401 3998 eentum
1411 3948 1475 3998 erret
1485 3958 1640 4006 annornm,
1650 3944 1791 4015 quieseu-

144 4037 194 4087 tac
206 4031 280 4106 (Gen.
292 4033 354 4100 xxi),
370 4029 410 4085 sie
421 4033 502 4083 vocat
515 4045 548 4083 ea
563 4045 625 4099 qua
642 4045 699 4084 non
713 4036 790 4097 eunt,
802 4030 831 4084 id
845 4036 889 4086 est
902 4030 943 4086 sic
986 4028 1112 4084 tenarius
1126 4035 1197 4098 erat,
1213 4037 1238 4085 et
1250 4037 1406 4087 emortuam
1419 4033 1532 4086 aetram
1541 4031 1619 4088 Sara
1629 4047 1688 4088 non
1698 4032 1791 4091 masi·

143 4128 224 4178 vocat
233 4122 354 4194 gentiles
367 4120 494 4175 infideles
508 4118 544 4173 ad
555 4118 640 4173 tidem
654 4124 687 4174 ut
696 4119 819 4175 habeant
828 4135 890 4175 esse
900 4120 943 4175 illi
984 4118 1101 4179 deravit.
1115 4118 1265 4174 Emortuos
1278 4119 1347 4175 dicit
1361 4119 1504 4176 Abraham
1517 4124 1547 4175 et
1559 4122 1659 4178 saram
1674 4120 1707 4177 iu
1721 4137 1789 4195 pm-

143 4210 313 4268 adhaerendo
324 4229 330 4264 :
340 4209 480 4281 quiantea
489 4208 943 4275 nonerunt,illin0nadhaerendo.
986 4207 1122 4277 pagandis
1136 4208 1201 4262 siliis
1215 4213 1330 4281 propter
1343 4224 1483 4265 annorum
1501 4208 1716 4266 multitudinem
1726 4212 1789 4284 jam

180 4300 233 4367 Oui
247 4304 345 4353 contra
364 4313 438 4366 spem
451 4299 482 4350 in
497 4312 571 4365 spem
586 4297 712 4364 aedidit,
729 4304 760 4352 ut
774 4301 850 4366 fieret
865 4303 944 4367 pater
985 4293 1158 4366 desperatos.
1173 4296 1321 4352 Abraham
1334 4313 1457 4370 namque
1472 4297 1652 4355 centenarius
1669 4305 1744 4369 erat,
1759 4305 1790 4357 et

143 4383 943 4458 mattarnchntiumpersidem.Contraspemdesperatae
986 4383 1056 4439 Sara
1069 4386 1269 4456 nonagenaria,
1285 4387 1397 4459 quando
1409 4385 1540 4458 promisit
1552 4385 1638 4456 Deus,
1652 4387 1789 4461 inquiens

143 4474 258 4542 sobolis,
266 4472 386 4528 eredidit
398 4472 427 4526 in
437 4489 515 4546 spem
526 4471 673 4544 sperande
687 4474 799 4542 sobolis,
810 4476 853 4530 vel
867 4482 943 4531 certe
985 4487 1035 4543 par
1043 4473 1224 4545 Evangelium
1233 4475 1406 4531 :Secundum
1414 4475 1462 4530 troc
1468 4478 1725 4544 tempnsoeniamet
1733 4480 1790 4535 erit

142 4570 241 4620 contra
251 4579 332 4636 sporn
341 4567 450 4619 naturae
463 4561 493 4616 in
507 4577 587 4632 spem
596 4563 695 4633 gratia
707 4569 736 4618 et
746 4563 879 4635 potentiae
891 4564 942 4621 llei
982 4560 1059 4617 Sara
1087 4565 1174 4630 (ttius.
1191 4563 1416 4619 Emortuaenim
1431 4564 1588 4619 eracvulva
1602 4564 1680 4621 Sarae
1695 4580 1702 4615 ε
1719 4566 1789 4639 quie

141 4653 271 4710 credidit.
284 4654 388 4708 Contra
401 4668 480 4724 spem
496 4650 572 4706 enim
586 4658 696 4706 naturae
711 4659 782 4721 erat,
798 4658 831 4707 ut
848 4654 942 4711 vetula
981 4649 1041 4719 jam
1054 4657 1236 4722 praecesserat
1249 4657 1360 4724 tempus
1373 4653 1514 4725 pariendi,
1525 4654 1627 4726 etjam
1641 4653 1790 4711 desierant

140 4747 263 4816 pareret,
280 4759 342 4814 quae
365 4740 529 4796 adolescens
543 4742 572 4794 et
589 4739 741 4810 juvencula
757 4739 862 4795 sterilis
876 4757 942 4814 per·
982 4738 1045 4793 fleri
1054 4740 1130 4796 Sara
1140 4740 1297 4808 muliebria,
1304 4741 1332 4796 id
1344 4743 1454 4812 estjam
1470 4742 1593 4797 desierat
1606 4749 1789 4801 menstruum

142 4836 296 4887 manserat.
982 4827 1052 4898 pati,
1063 4827 1110 4883 ubi
1122 4829 1243 4886 maxime
1257 4830 1387 4886 consistit
1401 4831 1481 4904 vigor
1493 4832 1697 4905 conceptionis,
1710 4833 1788 4908 quod

176 4922 249 4976 Nam
272 4924 375 4975 namra
398 4922 450 4986 est,
472 4924 506 4973 ut
527 4916 639 4989 juvenis
650 4917 767 4987 junctus
784 4918 942 4988 juvencula
982 4915 1030 4972 ubi
1043 4918 1235 4974 cessaveritin
1248 4918 1370 4988 feminis,
1383 4920 1486 4976 transit
1499 4926 1611 4994 tempus
1625 4920 1788 4994 generandi

139 5013 267 5081 generet,
275 5006 406 5062 similiter
414 5007 619 5077 senexjunctus
632 5007 801 5077 juvenculae,
811 5009 942 5064 naturale
982 5005 1064 5063 tilios.
1077 5007 1132 5062 Sed
1146 5007 1290 5064 Abraham
1304 5025 1361 5064 nou
1377 5009 1500 5065 attendit
1512 5009 1549 5065 ad
1562 5014 1673 5067 nature
1686 5028 1785 5083 usum,

140 5106 185 5153 est
198 5103 230 5152 ut
241 5101 367 5168 generet,
380 5095 453 5150 sicut
461 5094 605 5150 Abraham
618 5111 704 5150 senex
718 5101 746 5150 et
758 5098 834 5167 Agar
842 5098 940 5167 juven·
981 5096 1031 5152 aad
1044 5097 1080 5153 ad
1094 5095 1145 5153 Dei
1153 5100 1321 5171 potentiam,
1334 5099 1465 5156 credulus
1474 5100 1537 5172 ejus
1546 5099 1787 5173 promissionibus

139 5186 212 5255 cula,
225 5203 258 5242 ex
272 5184 375 5258 quibus
386 5189 469 5239 natue
483 5189 527 5237 est
536 5184 647 5238 lamuel.
662 5184 769 5240 (tantm
781 5200 861 5256 sporn
874 5202 939 5240 vero
980 5185 1055 5241 unde
1066 5187 1204 5260 sequitur.

136 5280 245 5331 naturae
255 5279 308 5340 est,
322 5277 355 5327 ut
364 5286 447 5326 senex
459 5286 523 5325 curn
536 5270 629 5327 vetula
637 5271 739 5327 mistus
747 5278 872 5344 generet.
883 5274 937 5330 Sed
1014 5276 1048 5330 In
1070 5276 1288 5348 repromissione
1309 5277 1395 5334 etiam
1409 5276 1460 5334 Dei
1474 5293 1532 5334 non
1546 5276 1687 5335 hesitavit
1704 5278 1783 5337 ditu-

135 5362 343 5420 Abrahamnon
353 5358 474 5415 attendit
483 5358 757 5415 adconsuetudinem
764 5362 934 5432 naturalem,
978 5363 1083 5433 dantia,
1095 5366 1146 5421 sed
1158 5367 1334 5422 confortatus
1346 5371 1392 5421 est
1402 5367 1469 5437 ilde,
1483 5367 1556 5423 dans
1567 5367 1692 5440 gloriam
1702 5368 1778 5429 Deo.

136 5454 211 5527 quod
226 5468 283 5508 non
295 5456 392 5525 posset
400 5466 433 5505 ex
446 5466 477 5504 se
487 5454 516 5504 et
526 5449 596 5504 Sara
607 5449 667 5519 jem
678 5449 778 5506 vetulis
787 5450 863 5506 lilius
872 5468 936 5523 pro-
976 5451 1011 5508 In
1027 5454 1244 5526 repromissione
1256 5454 1304 5512 Dei
1315 5453 1361 5525 (de
1372 5471 1428 5527 qua
1437 5471 1523 5529 supra
1532 5456 1661 5528 diximus)
1671 5457 1733 5514 sive
1743 5457 1782 5515 de

135 5543 236 5611 creari,
247 5541 297 5598 sed
311 5541 342 5596 in
351 5556 430 5613 apem
444 5538 577 5611 potentie
587 5538 639 5593 Dei
652 5539 780 5607 credidit,
796 5540 864 5613 quia
876 5557 935 5595 orn-
975 5543 1066 5614 isaac,
1079 5560 1130 5599 seu
1144 5543 1180 5599 de
1194 5543 1316 5609 Christo,
1326 5559 1384 5599 non
1392 5543 1531 5600 haesitavit
1540 5545 1709 5615 diffidentia,
1719 5547 1783 5608 eive

131 5633 308 5708 tripotentem
321 5634 439 5687 noverat
450 5645 515 5686 eum
529 5628 577 5705 qui
591 5628 728 5707 promisit.
744 5629 933 5688 consideran-
974 5647 1031 5690 non
1040 5631 1180 5689 dubitavit
1192 5632 1399 5704 incredulitate,
1410 5634 1461 5691 sed
1472 5632 1647 5693 contemtus
1659 5642 1706 5695 eet
1720 5637 1781 5697 ude
