3818 6104
127 253 178 312 871
372 250 562 307 HAYMONIS
578 250 822 306 HALBERSTAT.
840 246 954 304 EPISG.
969 247 1049 303 OPP.
1064 247 1183 304 PARS!
1197 276 1230 289 -
1245 245 1433 307 ΟΟΜΜΕΝΤ.
1448 248 1542 306 BIBL.
1716 246 1762 307 etl

128 385 216 437 nunti
229 397 343 450 sponsor
361 381 418 435 sive
434 378 587 451 promissor
607 378 697 444 sactus
720 382 756 431 est
778 379 865 439 lesus.
878 374 1083 444 sci-Apeccato
1093 378 1187 433 natus.
1203 377 1232 428 et
1245 375 1306 429 sine
1320 381 1435 447 peccato
1448 377 1549 432 abhoc
1563 377 1762 432 mundotram·

129 471 195 525 licet
208 470 385 541 inquantum
400 484 463 522 cum
475 466 659 537 jurejurando
669 466 719 520 Dei
730 465 821 520 Petris
843 479 927 518 suurn
968 461 1163 534 ivrt,quoniam
1180 468 1321 532 peccatum
1331 479 1387 519 non
1400 467 1475 533 serit,
1494 482 1543 520 nec
1555 466 1638 520 dolus
1646 468 1762 519 inventus

129 558 316 614 sacerdotium
326 557 449 612 tenct.ln
459 561 595 626 quantum
607 554 799 609 sacerdotium
811 552 927 610 christi,
969 556 1009 604 est
1023 553 1054 604 in
1068 566 1114 604 orc
1138 554 1207 618 rjus.
1231 552 1328 605 Factus
1352 558 1446 607 eutem
1474 560 1514 609 est
1537 557 1672 609 excelsior
1692 557 1762 620 culis,

131 648 205 720 quod
226 649 387 718 juramento
410 645 460 698 Dei
484 649 527 697 cst
553 643 702 705 sancitum.
719 659 769 696 sua
793 641 930 712 dignitate
972 639 1085 709 quaudo
1100 639 1317 710 quadragesima
1330 641 1563 698 dieadmirandae
1580 659 1640 697 suae
1653 658 1763 696 resurre·

133 737 268 808 praecellit
282 734 467 789 sacerdotium
485 731 553 800 legis
567 732 679 799 veteris,
694 731 723 784 in
734 736 844 785 mutum
858 746 929 800 prae·
972 728 1073 783 ctionis
1088 744 1172 799 super
1181 745 1279 783 omnes
1290 730 1383 789 culos,
1402 736 1431 786 et
1450 748 1536 803 super
1550 748 1652 786 omnes
1666 731 1763 786 ordina

134 825 210 878 cellit
222 824 307 877 etiam
317 824 410 892 gratia
424 818 568 887 Evangelii
583 820 673 890 legem
688 819 788 890 Moysi.
973 816 1127 870 coelestium
1139 816 1290 887 spirituum
1306 818 1430 873 elevatus
1441 824 1485 874 est
1499 820 1535 875 ad
1546 836 1714 874 concessum
1728 837 1763 890 ps·

167 912 384 978 Elaliiquirlem
395 911 489 976 plurm
505 910 574 973 loeti
587 913 653 961 sunl
668 909 933 972 sucerdotcs‚i'dcirco
974 908 1062 957 ternae
1073 904 1238 974 majestatis,
1254 903 1301 959 ubi
1313 906 1390 961 sedet
1405 923 1480 962 nunc
1495 908 1524 962 in
1536 907 1715 980 plenitudiue
1727 907 1763 962 bo

134 995 935 1067 quodirrorlcprolribereolurpermonere,ln'cuutern‚idest
976 991 1052 1046 noris
1066 998 1096 1046 et
1115 992 1222 1062 gloriae.
1237 993 1334 1048 Potest
1346 1000 1375 1050 et
1401 996 1442 1050 ita
1458 995 1585 1067 intelligi
1600 995 1677 1068 quod
1689 995 1760 1050 dieu:

134 1087 263 1142 Christus
279 1087 324 1141 cui
340 1087 423 1140 Pater
433 1084 776 1154 dixitcumjurejurando.
792 1084 834 1138 Tu
848 1101 877 1137 es
889 1099 935 1136 sa·
980 1082 1052 1134 Talis
1063 1082 1170 1134 decebat
1184 1086 1215 1133 ut
1231 1083 1308 1136 nobis
1326 1089 1391 1137 esset
1401 1087 1537 1153 pontifex,
1554 1085 1639 1156 quasi
1654 1085 1762 1140 diceret:

136 1175 234 1229 cerdos
245 1175 275 1230 in
285 1181 465 1236 aeternumco
477 1174 548 1241 quod
558 1177 669 1226 moreest
680 1175 712 1226 in
721 1178 937 1236 aternumscm·
977 1169 991 1223 J
995 1168 1065 1223 udaei
1082 1169 1237 1223 velutservi
1251 1170 1440 1240 pertimerem
1456 1173 1527 1244 legis
1542 1172 1602 1228 Deo
1615 1173 1762 1239 servientes,

131 1268 277 1333 piternum
301 1265 380 1316 liutet
404 1262 599 1316 sacerdotium.
615 1261 690 1315 Duas
705 1261 784 1331 ponit
800 1260 845 1314 hic
858 1260 936 1313 dille-
977 1257 1080 1327 legales
1094 1257 1468 1327 pontificeshabuerunt,sibi
1483 1278 1637 1316 conservos
1648 1262 1763 1316 mortales

134 1352 252 1420 renuas,
264 1352 364 1405 beatus
377 1350 537 1422 Apostolus,
554 1349 621 1420 quia
633 1349 764 1403 sacerdos
776 1355 937 1403 nosternon
978 1362 1010 1399 ec
1029 1346 1607 1419 peccatores,quiprosemetipsissimiliter
1616 1348 1763 1421 indigebant

135 1440 221 1494 habet
235 1441 320 1495 finem
340 1439 413 1493 sicul
431 1437 561 1492 sacerdos
575 1438 655 1507 legis,
671 1437 774 1506 etquiu
787 1453 849 1491 cum
863 1438 939 1506 jure·
980 1433 1089 1499 offerre,
1106 1451 1157 1489 nos
1173 1442 1267 1490 eutem
1280 1436 1381 1507 quibus
1395 1432 1576 1493 dictumest:
1588 1441 1654 1493 lom
1670 1455 1721 1492 non
1731 1441 1762 1493 di·

134 1528 257 1598 jurando
276 1544 360 1582 suum
389 1526 575 1579 sacerdotium
596 1541 776 1596 possessurus
797 1532 849 1579 est.
865 1523 938 1588 Quia
978 1538 1039 1576 curn
1052 1539 1096 1576 ros
1111 1539 1210 1591 seruos,
1224 1527 1269 1579 sed
1291 1528 1394 1579 amieos
1408 1542 1479 1581 meos
1493 1529 1585 1590 (loun.
1604 1542 1640 1581 xv
1661 1532 1706 1592 ‚et
1725 1527 1762 1598 qui

139 1617 213 1671 enim
228 1616 387 1670 sacerdotes
402 1614 471 1684 legis
492 1613 624 1668 mortales
648 1619 738 1680 erunt,
755 1614 849 1683 plures
871 1612 937 1667 lacti
979 1611 1029 1664 ulii
1043 1609 1093 1665 Dei
1107 1628 1205 1667 sumus
1219 1613 1366 1670 serviendo
1377 1614 1420 1668 illi
1434 1631 1531 1670 amore
1541 1599 1763 1681 filiatiortis‚deeet

138 1712 206 1760 sunt
222 1704 381 1758 sacerdotes
396 1704 425 1756 in
451 1703 513 1773 ipsa
539 1703 610 1772 lege.
625 1701 697 1756 sicut
717 1703 811 1756 Aaron
840 1708 869 1756 et
887 1683 1010 1755 nliiBut
1033 1698 1187 1755 habeamus
1204 1706 1361 1770 pontificem
1381 1706 1583 1765 immortalem.
1611 1711 1763 1773 segregatum

140 1794 210 1863 ejus,
228 1791 332 1846 idcirco
352 1791 426 1862 quod
449 1794 540 1845 morte
563 1790 697 1860 praeventi
722 1789 939 1861 prohiberentur
979 1789 1347 1860 apecratoriomsequitm:
1364 1795 1417 1861 Qui
1430 1811 1487 1849 non
1506 1795 1587 1848 lrabel
1602 1794 1763 1863 quotidiano·

55 1873 62 1882 ‘
139 1877 940 1953 permanereinsacerdotio.Mortuisenimpatribussuc·
980 1878 1375 1945 cessitatemquemodmodum
1386 1885 1535 1937 sacedotes
1550 1885 1628 1951 lcqs's,
1635 1884 1713 1952 prius
1724 1895 1764 1950 pm

140 1968 278 2025 cedebant
290 1968 339 2022 lilii
355 1968 487 2022 inlocum
503 1967 642 2038 ipsorum;
659 1968 839 2022 lesusautem
852 1968 938 2033 solus,
982 1968 1040 2018 suis
1054 1965 1159 2018 delictis
1175 1966 1279 2020 hostius
1293 1971 1398 2035 offerre,
1412 1971 1509 2025 deinde
1526 1987 1580 2040 pro
1598 1972 1706 2040 populi.
1723 1969 1766 2024 llot

142 2059 209 2131 quia
224 2057 392 2112 immortalis
415 2061 468 2124 est,
487 2056 690 2127 sempiternum
713 2055 799 2111 habet
818 2056 943 2111 sacerdo-
983 2056 1057 2108 enon
1070 2053 1134 2120 [ecit
1148 2058 1358 2124 semelseipsum
1378 2061 1511 2125 offerendo
1526 2059 1667 2114 Dominus
1689 2063 1767 2113 noster

141 2149 224 2214 tium,
240 2146 390 2200 necullum
410 2144 515 2199 habere
538 2145 642 2215 poterit
661 2145 890 2216 subsequentem,
909 2161 943 2199 eo
983 2144 1065 2197 lesus
1079 2142 1217 2196 Christus.
1237 2143 1310 2207 Quid
1333 2145 1418 2200 tecit?
1437 2147 1541 2218 Utique
1565 2146 1768 2203 obtulitsaoil·

144 2236 219 2309 quod
233 2236 293 2306 ipse
305 2239 419 2288 maneat
436 2233 466 2287 in
485 2237 632 2288 oeternum.
647 2234 799 2304 Sequitur:
824 2235 897 2289 Unde
919 2240 944 2288 el
985 2231 1058 2285 cium
1067 2246 1122 2284 non
1132 2247 1181 2301 pro
1192 2231 1250 2285 suis
1263 2233 1380 2299 delictis,
1398 2235 1445 2288 sed
1457 2252 1508 2306 pro
1527 2235 1644 2302 nostris,
1655 2240 1684 2288 et
1695 2231 1768 2288 murel

144 2329 252 2380 sulcare
261 2327 291 2377 in
295 2328 459 2392 perpetuum
464 2327 547 2391 polest
557 2323 710 2376 accedentes
714 2326 946 2391 persemetipsum
987 2319 1040 2372 hoc
1049 2318 1114 2372 lecit
1123 2334 1179 2372 non
1190 2320 1321 2391 amplius,
1334 2321 1400 2392 quie
1409 2326 1491 2377 senml
1501 2329 1686 2392 inorluuspro
1692 2336 1770 2391 peuce

145 2415 283 2476 collisum,
296 2413 498 2479 seniperoiuens
506 2412 543 2463 ad
552 2412 789 2478 interpellandum
796 2427 847 2480 pro
857 2413 945 2473 nebim
988 2411 1218 2476 tumultuatum
1234 2426 1291 2463 iton
1314 2414 1445 2471 moritur,
1461 2428 1536 2467 inore
1560 2416 1609 2467 illi
1631 2415 1706 2465 ultro
1723 2424 1770 2464 noa

148 2500 234 2564 unde,
254 2499 356 2570 inquit,
372 2499 438 2569 quia
461 2498 590 2553 Christus
601 2497 629 2552 in
645 2505 781 2553 aternum
798 2503 902 2563 rosnat,
919 2502 948 2553 et
987 2497 1182 2550 dominabitur
1204 2500 1288 2566 (horn.
1299 2513 1334 2565 v1,
1347 2496 1382 2569 9).
1403 2500 1631 2570 Magnitudinem
1657 2496 1771 2554 sacrificii

146 2586 441 2659 sempiternumhubet
454 2586 650 2652 sacerdotium,
665 2603 776 2658 semper
786 2587 949 2658 interpellat
989 2584 1094 2639 Christi
1109 2584 1154 2639 hic
1171 2586 1302 2647 ostendit.
1315 2588 1387 2658 quod
1404 2589 1492 2642 semel
1515 2589 1653 2654 oblatum,
1673 2591 1772 2642 nulum

147 2691 198 2746 pro
215 2674 295 2730 nobis
312 2690 480 2745 semperque
495 2679 587 2745 potest
600 2673 798 2738 salvareQuia
813 2690 877 2728 vero
888 2674 946 2745 qui·
987 2673 1141 2744 praevaluit,
1157 2680 1295 2744 quantum
1309 2675 1551 2731 omniasacriiicia
1563 2676 1668 2748 legalia
1675 2688 1774 2730 uonra·

150 2763 216 2816 dam
229 2762 339 2816 codices
354 2759 469 2828 habent,
484 2761 618 2815 accedeus
642 2778 692 2832 per
715 2762 897 2833 semetipsum
911 2761 947 2816 ad
988 2762 1111 2816 luerunt.
1127 2763 1219 2817 Unum
1232 2762 1307 2817 enim
1323 2764 1513 2829 luit,etsemel
1523 2762 1773 2832 oblatumetsuffi·

151 2851 252 2918 Deum,
279 2849 394 2921 quidam
419 2866 484 2903 vero
501 2849 604 2920 plurali
629 2866 746 2905 nurnero
772 2851 946 2917 accedentes,
988 2851 1026 2904 cit
1040 2850 1069 2904 in
1083 2850 1285 2921 sempiternum
1298 2852 1333 2908 ad
1344 2853 1470 2907 tollenda
1481 2855 1577 2909 omnia
1597 2860 1711 2926 peccata
1723 2868 1774 2907 cre·

148 2945 301 3011 utrumque
322 2937 409 3008 recipi
423 2943 526 3009 potest.
543 2938 671 2993 Christus
685 2956 751 3010 ergo
761 2939 883 3011 pontifex
896 2955 947 2994 no-
956 2987 980 3051 Ο
990 2936 1127 2991 dentium.
1142 2937 1306 2992 Pontificem
1321 2945 1416 2993 autem
1435 2941 1449 2994 J
1454 2941 1599 2995 udaeorum
1628 2946 1776 3013 peccatum

150 3034 286 3089 stennon
301 3027 450 3098 paralium
465 3027 625 3096 pontificem
642 3029 775 3095 majorem
792 3045 821 3081 se
840 3028 948 3082 accedit
989 3031 1123 3093 orantei
1142 3025 1204 3079 ideo
1219 3043 1332 3082 necesse
1347 3026 1487 3082 habebant
1517 3047 1568 3099 pro
1597 3030 1657 3084 suis
1681 3027 1776 3084 delictit

151 3116 187 3170 ad
203 3116 291 3171 Deum
301 3116 427 3183 Patrem,
439 3115 487 3168 sed
501 3131 551 3186 per
565 3116 758 3186 semetipsum.
771 3117 890 3188 ideoque
899 3133 950 3186 po-
991 3114 1098 3167 bostias
1111 3114 1253 3176 ollerre,et
1272 3115 1335 3170 ideo
1346 3117 1482 3170 sacrificia
1494 3117 1543 3171 illa
1556 3115 1777 3188 homiuemjusti·

149 3209 207 3262 test
222 3206 331 3261 salvare
348 3205 378 3259 in
399 3221 429 3258 so
444 3205 600 3258 credentes.
618 3205 714 3259 Potest
729 3210 757 3259 et
777 3205 817 3258 ite
830 3203 951 3277 intelligi
991 3204 1075 3257 ficare
1087 3219 1143 3257 non
1158 3209 1297 3274 poterant,
1310 3204 1376 3276 quia
1388 3206 1589 3260 inconveniens
1604 3213 1676 3275 erat,
1691 3211 1722 3261 ut
1735 3219 1776 3276 pro

150 3295 224 3367 quod
240 3295 317 3358 dicit,
337 3293 444 3347 salvare
461 3293 667 3363 inperpetuum
681 3299 773 3363 potest
786 3294 951 3349 accedentes
992 3291 1106 3346 homine
1120 3292 1252 3346 rationali
1266 3290 1776 3358 irrationaleanimalofferreturilut·

151 3400 202 3455 per
227 3382 409 3453 semetipsum
430 3381 464 3434 ad
481 3381 579 3434 Deum·
594 3380 652 3435 Nos
679 3382 726 3451 qui
748 3382 810 3452 puri
824 3383 952 3438 homines
994 3379 1108 3433 rebatur
1116 3379 1238 3450 pontifex
1248 3381 1437 3452 sinepeccato‚
1452 3387 1481 3437 et
1498 3382 1595 3438 hostia
1605 3382 1774 3447 rationabilis,

151 3488 259 3533 sumus,
272 3470 411 3542 perillum
427 3468 584 3522 accedimus
597 3470 632 3523 ad
648 3470 736 3523 Deum
750 3469 871 3534 Patrem,
886 3472 953 3541 quia
993 3484 1044 3521 nec
1067 3468 1282 3523 inveniebatur:
1306 3470 1434 3525 inventus
1455 3476 1498 3526 est
1523 3477 1621 3527 autem
1640 3489 1712 3528 uuus
1726 3470 1776 3526 sine

151 3561 290 3616 Mediator
304 3564 400 3613 noster
415 3558 535 3612 existens
545 3557 654 3612 assistit
667 3558 756 3612 vultui
771 3559 821 3613 Dei
834 3572 884 3630 pro
898 3576 951 3614 no·
993 3563 1106 3627 peceato
1122 3558 1197 3611 Deus
1210 3563 1239 3611 et
1252 3558 1376 3614 homost
1383 3558 1486 3614 obtulit
1495 3558 1776 3632 seipsumratiouabib

151 3647 204 3706 bis.
221 3649 345 3717 dirigens
360 3663 410 3718 per
423 3645 502 3699 illum
517 3663 613 3717 preces
626 3652 737 3701 nostras
751 3648 786 3701 ad
797 3648 885 3702 Deum
900 3648 952 3703 Pa·
992 3645 1158 3699 sacrificium
1179 3661 1229 3716 pro
1249 3647 1340 3701 salute
1353 3647 1475 3702 hominis
1489 3650 1648 3706 rationalis.
1659 3651 1775 3706 leaenis

153 3745 237 3792 trem.
253 3736 332 3791 Unde
348 3742 376 3789 et
391 3734 550 3789 sacerdotes
574 3720 703 3789 Ecclesia
718 3736 801 3790 altari
820 3737 952 3792 assisten·
993 3735 1115 3787 horrtincs
1132 3738 1274 3788 constituit
1288 3738 1435 3791 sacerdotes
1445 3741 1770 3805 infirmitulemhubealot.

153 3832 197 3881 tes
212 3826 328 3878 dieunt:
345 3824 470 3893 suscipe,
486 3822 615 3885 Domine,
632 3830 727 3878 sancte
748 3826 839 3889 Pater,
856 3842 952 3896 preces
993 3823 1068 3877 Dicit
1080 3823 1155 3877 enim
1181 3824 1317 3879 Dominus
1340 3825 1376 3880 ad
1399 3827 1514 3898 Moysen
1530 3828 1560 3883 in
1592 3830 1671 3902 lege:
1696 3829 1773 3899 Dm

153 3912 249 3985 populi
261 3911 302 3966 tui
313 3928 364 3982 per
376 3911 525 3966 Dominum
547 3918 675 3966 nostrum
689 3913 786 3967 lesum
810 3913 953 3968 Christum
994 3912 1287 3984 Aaronetliliosejus
1303 3914 1371 3968 mihi
1399 3915 1428 3969 in
1441 3917 1603 3973 sacerdotes
1616 3919 1770 3985 (dacem.

153 4001 256 4057 Filium
272 4007 363 4055 tuum.
380 4000 415 4054 Et
429 4017 494 4071 quia
503 4016 609 4069 sornper
622 4005 699 4066 evivit,
712 4017 817 4069 semper
826 4004 954 4070 interpel-
996 3997 1039 4066 30)
1052 4018 1059 4063 ;
1080 4001 1129 4054 sed
1140 4001 1206 4071 quia
1219 4001 1260 4055 illi
1276 4001 1536 4069 infirmitatem‚hoc
1550 4013 1606 4072 est,
1620 4012 1727 4079 peccata
1736 4005 1771 4059 lu·

160 4093 221 4144 lem
237 4105 287 4161 pro
302 4089 394 4146 nobis.
421 4089 475 4143 Alii
502 4106 566 4143 vero
594 4090 740 4160 pontifices
752 4091 799 4160 qui
814 4107 870 4145 non
885 4106 957 4144 sem·
995 4086 1099 4142 hebent
1112 4089 1213 4160 quibus
1227 4090 1424 4146 infirmabatur
1436 4093 1550 4150 illorum
1560 4096 1666 4161 anima,
1680 4108 1769 4150 neem

156 4194 206 4248 per
220 4183 312 4241 crunt,
330 4193 386 4230 non
402 4192 513 4246 semper
528 4177 723 4247 interpellant;
737 4179 899 4249 interpellat
908 4194 956 4232 au·
995 4175 1137 4231 habebant
1149 4182 1183 4231 ut
1197 4194 1246 4246 pro
1260 4180 1366 4250 populi,
1385 4180 1426 4235 ita
1444 4181 1531 4236 etiam
1545 4200 1597 4254 pro
1611 4185 1670 4239 suis
1682 4180 1766 4238 uelim

155 4269 213 4317 tem
224 4280 275 4333 pro
291 4263 426 4331 nobisper
438 4262 491 4316 hoo
505 4264 580 4333 quod
591 4270 721 4318 naturam
738 4266 893 4337 assumpsit
904 4265 1101 4358 bu·Dhosties
1111 4266 1251 4320 offerrent.
1271 4265 1329 4322 Istc
1346 4273 1442 4322 autem
1458 4278 1516 4324 tarn
1528 4278 1630 4342 potens
1644 4278 1766 4334 estutuot

156 4364 369 4418 menumquam
381 4348 494 4402 assidue
505 4350 628 4403 ostendit
642 4352 730 4405 vultui
745 4353 794 4407 Dei
804 4371 854 4423 pro
863 4353 953 4420 nobis,
995 4353 1135 4424 indigeret
1144 4371 1194 4425 pro
1205 4371 1235 4409 se
1255 4357 1365 4421 offerre,
1390 4359 1439 4413 sed
1462 4358 1580 4431 insuper
1592 4362 1678 4416 semel
1698 4359 1764 4415 oblato

157 4441 189 4491 ul
204 4436 533 4490 misereatursecundum
546 4439 956 4508 utramquesubstantiam.l'e·
996 4459 1053 4496 suae
1069 4443 1162 4496 carnis
1170 4440 1444 4509 sacrificio‚omnium
1451 4447 1537 4502 saluti
1545 4449 1764 4504 sutticeretSernl

159 4527 274 4579 lisenim
285 4525 389 4577 dicebat
400 4527 431 4576 ul
443 4524 518 4577 nobis
527 4530 590 4577 esset
608 4527 862 4595 pertranseamus,
877 4533 957 4584 lnoo·
996 4533 1504 4603 autemjmisjurondi.qulpostleuem
1514 4539 1763 4599 misiliminum

157 4630 228 4678 ceris,
245 4614 606 4681 impollutusseyrcpaluse
619 4615 815 4680 peccatoribus,
830 4621 853 4669 cl
869 4621 955 4672 carel·
997 4636 1067 4673 nuru
1081 4621 1242 4687 perfectum,
1262 4621 1396 4676 subaudis
1408 4624 1541 4691 ostendit,
1562 4627 1621 4682 sire
1642 4623 1762 4699 perlecta!

157 4707 216 4757 sior
228 4704 300 4757 cells
310 4701 411 4768 foetus.
424 4700 487 4754 Non
502 4716 615 4754 eramus
629 4701 956 4772 digninecpromereba-
998 4708 1145 4762 constituit
1156 4709 1328 4764 sacerdotem
1344 4727 1400 4765 non
1414 4711 1582 4769 infirmitate
1594 4709 1761 4787 gravamus·

159 4791 318 4846 mortalem
328 4789 431 4844 hebere
448 4789 668 4860 pontioccmsed
680 4806 792 4844 necessu
802 4797 863 4845 erat
878 4792 957 4848 nobis
998 4801 1045 4849 eut
1054 4797 1097 4849 lex
1108 4797 1255 4851 constituit
1264 4814 1339 4853 suos.
1352 4800 1419 4854 Post
1428 4801 1519 4871 legem
1537 4802 1629 4859 faetus
1642 4810 1683 4858 est
1695 4810 1759 4857 senat

159 4885 191 4933 ut
203 4881 288 4933 telem
303 4879 470 4934 haberemus
483 4878 703 4949 pontificemqui
718 4884 791 4933 esset
805 4881 956 4937 sunctusin
997 4885 1047 4939 Dei
1063 4886 1154 4939 Patris
1179 4886 1213 4940 ad
1234 4887 1320 4941 David
1339 4889 1374 4943 de
1394 4889 1505 4944 Christo
1529 4909 1594 4947 cum
1610 4885 1760 4963 jurejurandi

159 4965 286 5020 interiori
296 4967 409 5021 homine
424 4969 559 5022 innocens
579 4966 888 5038 munibus.impollutus
898 4987 956 5024 cor·
998 4973 1044 5027 ubi
1059 4973 1162 5028 dicitur
1173 4975 1296 5030 :iuravit
1306 4977 1441 5032 Dominus
1451 4985 1480 5032 et
1494 4996 1550 5034 non
1561 4981 1757 5052 penitentum.

160 5067 237 5121 pore,
249 5060 412 5122 segregatus
427 5072 443 5108 a
458 5055 691 5126 peccatoribuS‚id
706 5061 749 5109 est
760 5055 795 5109 ab
806 5058 881 5110 omni
892 5075 956 5128 pec·
997 5067 1061 5126 etc,
1073 5063 1207 5134 ponithic
1216 5064 1337 5135 amplius
1348 5066 1410 5119 Filii
1423 5075 1528 5122 nomen·
1542 5069 1577 5122 ad
1588 5069 1758 5124 distinctionem
1808 5062 1810 5073 '

53 5214 59 5225 Ι
160 5143 223 5193 cato
236 5139 370 5194 immunis
382 5144 665 5198 staconversatione
682 5149 860 5214 peccatorum
878 5162 956 5216 sepa·
997 5167 1139 5205 servorum
1156 5152 1203 5222 qui
1218 5153 1332 5208 fuerunt
1344 5153 1373 5208 in
1389 5154 1510 5227 lege‚qui
1530 5158 1603 5212 servi
1619 5152 1757 5213 infirmitu-
1808 5206 1810 5211 .

159 5232 247 5281 ratus.
264 5226 296 5279 ln
310 5227 362 5279 hoc
376 5229 450 5281 enim
473 5230 525 5284 luit
545 5238 692 5301 separatus
715 5248 731 5285 a
752 5233 954 5303 peccatoribus,
997 5245 1073 5305 runt,
1090 5240 1147 5294 sive
1160 5240 1225 5311 quia
1241 5248 1408 5311 peccatores,
1421 5242 1757 5318 sivequiamorulesmnt

159 5316 225 5389 quia
240 5315 287 5368 alii
300 5314 425 5368 homines
441 5332 504 5369 cum
520 5327 632 5386 peccato
648 5321 846 5391 concipiuntur
859 5328 888 5377 et
907 5340 956 5378 na·
997 5328 1098 5382 Filium
1118 5346 1182 5383 vero
1197 5330 1350 5400 perlectum
1362 5334 1486 5389 ostendit
1499 5337 1567 5406 quia
1584 5352 1689 5410 semper
1705 5326 1756 5386 sirit

157 5414 284 5466 scantur,
297 5408 381 5473 atque
394 5403 429 5455 ab
443 5403 496 5455 hoc
517 5405 616 5459 sarculo
638 5425 701 5462 eum
726 5417 839 5480 peceato
860 5418 954 5467 traus—
996 5422 1026 5471 et
1039 5433 1150 5489 semper
1164 5418 1223 5472 sine
1239 5425 1352 5490 peccato
1367 5428 1419 5478 est.

157 5494 293 5562 eunt,hic
314 5497 408 5547 autem
429 5491 490 5546 sine
511 5500 624 5564 peccato
647 5503 691 5550 est
712 5506 871 5572 conceptus,
895 5502 955 5558 sine
