3840 6098
135 207 189 266 9³3
466 207 656 264 expostam
676 211 716 264 IN
735 209 811 264 EPP.
834 210 862 264 S.
884 207 1003 262 PAULI.
1024 207 1117 263 -IN
1138 209 1248 264 nrtsr.
1270 209 1317 263 AD
1337 209 1445 265 HEBR.
1725 215 1776 272 934

132 332 199 401 igne
210 331 350 402 passionis
366 349 371 384 :
388 330 773 403 Quandoentmanjuatcatus
783 338 827 387 est
837 333 931 396 morti,
943 330 1246 396 AnabaturCalvarius
1257 334 1363 405 tlieltlt.
1388 338 1486 397 xxrtt).
1505 335 1543 390 Ut
1562 352 1628 407 ergo
1644 338 1777 394 Dominus

132 419 323 474 clamantibus
337 421 441 475 ludaeis
456 422 568 490 (Matilo.
585 425 804 489 tantillitatem
820 424 936 476 inertis:
979 419 1108 474 uritbram
1123 426 1152 474 et
1166 422 1285 491 figuram
1305 423 1335 475 in
1351 424 1496 477 veritatem
1515 431 1698 492 converteret,
1715 444 1776 497 qum

133 508 282 576 Gratillae,
298 512 427 576 crusillae
437 526 509 571 eum,
519 510 727 579 quodammodo
744 516 890 581 tquantum
901 509 937 563 ad
978 508 1051 561 dese
1060 510 1174 580 suisque
1186 510 1317 564 titentbris
1326 511 1588 581 praefigurabantur,
1597 531 1703 585 suoque
1714 531 1778 569 san-

133 595 200 650 illos
211 596 345 667 pertinet)
356 596 519 651 immolatus
530 603 582 651 est.
595 598 675 661 Quod
690 599 801 653 llarcus
816 614 936 667 evange·
977 596 1062 664 guine
1076 598 1227 651 redimeret
1241 605 1326 669 atque
1343 599 1633 672 mundaretpopulum
1641 603 1670 656 in
1680 620 1709 657 se
1717 620 1779 657 crc-

133 683 203 739 lista
221 685 318 739 rolens
336 684 417 739 nobis
438 685 587 740 ostendere
607 686 647 741 ita
669 702 740 752 esse,
763 687 832 741 dicit
847 704 853 739 z
869 688 937 741 Erat
978 684 1102 752 dentem,
1116 685 1184 740 soris
1195 686 1371 741 Hierusalem
1387 697 1549 758 passusest.

134 779 231 829 aulem
242 774 311 827 liora
326 778 419 838 tertia,
430 779 455 826 ct
469 778 669 841 crucificerant
684 792 747 829 curn
763 777 857 840 litare.
871 786 915 843 rr)
930 793 936 828 :
1014 775 1149 828 Eacatnes
1163 777 1253 842 initur
1272 777 1308 829 ad
1323 777 1409 830 Itevnt
1425 783 1504 831 cetra
1522 783 1625 845 castra,
1642 782 1777 850 imprope-

134 861 243 932 lingnis
253 862 380 916 uidelicet
390 862 458 915 suis.
476 863 548 916 Nem
565 863 637 917 hora
652 872 731 917 serta
753 863 781 917 in
797 880 879 917 cruce
895 870 939 916 est
980 864 1058 914 rium
1073 866 1132 930 ejas
1144 867 1296 929 pertentes.
1309 861 1383 939 Quia
1397 881 1463 934 ergo
1479 865 1617 921 Dominus
1632 884 1681 937 pro
1696 868 1777 923 nobis

136 950 248 1005 levatus
256 957 337 1004 extra
344 949 532 1014 Hierusalem,
543 950 638 1021 ibique
647 969 748 1022 corpus
756 951 940 1021 ejuseombu-
980 964 1079 1019 passus
1096 961 1148 1015 est,
1170 950 1300 1004 hortatur
1313 953 1463 1021 Apostolus
1476 964 1506 1007 ut
1529 944 1673 1011 imitemur
1685 956 1775 1025 illum,

136 1043 215 1093 stum
227 1045 272 1094 est
285 1040 349 1109 igne
363 1039 511 1109 passionis.
524 1039 620 1093 ditare
637 1047 734 1094 autem
750 1040 818 1094 illud
832 1041 940 1095 ludaeo-
980 1036 1095 1090 diccns:
1115 1036 1214 1106 Igitur,
1226 1038 1292 1109 quia
1308 1039 1366 1109 ipse
1381 1047 1459 1094 estre
1473 1048 1565 1096 castra
1579 1061 1678 1114 passus
1693 1051 1736 1101 est
1745 1055 1777 1101 ut

140 1142 207 1182 ram
223 1127 297 1197 quod
312 1127 399 1181 fiebat
413 1134 492 1181 extra
508 1133 609 1189 castra.
632 1127 679 1182 ubi
702 1126 940 1182 consumebantur
980 1141 1031 1180 nos
1046 1127 1242 1189 sanctificaret,
1254 1129 1433 1198 egrediamur
1447 1131 1482 1184 ud
1498 1148 1560 1185 eum
1575 1138 1777 1191 extraeonrcr·

137 1231 250 1278 carnes,
264 1216 353 1269 altare
363 1216 491 1271 Ecclesia
500 1221 554 1284 est,
565 1215 613 1269 ubi
624 1216 750 1286 quotidie
761 1233 862 1287 corpus
872 1233 939 1271 con-
980 1215 1118 1268 sationem
1134 1215 1287 1269 carnalium
1303 1216 1459 1275 hontinum.
1474 1221 1674 1277 mortificantes
1685 1239 1774 1277 ment-

136 1310 268 1358 setratur
281 1303 396 1357 Christi.
410 1303 552 1358 {labemus
560 1321 628 1373 crgo
639 1305 729 1358 altare
740 1305 878 1366 Ecclesiae,
892 1305 938 1359 ubi
979 1301 1031 1356 bra
1050 1307 1146 1356 nostra
1157 1320 1220 1357 cum
1237 1303 1311 1357 ritiis
1331 1312 1359 1360 et
1373 1307 1614 1377 concupiscentiis,
1639 1316 1668 1363 ct
1687 1310 1777 1366 imite-

137 1398 322 1446 consecratur
331 1408 433 1462 corpus
444 1393 620 1447 Dominicum
634 1411 639 1446 :
652 1393 687 1446 de
702 1410 757 1464 quo
770 1410 826 1448 non
837 1393 940 1447 babent
981 1406 1045 1444 mur
1054 1392 1116 1460 ejus
1126 1392 1295 1460 passionem,
1307 1394 1473 1465 martyrium
1484 1395 1590 1465 proillo
1600 1398 1774 1455 sustinendo.

135 1486 310 1552 potestatem
329 1481 421 1544 edere,
434 1480 482 1551 qui
496 1482 678 1536 tabernaculo
694 1484 818 1553 corporis
835 1483 877 1536 sui
894 1483 940 1536 de·
980 1479 1039 1532 Hoc
1060 1487 1103 1534 est
1117 1480 1193 1534 enim
1219 1481 1422 1551 improperium
1444 1482 1520 1537 illius
1535 1489 1657 1554 portare,
1679 1487 1776 1542 eadem

138 1570 268 1625 seminat
285 1588 291 1623 ε
308 1569 492 1624 fornicatores
507 1570 645 1636 videlicet,
668 1571 798 1635 adulteri,
825 1571 937 1634 ebriosi,
981 1584 1042 1638 qua·
1056 1568 1104 1621 ille
1118 1569 1251 1624 sustinuit
1265 1570 1333 1640 pati.
1351 1569 1425 1624 Crux
1442 1571 1518 1625 enim
1536 1572 1612 1627 illius
1634 1573 1777 1647 imprope-

138 1657 290 1715 immundi,
315 1657 385 1711 ethi
403 1657 451 1727 qui
465 1659 606 1712 seminant
627 1659 700 1712 inter
719 1660 819 1713 iratres
833 1647 1052 1713 discor-Brinta
1068 1657 1129 1726 ejus
1146 1657 1254 1713 ridetur
1273 1674 1334 1713 esse
1355 1660 1480 1728 paganis,
1508 1660 1588 1715 nobis
1614 1669 1710 1719 autem
1735 1670 1779 1720 est

138 1744 211 1811 dias,
220 1761 374 1816 omnesque
385 1747 432 1816 qui
440 1746 628 1816 voluptatibus
644 1754 672 1800 et
684 1747 831 1802 desideriis
846 1747 938 1801 carnis
979 1745 1163 1800 sanctificatio
1176 1753 1205 1799 et
1217 1747 1382 1818 redemptio.
1406 1749 1543 1803 Essemus
1559 1753 1647 1817 icitur
1657 1753 1694 1805 att
1710 1769 1774 1807 euru

139 1849 199 1889 snae
213 1833 383 1888 deserviunt.
401 1836 455 1900 (lui
461 1837 536 1888 euim
546 1837 694 1889 attenderat
705 1839 801 1890 etbibit
813 1838 935 1903 indique,
979 1838 1164 1897 estracastra,
1173 1834 1358 1906 despicientes
1371 1837 1773 1908 praesentiaamanteslutura,

137 1923 281 1992 judiciem
296 1924 349 1975 st'bt'
363 1924 513 1975 retenderat
523 1927 548 1975 ct
561 1925 628 1976 bibit
642 1923 669 1991 (l
683 1924 747 1980 Gor.
767 1933 816 1983 sd.
980 1928 1190 1977 contemnentes
1217 1922 1346 1986 risibilia,
1378 1924 1571 1980 desiderantes
1596 1933 1626 1982 et
1647 1937 1775 1986 amantes

176 2011 384 2078 Quoramenr'm
395 2013 697 2079 artitnaliaminserlur
706 2016 821 2081 sanquis
828 2028 940 2083 proper·
980 2016 1093 2065 telerna.
1107 2012 1260 2082 Sequitur:

139 2103 202 2153 cato
216 2103 248 2151 t'n
266 2098 368 2153 Sancte
380 2114 431 2166 per
442 2101 607 2165 pontificem,
624 2100 724 2154 boram
747 2116 862 2168 corpora
884 2117 940 2154 cre·
970 2139 973 2145 .
1014 2099 1076 2153 d'oa
1089 2102 1164 2152 enirn
1182 2101 1312 2155 trabernas
1331 2101 1376 2155 bic
1390 2108 1547 2156 inanerttem
1566 2106 1714 2175 civitaten,
1730 2111 1777 2164 scd

139 2190 349 2240 meaturectra
362 2190 462 2238 castra.
484 2186 549 2239 Haec
564 2187 703 2256 quomodo
721 2187 757 2241 ad
779 2189 866 2243 Deum
880 2205 940 2259 per·
979 2187 1108 2252 suturam
1120 2191 1305 2256 lttqttr'rt'nt'us.
1319 2191 1433 2244 Certum
1444 2191 1600 2261 estquiain
1612 2192 1663 2249 hoc
1670 2197 1776 2252 mundo

138 2274 252 2328 tineent
264 2272 344 2335 satis,
365 2281 397 2327 ut
422 2289 496 2336 reor,
520 2274 625 2328 dictum
651 2275 778 2330 habetur.
796 2275 850 2331 Sed
873 2277 939 2347 quia
979 2288 1196 2344 nonpossurnus
1209 2276 1513 2332 baberehabitaculum
1523 2285 1670 2345 aternani,
1686 2298 1777 2354 nequo

137 2362 201 2434 ipso
210 2368 297 2433 eaput
307 2362 432 2416 ornnium
444 2362 607 2423 electorum,
624 2380 674 2434 per
688 2381 785 2418 carnes
800 2363 863 2419 illas
877 2366 938 2418 ani·
980 2361 1119 2416 civitatem
1127 2379 1238 2433 semper
1247 2365 1553 2435 inanentem,quoniam
1561 2367 1779 2425 tnundustrans·

138 2450 257 2505 maliutn
273 2450 381 2521 possint
394 2449 515 2519 intelligi
529 2466 626 2504 omnes
641 2451 720 2506 electi
740 2452 789 2522 qui
803 2459 882 2506 extra
896 2470 939 2507 ea-
979 2449 1032 2505 ibit
1046 2457 1076 2505 et
1095 2452 1321 2522 concupiscentia
1347 2455 1419 2524 eJ'us.
1440 2454 1617 2525 Quapropter
1639 2456 1776 2514 debemus

137 2544 210 2604 stra,
227 2540 281 2593 hoc
295 2545 338 2592 est
352 2545 430 2592 extra
442 2540 683 2594 conversationem
694 2541 869 2596 secularium
880 2558 939 2595 car-
980 2539 1221 2594 tenderesummis
1230 2540 1338 2595 nisibus
1352 2542 1388 2595 ad
1407 2542 1547 2596 civitatem
1560 2544 1700 2600 coelestem
1712 2547 1777 2602 Hie·

137 2627 247 2683 nelium
258 2626 306 2697 qni
314 2626 459 2681 bominum
470 2627 665 2681 mortificando
676 2629 802 2682 membra
813 2646 865 2684 sua
874 2646 938 2684 curn
979 2628 1111 2692 rusulem,
1130 2645 1191 2698 quae
1203 2628 1387 2683 habitatorem
1404 2629 1488 2684 babet
1496 2631 1594 2698 Deum,
1606 2634 1777 2690 sternentes

138 2715 217 2770 vitiis
230 2722 260 2769 et
272 2715 513 2784 cotteupiscentiis,
530 2715 587 2769 sire
603 2723 742 2787 martyres
760 2734 812 2788 pro
834 2718 938 2772 (timisti
979 2732 1207 2786 permansurum.

139 2803 257 2860 nomine
275 2803 417 2857 sustinent
438 2803 533 2857 omnia
547 2804 675 2870 adversa,
687 2811 715 2860 et
730 2806 837 2860 fervore
851 2807 939 2860 sancti
1016 2806 1070 2858 Pet·
1085 2808 1176 2872 ipsam
1186 2805 1272 2875 igitur
1282 2805 1424 2860 oderimus
1438 2807 1556 2862 bostiam
1571 2810 1776 2880 laudisscmper

140 2891 266 2963 Spiritus
277 2891 387 2944 accensi
397 2902 566 2945 consumunt
580 2894 609 2947 in
623 2910 654 2946 se
669 2895 804 2964 quidquid
820 2895 938 2948 liuidum
982 2893 1043 2958 deo,
1059 2894 1090 2946 id
1107 2898 1145 2947 est
1162 2895 1288 2960 strictum
1308 2896 1447 2948 labiorum
1462 2900 1650 2962 confitentium
1667 2903 1777 2956 narttint‘

140 2986 229 3052 etque
251 2979 432 3032 libidinosum
462 2979 612 3045 invenitur,
641 2982 796 3052 ardentque
833 2957 1050 3053 pat-iteremus.
1069 2979 1122 3033 Per
1135 2980 1239 3050 ipsum,
1253 2981 1280 3034 id
1295 2988 1339 3035 est
1351 2981 1504 3046 Christum,
1523 2982 1657 3039 debemus
1676 2987 1776 3044 ollerre

139 3085 239 3124 amore
259 3067 416 3121 dilectionis
433 3067 484 3121 Dei
502 3078 530 3122 et
543 3069 672 3139 proximi.
692 3070 846 3140 Dupliciter
864 3071 940 3124 enirn
981 3068 1038 3121 Deo
1052 3068 1128 3121 Patri
1142 3069 1310 3123 sacrificium
1328 3069 1419 3124 laudis
1434 3076 1463 3125 et
1480 3072 1637 3141 gratiarum
1651 3075 1775 3130 actiones

139 3162 440 3211 consumunturextra
466 3164 568 3221 castra,
595 3159 653 3212 sire
680 3158 746 3212 dum
767 3160 938 3214 mortificant
978 3155 1174 3226 proomnibus
1189 3156 1376 3211 bonisubillo
1392 3159 1540 3229 perceptis.
1558 3160 1664 3214 ldcirco
1679 3167 1775 3218 autern

138 3244 268 3298 membra
281 3261 332 3300 sua
346 3261 410 3299 cum
425 3245 498 3299 vitiis
518 3252 547 3300 et
565 3247 808 3316 concupiscentiis,
823 3254 854 3302 ut
868 3248 938 3302 dixi·
978 3243 1135 3313 gratiarum
1159 3245 1284 3299 actiones
1308 3247 1427 3299 tructam
1448 3246 1588 3302 labiorum
1604 3255 1692 3315 vocat,
1709 3250 1776 3321 quia

137 3349 213 3394 mus.
232 3333 372 3388 airadum
395 3335 430 3387 ad
455 3336 614 3405 exemplum
629 3335 782 3389 Dominicte
799 3336 936 3406 passionis
979 3332 1081 3385 eadem
1091 3332 1247 3402 gmtiasum
1259 3333 1383 3387 actiones
1395 3334 1517 3389 fructum
1526 3336 1705 3406 premiorum
1715 3354 1777 3393 me-

138 3422 271 3493 martyrii
281 3422 404 3493 palmam
416 3423 546 3489 subeunt,
555 3425 637 3493 juxta
647 3424 719 3494 quod
730 3424 937 3497 beatusPetrus
978 3426 1087 3475 rentur.
1105 3421 1183 3475 Unde
1199 3420 1352 3491 Apostolus
1367 3422 1444 3488 dicit,
1465 3423 1531 3493 quia
1547 3440 1592 3478 ore
1605 3428 1635 3492 sit
1645 3427 1775 3494 crrrtscsst'a

136 3511 270 3567 hortatur
283 3511 380 3566 dicens
396 3530 401 3564 :
417 3513 542 3567 Christus
555 3530 651 3581 plausus
666 3519 702 3566 est
720 3529 770 3580 pro
786 3515 870 3575 trabis,
894 3529 937 3568 re·
978 3509 1144 3562 adsalutem
1163 3511 1251 3575 (llum.
1272 3515 1313 3576 x).
1333 3510 1376 3564 llll
1391 3526 1457 3580 ergo
1473 3512 1592 3580 pecudes
1611 3513 1774 3582 atterebant,

137 3603 269 3667 linquens
282 3601 354 3653 artois
368 3604 532 3668 eactrtplum,
545 3606 575 3654 at
589 3604 747 3668 srqttamt'nt'
757 3605 870 3667 cestr'pr'a
880 3607 938 3671 rjtts
980 3612 1032 3650 uos
1044 3603 1138 3650 autetu
1150 3597 1221 3649 nibil
1231 3597 1332 3651 horum
1343 3599 1496 3663 oderimus
1511 3600 1560 3652 sed
1572 3600 1657 3654 solam
1673 3602 1776 3670 gratia-

137 3689 165 3759 (1
180 3692 257 3745 Patr,
276 3698 317 3755 tt).
343 3689 465 3743 lnt'ertur
486 3689 600 3758 sanguis
613 3690 724 3742 illorum
747 3689 939 3744 intr-asanaa
980 3701 1042 3738 rum
1060 3685 1198 3737 actiouem
1210 3685 1267 3740 Deo
1280 3687 1380 3738 ollerre
1393 3685 1535 3738 debemus.
1549 3687 1588 3739 lte
1603 3685 1653 3739 boe
1669 3688 1776 3741 sacriti-

138 3792 190 3848 per
211 3776 385 3846 pontificem,
409 3776 477 3829 dum
495 3777 608 3830 illorum
634 3777 690 3830 vita
710 3775 859 3830 laudabilis
882 3777 938 3830 [leo
979 3775 1022 3826 cio
1032 3772 1101 3826 dicit
1114 3773 1280 3826 Psulruista:
1297 3775 1415 3827 interula
1433 3775 1485 3827 lleo
1499 3776 1669 3842 sacrificium
1684 3777 1776 3830 laudis

137 3865 219 3919 Patri
230 3870 417 3935 presentatur
429 3881 480 3934 per
489 3881 586 3919 rerum
601 3864 775 3918 sacerdotem
784 3865 880 3919 lesum
890 3866 938 3935 qui
981 3862 1069 3930 (Ptol.
1083 3868 1167 3929 xcix).

139 3961 183 4008 est
198 3953 351 4008 advocatus
358 3959 452 4008 noster
467 3953 651 4024 interpellans
663 3969 712 4022 pro
727 3953 815 4007 nobis
829 3952 867 4007 Et
876 3970 942 4008 con·
1017 3949 1199 4014 detteficeatia
1212 3953 1305 4002 autent
1319 3953 1344 4002 at
1358 3952 1562 4004 cutttntttniant's
1579 3954 1663 4007 nolite
1680 3953 1777 4007 adlici·

138 4058 214 4114 grue
228 4057 279 4113 per
291 4042 456 4112 sanguinem
468 4042 549 4112 juxta
567 4042 712 4112 accipitur,
735 4042 801 4112 quia
819 4042 875 4096 rita
893 4043 941 4095 ho·
981 4040 1029 4091 sci.
1044 4037 1154 4090 Talibus
1162 4039 1237 4090 enim
1247 4037 1343 4090 bestiis
1350 4039 1773 4108 prostrareturltcasssenelicus,

139 4130 228 4185 mistis
240 4130 269 4183 in
284 4130 422 4200 sanguine
437 4129 557 4184 estSite
569 4130 685 4198 sanguis
697 4129 810 4183 illorum
820 4129 941 4183 infertur
981 4124 1083 4180 dicitur
1094 4124 1177 4177 homo
1188 4124 1283 4193 largus
1292 4130 1321 4178 et
1331 4125 1777 4197 eleemosynisdcditus.ladebe-

139 4219 171 4274 ia
183 4219 298 4280 Sancte,
312 4218 380 4272 dum
394 4218 506 4272 illorum
522 4219 623 4273 animas
641 4216 860 4288 cumtriumpho
880 4235 941 4288 pas-
981 4212 1131 4267 nellcentia
1149 4212 1252 4267 dicitur
1267 4213 1383 4283 largitas
1404 4214 1658 4288 eleemosynarum.
1679 4219 1778 4287 Benefi-

141 4309 231 4363 sionis
244 4310 280 4361 ad
289 4308 414 4362 caelestia
426 4306 600 4361 deferuntur.
618 4307 693 4360 Bene
702 4323 813 4377 quoque
821 4306 942 4360 inuitari
983 4304 1085 4367 mettin,
1095 4300 1196 4370 inquit,
1211 4305 1235 4354 el
1248 4305 1453 4357 communionis
1464 4306 1548 4358 nolite
1561 4305 1724 4370 obtitu'sei,id
1735 4312 1779 4361 est

142 4403 351 4452 consumuntur
368 4398 437 4466 quia
455 4396 550 4449 omnis
575 4396 630 4449 ista
653 4395 743 4449 sancti
758 4400 897 4465 martyres
912 4395 941 4449 in
982 4388 1121 4460 largitatis
1149 4389 1401 4461 eleemosynarum,
1424 4396 1452 4444 et
1477 4393 1682 4447 communionis
1713 4405 1779 4465 (qua

143 4485 376 4555 lideadimplent,
397 4501 453 4555 qua
468 4501 498 4538 se
516 4485 635 4539 credunt
648 4500 666 4537 a
683 4485 741 4537 Deo
756 4483 940 4537 remunerari.
983 4479 1229 4533 communicasset
1242 4478 1410 4549 participare
1424 4478 1531 4535 debetis
1545 4481 1649 4536 aliisex
1659 4482 1778 4537 faculta-

144 4575 186 4630 uo
198 4574 243 4628 his
258 4590 320 4644 quta
334 4573 363 4627 in
378 4573 431 4627 hoc
444 4573 528 4626 altari
541 4578 751 4637 consecrentur,
766 4588 823 4626 non
838 4571 943 4626 hubent
983 4566 1059 4622 tibus
1074 4567 1182 4635 vestris)
1199 4567 1286 4620 nolite
1300 4565 1434 4621 oblivisci.
1447 4569 1476 4623 Si
1484 4568 1532 4623 alii
1546 4576 1651 4625 vestras
1659 4587 1778 4642 rapuere

143 4668 315 4736 potestatem
326 4662 409 4716 edere
421 4663 470 4732 qui
491 4661 672 4716 tabernaculo
688 4661 859 4721 deserviunt.
877 4677 944 4731 quo·
984 4655 1165 4722 substantias,
1181 4661 1276 4710 tamen
1291 4672 1323 4709 ex
1333 4655 1374 4709 eis
1387 4672 1455 4726 quas
1465 4657 1779 4730 habetiseleemosynas

143 4750 224 4805 niam
238 4751 274 4805 ad
288 4767 320 4804 ea
331 4767 392 4822 quae
402 4751 492 4804 sancti
503 4757 640 4820 nrartyres
652 4751 681 4804 in
696 4750 751 4803 fide
765 4750 944 4819 perfectasu-
986 4747 1053 4801 dare
1071 4746 1159 4800 nolite
1178 4744 1313 4811 oblivisci,
1337 4744 1410 4799 sicut
1425 4745 1563 4816 Propheta
1578 4746 1660 4801 dicit:
1682 4748 1779 4801 matos

133 4839 276 4895 ¹utinendo
302 4839 468 4910 adimplent,
482 4856 538 4893 non
566 4839 671 4893 audent
693 4839 825 4892 accedere
843 4839 871 4891 hi
894 4838 942 4908 qui
984 4838 1034 4903 qui
1049 4836 1180 4901 intellt'pt't
1193 4849 1275 4901 saper
1289 4849 1406 4900 apertum
1428 4839 1451 4886 et
1466 4849 1614 4901 pauperem
1626 4836 1705 4900 (Psal.
1723 4839 1780 4894 xul.

141 4928 298 4984 carnaliter
310 4928 417 4992 vivunt,
434 4934 463 4982 et
483 4944 579 4982 amore
599 4928 684 4996 hujus
703 4927 796 4981 saeculi
810 4932 944 4981 tenentur
986 4925 1097 4978 Talibus
1111 4925 1186 4974 attint
1201 4922 1305 4984 bostt'r's,
1322 4926 1350 4974 et
1363 4921 1526 4974 muneribus
1538 4922 1780 4992 eleemosynarum

141 5017 263 5070 astricti.
984 5014 1159 5080 proiceretur
1172 5011 1240 5062 Deus
1250 5007 1459 5076 adipiscenda
1473 5008 1540 5061 dicit
1559 5009 1695 5081 propheta
1706 5028 1713 5064 ε
1724 5013 1779 5067 dli-

129 5090 132 5095 ’
182 5106 295 5174 Ptuptcr
309 5106 390 5174 qual,
402 5104 535 5163 subaudis
545 5103 711 5176 mysterium
721 5102 942 5173 adimplendum,
984 5100 1164 5154 scricordiam
1179 5099 1237 5150 eolo
1257 5101 1281 5149 ct
1296 5111 1353 5149 aon
1366 5099 1535 5163 sacrificium
1551 5097 1631 5167 (Osee.
1652 5098 1701 5170 u).
1716 5099 1780 5158 Non

142 5197 173 5248 ct
187 5194 272 5259 lesus,
285 5199 316 5247 ut
328 5197 512 5260 sartett'ficaret
521 5209 571 5260 per
585 5197 751 5260 sartaainem
761 5208 845 5244 suern
857 5207 944 5260 popu·
986 5194 1029 5242 est
1043 5184 1261 5241 considerandus
1276 5198 1383 5254 pauper
1396 5183 1444 5254 qui
1458 5184 1568 5239 ridetur
1579 5188 1714 5260 accipere,
1731 5190 1781 5244 scd

144 5285 209 5336 lam
225 5282 253 5336 in
268 5299 298 5336 se
312 5283 482 5345 credentem,
496 5287 575 5334 satra
584 5287 695 5349 portam
705 5296 804 5349 passus
815 5280 945 5333 est.Sicut
986 5277 1079 5348 potius
1088 5275 1134 5345 qui
1141 5273 1500 5346 jussitdareblleemosyna
1509 5292 1582 5329 emm
1592 5294 1654 5348 quae
1663 5281 1781 5351 pauperi

143 5369 221 5426 liber
231 5370 445 5440 Evangeliorum
458 5376 589 5428 testatur.
607 5371 703 5424 dicens
716 5370 818 5422 :Extra
836 5375 945 5438 portam
986 5366 1107 5435 largitur
1120 5364 1149 5417 in
1164 5369 1251 5426 terra,
1267 5377 1285 5414 a
1306 5360 1361 5415 Deo
1376 5363 1511 5435 recipitur
1529 5365 1558 5419 in
1577 5367 1656 5423 coelo.
1668 5368 1703 5421 Et
1721 5367 1780 5423 asli

142 5458 327 5517 Hierusalem
337 5474 438 5531 passus
446 5467 490 5514 est
503 5459 533 5513 in
547 5459 607 5514 loco
622 5457 834 5528 decollatorum,
843 5457 892 5527 qui
902 5473 947 5512 ro·
987 5454 1133 5511 attendere
1143 5451 1218 5521 quod
1224 5451 1277 5507 hoc
1285 5447 1337 5505 tibi
1345 5451 1383 5506 sit
1392 5453 1553 5510 redditurus
1563 5454 1639 5527 quod
1655 5453 1778 5527 accepit:
