3818 6104
127 252 183 324 115
338 254 527 314 harmotus
546 258 789 317 nemausam.
810 261 923 316 BPlSD.
943 260 1022 316 DPD.
1042 260 1135 315 PARS
1153 259 1176 314 1.
1200 287 1233 309 -ε
1252 255 1439 312 COMMENT.
1459 254 1552 310 BIBL.
1711 248 1768 307 ilo

168 398 182 443 s
196 379 270 444 Quia
282 380 341 440 nec
354 381 423 439 dicit
434 382 570 441 Dominus
588 383 683 439 domni
691 386 792 440 lsrael:
805 384 1026 451 QuariteAstis.
1038 384 1121 439 Odite
1137 383 1253 448 malum,
1269 387 1298 436 et
1307 379 1418 449 diligite
1430 377 1547 447 honum,
1558 381 1588 430 et
1598 373 1766 430 constituite

132 483 189 532 tna,
201 472 232 528 al
246 468 352 534 nuntia
363 475 392 524 o
403 471 490 526 nolito
508 488 634 542 quarere
654 472 763 537 Bethel,
780 481 808 529 et
819 474 846 528 in
866 473 929 528 Gal·
967 471 997 525 iu
1008 479 1087 542 porta
1095 471 1244 541 judicium,
1254 470 1279 523 si
1287 467 1536 523 lortemisercatur
1544 463 1684 526 Dominus
1694 463 1769 516 Deus

132 555 199 627 galo
213 555 299 616 nolim
313 556 429 623 intrare,
446 565 474 623 et
487 559 517 614 in
532 559 669 615 Bersabee
689 579 744 616 uon
760 561 926 621 transibitis,
969 561 1139 614 exercituum
1156 559 1282 629 reliquiis
1297 556 1409 627 ioseph.
1431 575 1442 608 r
1460 554 1489 609 Si
1505 553 1581 623 enim
1601 550 1770 623 quesieritis

134 645 202 721 ulpio
210 644 609 718 Galgalacaptisaducptur,et
617 650 713 704 Betllel
722 651 829 711 inutilis
839 650 926 703 erit.»
968 648 1083 714 bonum,
1101 649 1196 703 statim
1214 646 1350 718 repellitis
1370 645 1486 698 malum.
1504 643 1614 697 ltonum
1629 656 1695 695 vero
1709 641 1769 711 ipse

134 732 229 786 Nolite
241 750 365 803 quaerere
381 735 493 805 (inquit)
511 735 620 802 Bethel,
636 739 664 790 in
682 755 738 808 qua
752 745 812 792 erat
826 739 929 792 vitulus
969 738 1105 792 Dominus
1120 743 1169 792 est,
1188 739 1201 791 J
1206 737 1328 791 udicinm
1341 751 1405 788 vero
1412 733 1440 786 in
1452 737 1533 804 porta
1541 730 1713 785 constituere
1728 736 1772 782 est

135 822 802 894 curcuastlnssalgalaidololatriaededitanolite
813 828 928 892 intrare,
970 827 1119 897 iniquitate
1133 825 1246 896 repulsa
1261 823 1407 877 veritatem
1430 821 1562 890 recipere.
1577 819 1629 872 Vel
1649 823 1726 872 certe
1741 817 1770 871 in

136 913 168 971 ci
180 908 210 968 lu
222 909 369 975 Bersabee,
386 912 438 966 hoc
452 917 496 967 est
515 915 550 967 ad
574 919 689 985 puteum
708 917 862 985 juramenti
874 931 930 969 non
971 916 1059 986 portis
1066 915 1204 985 iudicium
1220 906 1770 980 constituereestpraesulesecclesiarum

134 997 293 1056 innabilis
313 1017 320 1053 :
337 1000 385 1070 qhi
408 1000 433 1055 si
459 1002 570 1071 quando
598 1003 711 1059 errabat
733 1004 823 1059 tribus
847 1005 929 1069 luda,
970 1003 1046 1057 intra
1059 1009 1184 1056 sanctam
1196 1001 1357 1067 Ecclesiam,
1370 1016 1432 1070 quae
1442 1004 1484 1052 est
1497 1002 1577 1068 porta
1593 995 1678 1065 regni
1691 994 1772 1048 coelo·

135 1085 213 1144 idota
224 1087 343 1143 adorare
357 1096 547 1145 consueverat.
972 1108 1044 1154 rum,
1058 1108 1120 1144 vera
1128 1090 1295 1144 discretione
1307 1087 1372 1141 boni
1388 1104 1421 1140 ac
1431 1086 1498 1140 mali
1511 1086 1647 1156 populum
1659 1084 1769 1137 docere.

176 1194 188 1231 r
204 1175 326 1242 lluaerite
340 1178 499 1243 Dominum,
513 1184 541 1235 et
550 1181 642 1245 vivite,
656 1199 691 1237 ne
705 1183 776 1238 torte
786 1181 931 1237 combura-
1009 1199 1020 1230 ι
1033 1180 1184 1250 Propterea
1200 1179 1256 1231 lunc
1270 1177 1339 1231 dicit
1347 1176 1484 1230 Dominus
1502 1174 1576 1229 Deus
1596 1171 1771 1227 exercituum

137 1268 186 1321 tut
201 1270 234 1319 nt
246 1264 321 1334 iguis
333 1265 432 1320 domus
446 1268 560 1338 ioseph,
582 1275 610 1323 et
628 1270 816 1337 devorabitur,
832 1279 861 1327 et
874 1288 930 1326 non
971 1268 1132 1323 dominator
1146 1309 1151 1320 .
1164 1266 1196 1321 ln
1206 1265 1336 1320 omnihus
1350 1263 1451 1334 plateis
1463 1263 1602 1333 planctus,
1619 1266 1649 1314 et
1662 1260 1692 1314 in
1705 1276 1770 1331 pun·

138 1352 537 1425 critqpiexstinguatDethel.
551 1358 598 1428 qui
608 1360 770 1414 conuertitis
785 1362 813 1414 in
827 1361 930 1432 absyn-
971 1358 1024 1411 ctis
1040 1374 1101 1427 qnae
1116 1357 1184 1410 loris
1205 1362 1280 1417 sunt,
1302 1353 1421 1412 dicetur,
1438 1352 1496 1415 Vc,
1513 1367 1551 1406 vae
1567 1368 1573 1403 ε
1590 1358 1619 1404 et
1633 1347 1772 1403 vocabunt

138 1441 230 1499 thium
242 1441 390 1512 judicium,
412 1453 441 1497 ct
452 1444 591 1514 justitiam
606 1447 635 1500 in
650 1452 726 1501 terra
740 1449 928 1520 relinquitis.»
972 1445 1123 1514 agricolam
1139 1444 1173 1498 ad
1184 1444 1301 1504 luctum,
1312 1447 1340 1495 ct
1349 1440 1384 1495 ad
1395 1440 1538 1510 planctum
1553 1455 1601 1493 eos
1616 1437 1666 1508 qui
1680 1437 1772 1491 sciunt

139 1530 198 1586 iste
212 1530 350 1602 estignis,
366 1530 411 1601 qui
425 1534 604 1601 succenditur
618 1551 673 1589 non
699 1537 733 1590 ab
757 1539 812 1593 alio
827 1539 931 1609 aliquo,
974 1534 1117 1604 plangere,
1134 1539 1162 1587 et
1184 1532 1213 1587 in
1239 1530 1369 1586 omnihus
1391 1529 1443 1583 viis
1468 1528 1522 1582 erit
1540 1527 1683 1599 planctus,
1707 1526 1772 1596 quia

140 1618 189 1673 sed
203 1617 238 1672 ab
251 1618 318 1688 ipsis
333 1621 535 1689 peccatoribus,
551 1622 586 1676 de
599 1640 653 1693 quo
663 1624 730 1678 alibi
747 1626 880 1681 Dominus
891 1627 934 1681 di·
975 1622 1151 1695 pertransibo
1164 1623 1194 1675 in
1209 1618 1350 1674 mediotui
1368 1618 1437 1672 dicit
1449 1617 1595 1672 Dominus.
1614 1614 1772 1685 ollastatio·

139 1707 192 1763 cit:
202 1724 215 1763 s
226 1706 375 1763 Ambulate
383 1707 412 1762 in
423 1709 528 1764 lumine
538 1710 612 1781 ignis
622 1713 715 1779 vestri,
732 1719 762 1767 et
775 1717 804 1768 in
819 1716 933 1769 flamma
942 1696 965 1756 Β
974 1728 1037 1765 nem
1047 1710 1209 1765 Judaeorum
1219 1725 1273 1763 non
1284 1708 1375 1779 solum
1386 1705 1416 1760 in
1427 1703 1648 1765 habitationibus
1659 1718 1768 1775 corum,

139 1812 224 1868 quam
238 1796 430 1851 succendistis·
454 1816 465 1849 r
974 1801 1022 1855 sed
1039 1806 1068 1855 ct
1079 1800 1110 1854 in
1124 1799 1232 1853 cunctis
1244 1814 1305 1868 quae
1319 1795 1387 1849 loris
1407 1800 1488 1849 erant
1503 1799 1629 1854 centurn,
1650 1792 1772 1862 propbe-

175 1901 191 1939 ι
204 1883 362 1940 facientem
378 1886 527 1940 Arcturum
537 1892 566 1941 et
575 1887 717 1955 Orionem,
729 1896 757 1945 et
770 1898 934 1946 converten·
975 1889 1053 1943 tavit.
1064 1888 1117 1952 Qui
1128 1888 1201 1941 enim
1213 1886 1240 1939 in
1255 1884 1376 1940 Ecclesia
1387 1883 1501 1943 luerint,
1517 1898 1573 1937 non
1588 1881 1706 1936 audient
1722 1895 1770 1944 rae,

138 1976 197 2045 ten
212 1972 243 2028 in
257 1989 339 2027 mane
353 1972 493 2035 tenebras.
515 1982 544 2029 et
563 1976 636 2031 diem
649 1995 678 2032 rn
694 1986 803 2034 noctem
820 1990 933 2034 mutan·
974 1978 1023 2031 sed
1034 1992 1179 2047 poenarum
1194 1980 1237 2028 est
1253 1973 1392 2034 ultimum,
1402 1971 1451 2026 sed
1464 1970 1488 2026 si
1503 1970 1576 2026 sorte
1586 1968 1770 2040 peccaverint,

138 2063 207 2124 mm,
223 2061 272 2131 qni
285 2066 365 2118 vocat
379 2078 466 2132 aquas
481 2064 577 2130 maris,
600 2072 629 2119 et
652 2068 769 2121 ellundit
789 2085 836 2123 eas
850 2085 935 2139 super
974 2071 1134 2120 assumetur
1153 2079 1237 2135 snper
1258 2078 1306 2116 eos
1329 2061 1494 2115 lamentum.
1520 2059 1666 2128 Agricolae,
1682 2055 1773 2126 etqui

139 2147 240 2203 faciem
255 2154 348 2207 terrm.
365 2149 500 2219 Dominus
521 2168 624 2207 nomen
643 2162 685 2208 est
709 2157 778 2225 ejus.
798 2180 810 2204 n
826 2157 933 2211 Sec-un·
974 2160 1080 2209 norunt
1099 2154 1242 2223 plangere,
1261 2148 1440 2203 ecclesiastici
1463 2147 1513 2200 viri
1538 2153 1613 2210 sunt,
1636 2146 1684 2216 qni
1708 2149 1772 2199 ante

138 2236 207 2291 rlum
222 2236 344 2291 historia
359 2238 503 2293 veritatem
525 2241 669 2306 Dominus,
695 2244 741 2314 qui
762 2246 879 2300 Creator
892 2254 935 2300 est
975 2250 1122 2296 venturum
1136 2240 1275 2311 iudicium
1294 2242 1455 2308 peccatores
1469 2236 1505 2289 ad
1520 2235 1716 2306 poenitcnticm
1728 2249 1772 2288 ro·

138 2324 277 2391 omnium,
291 2327 479 2380 comminetur
496 2329 685 2398 captivitatem
706 2332 829 2387 suturam
849 2350 936 2406 super
975 2338 1047 2398 rant.

139 2413 345 2474 Samariamet
353 2414 597 2485 depopulationem
614 2428 806 2492 superponens
816 2440 933 2493 regnum
1013 2441 1024 2471 ι
1046 2420 1093 2474 Vae
1108 2416 1331 2473 desiderantibus
1345 2415 1419 2469 diem
1435 2414 1555 2468 Domini.
1572 2414 1614 2467 lld
1630 2413 1697 2483 quid
1711 2428 1772 2466 caui

140 2503 230 2559 affert.
244 2505 394 2557 Accurrurn
409 2520 473 2557 vero
488 2511 517 2558 et
529 2506 671 2568 Orionem,
686 2508 838 2565 Ecclesiam
851 2511 934 2567 intel·
976 2509 1073 2564 uobisl
1089 2509 1152 2562 Dies
1164 2506 1273 2569 Domini
1284 2507 1347 2566 ista,
1360 2504 1517 2559 tenebraret
1527 2519 1581 2558 non
1593 2503 1649 2556 lux.
1663 2498 1773 2572 »Judpi

138 2591 206 2663 lige,
214 2592 272 2646 sire
281 2603 379 2657 omnes
390 2598 511 2647 sanctos.
523 2596 554 2648 ln
565 2611 645 2650 mane
656 2598 791 2653 Dominus
806 2601 935 2655 tenebras
976 2607 1008 2654 nt
1023 2599 1155 2673 haeretici,
1168 2597 1228 2650 sire
1243 2595 1368 2666 plerique
1393 2593 1427 2649 dc
1452 2593 1583 2653 Ecclesia,
1608 2592 1643 2645 de
1661 2588 1773 2661 justitia

140 2680 288 2748 conuertit,
313 2697 376 2735 cum
398 2682 532 2752 populum
557 2685 684 2753 gentium
702 2687 736 2741 de
759 2687 934 2744 infidelitatis
975 2689 1102 2750 fidentes,
1119 2686 1192 2739 diem
1209 2683 1330 2746 Domini,
1354 2683 1405 2736 boc
1419 2688 1463 2737 est
1476 2681 1549 2736 diem
1564 2679 1673 2750 judicii.
1692 2677 1773 2749 quasi

140 2786 235 2826 errore
245 2769 279 2823 ad
291 2769 453 2830 lldeilucenn
469 2771 607 2842 perduxit.
619 2775 698 2828 Diem
714 2792 826 2846 quoque
839 2778 868 2831 in
883 2771 935 2832 rio-
976 2778 1065 2841 securi
1082 2775 1246 2838 facinorum,
1268 2771 1428 2826 desiderare
1452 2771 1623 2840 profitentur
1637 2784 1723 2839 quam
1736 2766 1773 2845 ti·

139 2865 213 2916 ctem
229 2859 356 2919 mutant.
373 2861 439 2931 quia
453 2862 586 2932 populum
599 2862 762 2920 Judaeorum
774 2866 808 2920 de
822 2868 936 2939 propria
976 2879 1054 2917 mere
1068 2862 1231 2917 debuerunt·

136 2948 248 3020 iustitia
262 2955 489 3019 presumentem,
509 2950 539 3004 in
558 2952 682 3007 cecitate
696 2955 787 3009 cordis
800 2957 845 3010 sni
858 2957 937 3012 dere·
1015 2971 1028 3002 s
1048 2951 1193 3016 Quomodo
1208 2950 1231 3004 si
1247 2950 1336 3018 fugiat
1355 2949 1440 3003 homo
1453 2965 1470 3002 a
1484 2948 1555 3002 lacie
1573 2947 1673 3008 leonis,
1690 2951 1720 3006 et
1733 2961 1775 3001 οὐ·

139 3038 233 3109 liquit.
486 3039 488 3043 ’
945 3045 1074 3110 ccurrat
1090 3040 1115 3093 ei
1132 3055 1223 3101 ursus,
1249 3043 1277 3090 et
1295 3036 1472 3107 ingrediatur
1484 3036 1609 3095 domurn,
1627 3041 1656 3089 et
1670 3035 1775 3094 innita-

179 3145 191 3180 ι
214 3125 268 3190 Qui
288 3125 415 3180 subridet
437 3127 596 3194 vastitatem
621 3145 706 3200 super
729 3132 886 3198 robustum,
908 3141 937 3188 et
976 3136 1024 3183 tur
1038 3145 1122 3183 manu
1138 3143 1189 3181 sus
1203 3143 1288 3196 super
1302 3125 1449 3196 parietem.
1465 3130 1493 3180 et
1509 3125 1636 3181 mordeat
1649 3140 1715 3183 eum
1728 3140 1775 3177 co·

139 3214 387 3287 depopulationem
401 3231 486 3285 super
497 3221 639 3286 potentem
655 3216 746 3283 allent.
761 3221 935 3276 »subriden-
977 3218 1065 3272 luber.
1083 3218 1167 3287 ibeo,
1183 3216 1224 3270 rel
1239 3232 1332 3286 ursus,
1347 3231 1396 3270 seu
1409 3212 1531 3275 coluber,
1543 3214 1632 3271 hocin
1645 3214 1706 3269 loco
1719 3213 1777 3272 dia·

139 3298 199 3366 mm
215 3304 314 3372 Deum,
328 3303 494 3357 irascentem
507 3304 657 3374 significat,
674 3307 739 3377 quia
749 3314 778 3362 et
787 3326 838 3363 nos
848 3327 936 3381 quan·
976 3308 1056 3362 holus
1070 3305 1269 3376 intelligendus
1289 3310 1333 3359 cst
1360 3304 1465 3361 Domus
1491 3318 1603 3372 quoquc
1621 3301 1774 3372 uuicuique

139 3392 177 3447 do
190 3391 348 3457 irascimur,
365 3391 506 3446 interdum
517 3393 703 3455 subridemus.
976 3397 1153 3466 delinquenti
1174 3393 1287 3465 propria
1301 3392 1472 3466 coriscipntia
1484 3398 1536 3453 est,
1552 3390 1649 3460 inqua
1664 3390 1775 3449 illinon

178 3500 193 3535 a
212 3481 282 3537 odio
296 3479 456 3535 babuerunt
478 3482 506 3535 in
530 3489 612 3552 porta
629 3485 835 3556 corripientem,
851 3495 880 3541 et
893 3489 936 3543 lo·
977 3491 1019 3541 est
1034 3484 1113 3539 hene.

128 3578 272 3643 quantem
289 3570 410 3641 perfecte
421 3571 573 3626 abominati
587 3581 663 3627 sunt.
684 3597 696 3621 ι
712 3574 779 3638 Qum
790 3581 832 3629 est
844 3582 934 3647 porta,
1016 3595 1027 3625 ι
1043 3572 1174 3643 Nunquid
1186 3587 1242 3625 non
1252 3569 1375 3641 tepehrae
1385 3570 1445 3624 dies
1457 3569 1577 3626 Domini.
1592 3575 1620 3626 et
1635 3585 1691 3627 non
1705 3569 1773 3624 lux:

140 3659 170 3713 in
185 3674 241 3730 qua
255 3659 393 3730 propheta
407 3659 552 3730 redarguit
565 3661 770 3733 delinquentes,
785 3664 838 3718 nisi
849 3665 938 3734 janua
979 3668 1007 3716 et
1019 3662 1118 3733 caligo,
1135 3667 1164 3715 ct
1176 3676 1231 3715 non
1245 3660 1378 3730 splendor
1391 3658 1420 3713 in
1435 3658 1488 3713 eal
1503 3658 1556 3714 Odi
1573 3664 1602 3714 et
1616 3659 1721 3729 projeci
1735 3656 1775 3715 ic·

140 3741 281 3802 vitiorum.
298 3751 355 3802 Aut
370 3754 446 3802 certe
459 3749 520 3819 ipse
535 3752 672 3822 propbeta
690 3757 747 3806 stat
761 3753 790 3806 in
802 3759 891 3823 porta.
907 3754 936 3808 in
979 3751 1116 3806 stivitates
1137 3755 1251 3806 vestras.
1269 3754 1297 3802 et
1311 3764 1367 3801 non
1391 3747 1499 3818 capium
1514 3747 1629 3804 odorem
1651 3753 1775 3822 coeiuurn

140 3829 285 3908 initiisque
303 3837 448 3902 virtutum,
469 3844 498 3892 et
514 3839 579 3894 odio
601 3839 721 3894 hahetur
742 3841 777 3897 ab
801 3841 845 3896 his
869 3859 938 3913 quos
979 3847 1133 3894 vestrorum
1149 3837 1276 3908 :quodsi
1287 3835 1445 3891 obtuleritis
1456 3836 1524 3890 mihi
1535 3836 1777 3908 holocaustomata

140 3925 266 3997 corripit.
283 3926 337 3991 Qui
353 3925 428 3980 enirn
441 3943 496 3982 non
507 3928 607 4000 recipit
617 3930 792 3999 prophetam,
804 3947 860 3985 non
871 3931 939 3987 reci·
979 3936 1140 3988 etmuneru,
1153 3944 1208 3981 non
1221 3927 1381 3996 suscipiam,
1393 3932 1421 3980 et
1436 3933 1499 3997 cota
1512 3925 1658 3996 pinguium
1669 3933 1775 3981 vestro·

141 4014 183 4086 pit
198 4017 247 4086 qui
262 4014 339 4069 misit
353 4015 443 4070 illum.
461 4016 634 4097 poqqentem
645 4034 708 4071 rero
720 4019 850 4089 perfecte,
860 4020 938 4075 Chri·
978 4033 1105 4073 rumnon
1115 4016 1276 4087 suscipiam.
1285 4016 1442 4069 Aulerame
1453 4015 1607 4069 tumultum
1618 4014 1775 4087 earuninurn

141 4109 216 4159 stum
232 4104 381 4159 Dominum
396 4104 485 4174 accipi
498 4121 553 4159 non
568 4105 684 4160 dubium
699 4117 751 4161 est.
977 4115 1103 4172 tuorum,
1115 4113 1143 4160 et
1152 4106 1260 4161 cantica
1274 4105 1341 4176 lyrae
1358 4111 1414 4159 tue
1428 4103 1774 4166 nonaudium,et1·evcla-

180 4191 664 4262 «ldcircoproeoquoddiripiebatis
674 4211 825 4265 pauperem
835 4203 938 4268 etprae·
978 4197 1054 4251 bitur
1069 4196 1147 4267 quasi
1158 4193 1387 4266 aqnajudicium,
1403 4200 1431 4247 et
1443 4192 1556 4263 justitia
1569 4192 1649 4262 quasi
1666 4198 1775 4248 torrens

142 4278 207 4333 dam
223 4273 340 4336 electain
356 4278 497 4333 tollebatis
506 4278 541 4332 ab
552 4295 594 4337 eo.
606 4281 704 4336 domos
721 4283 828 4353 quadro
845 4286 937 4357 lapide
977 4286 1064 4340 arctis
1080 4286 1144 4347 nDe
1158 4286 1172 4339 J
1177 4284 1318 4339 udaeorum
1333 4282 1452 4336 uictimis
1468 4288 1496 4336 et
1516 4281 1713 4336 haereticorum
1729 4298 1774 4335 sa-

142 4365 316 4420 oedilicahitis
326 4371 417 4419 etnon
425 4365 588 4429 habitabitis
597 4367 626 4421 in
637 4368 693 4422 eis:
707 4370 939 4427 vineasamantis·
949 4365 971 4423 D
980 4374 1100 4437 orificiis,
1113 4390 1175 4444 qua
1189 4373 1273 4426 aDeo
1284 4388 1339 4425 non
1354 4369 1555 4441 approbantur.
1567 4371 1642 4426 dicit.
1659 4371 1775 4428 Necnon

142 4445 230 4509 simas
245 4453 418 4525 plantabitis,
430 4461 458 4508 et
468 4470 524 4507 non
534 4454 634 4509 bibetis
646 4456 739 4511 vinum
751 4475 859 4523 earum,
872 4463 937 4532 qnia
980 4468 1008 4517 et
1021 4462 1128 4516 cantica
1140 4463 1309 4521 heritarum,
1329 4461 1429 4531 quihus
1449 4459 1602 4526 laudabant
1615 4461 1717 4525 Deum,
1734 4466 1777 4517 tu·

142 4542 936 4616 cognovimultascelerarestra,etfortiapeccatavestra.o
980 4553 1099 4606 multum
1118 4558 1208 4619 vocat,
1230 4550 1409 4620 sonitumque
1423 4550 1579 4610 confusum,
1596 4549 1729 4606 similiter
1748 4555 1777 4605 et

142 4634 311 4706 Paupcrem,
332 4633 475 4694 Christum
494 4631 612 4703 intelligi
625 4635 653 4698 in
666 4636 800 4690 membris
812 4640 870 4693 suis
884 4656 939 4695 non
980 4639 1327 4695 hereticorumdudicium
1334 4640 1383 4694 Dei
1392 4646 1478 4709 atque
1487 4639 1730 4709 justitlaxn.quam
1742 4638 1776 4694 de

141 4722 294 4778 absurdum
305 4726 349 4777 est
360 4740 366 4776 ε
377 4722 451 4781 hunc
476 4721 599 4775 heretici
616 4739 667 4792 per
679 4725 803 4781 occultas
823 4728 939 4785 insidias
981 4730 1083 4802 populo
1093 4746 1144 4784 suo
1151 4729 1298 4799 judicabit,
1307 4728 1414 4798 patebit
1427 4727 1566 4786 omnibus.
1575 4733 1603 4783 et
1616 4728 1707 4782 instar
1716 4734 1775 4785 tor·

142 4811 298 4892 depredari
313 4817 460 4872 conantur.
476 4828 489 4864 c
512 4811 612 4865 Hostes
619 4812 688 4881 justi
702 4815 870 4886 accipientes
880 4835 938 4882 mu·
980 4820 1068 4874 rentis
1081 4819 1237 4880 tortissimi,
1250 4817 1385 4889 quidquid
1397 4817 1663 4888 arripuerit‚secum
1676 4817 1774 4881 trahit,

142 4903 205 4964 nus,
222 4904 250 4954 ct
269 4915 407 4971 pauperes
420 4901 450 4954 in
464 4905 545 4972 porta
558 4900 758 4971 deprimentes.
782 4905 847 4959 Ideo
869 4924 937 4977 pru·
979 4915 1006 4963 et
1022 4909 1045 4961 si
1057 4908 1206 4969 obstiterit,
1224 4924 1278 4962 non
1294 4907 1409 4977 patitur.

142 4987 212 5068 dens
231 4988 261 5042 in
274 4995 402 5058 ternpore
416 4989 470 5043 illo‘
478 4989 591 5055 tacebit,
618 4991 684 5062 quia
706 5000 817 5065 tempus
832 4997 937 5051 malum
1016 4997 1169 5067 ‹Nunquid
1179 4998 1284 5064 hostias
1294 5003 1323 5050 et
1337 4995 1652 5052 sacrificiumohtulistis
1662 4995 1732 5051 mihi
1746 4995 1775 5054 in

141 5082 195 5134 est.
214 5099 225 5127 ι
242 5078 345 5132 Hostes
356 5078 435 5147 justi,
460 5094 559 5134 omnes
579 5080 685 5137 inimici
706 5082 811 5138 Christi
833 5084 938 5140 intelli·
977 5088 1088 5141 deserto
1098 5086 1284 5157 quadraginta
1293 5087 1481 5141 annisdomus
1489 5085 1594 5140 lsrael‘l
1606 5091 1634 5141 et
1644 5085 1776 5155 portastis

140 5173 255 5248 guntur.
274 5160 432 5221 Deteriores
445 5182 509 5219 vero
528 5169 653 5232 omnium
674 5172 797 5227 haeretici
812 5189 938 5246 compro·
978 5176 1159 5231 tabernacula
1175 5176 1284 5230 lloloch
1301 5177 1373 5230 idolo
1389 5182 1489 5237 vestro,
1511 5175 1702 5245 etimaglnem
1717 5175 1776 5232 ido·

138 5253 254 5334 bantur,
271 5254 361 5326 quiin
384 5254 472 5325 portis
486 5255 552 5309 lldei
565 5257 686 5314 humiles
702 5261 829 5317 Ecclesia
842 5262 936 5336 depri·
978 5265 1069 5320 lorum
1084 5274 1250 5325 vestrorum,
1268 5266 1344 5319 sdus
1360 5265 1407 5319 Dei
1422 5265 1516 5326 vestri,
1532 5283 1593 5336 quae
1608 5264 1712 5321 lecistis
1726 5280 1775 5318 ro·

140 5347 376 5426 Ψθΐβθῡΰθΰῐῑῑΐ·
978 5355 1030 5410 bis.
1048 5356 1083 5409 Et
1097 5358 1219 5426 migrare
1233 5370 1280 5408 vos
1292 5354 1389 5408 sociam
1406 5361 1485 5409 trans
1502 5356 1678 5416 Damascum,
1703 5354 1775 5408 dixit

177 5432 463 5500 *Qoaenubonnm
480 5440 578 5489 etnon
602 5438 717 5504 malurn,
734 5447 766 5495 ut
788 5442 896 5510 vivatis,
910 5448 938 5497 et
978 5444 1113 5499 Dominus
1128 5443 1202 5498 Deus
1214 5443 1386 5497 exercituum
1407 5460 1509 5498 nomen
1532 5446 1602 5514 ejus.
1622 5464 1633 5491 ι
1650 5444 1775 5513 Populus

141 5524 195 5580 erit
208 5523 344 5579 Dominus
351 5522 425 5578 Deus
435 5525 606 5580 exercituum
615 5524 767 5597 vobiscum,
778 5530 849 5585 deut
864 5531 937 5586 dixi·
977 5532 1146 5587 israeliticus
1166 5530 1331 5586 idololatria
1353 5533 1463 5587 cultura
1476 5531 1664 5595 illecebratus,
1680 5539 1710 5588 et
1724 5533 1777 5588 boc
