3818 6104
135 243 175 303 tn
432 264 436 269 ·
572 258 779 313 cananiam
799 260 836 313 m
855 261 1064 317 nitcrvnann
1086 263 1315 317 rnornnrnn.
1477 242 1563 257 ““
1708 262 1761 318 aar
1848 254 1855 259 “

134 365 190 421 ‘Et
199 367 350 423 milium
362 374 439 442 9⁸⁰i⁸
450 377 504 430 ”it
514 378 589 434 intel
598 381 668 435 ‘¹¹¹oe
677 381 748 445 5¹¹⁰&
765 387 817 436 ’Ul
826 399 925 437 necte·
933 405 957 464 Α
966 388 1088 441 rusalem
1104 386 1287 443 habitaretur.
1305 394 1333 441 ct
1346 391 1440 441 essent
1454 385 1597 455 oprrlenta,
1613 389 1641 438 et
1659 384 1720 453 ipsa
1732 391 1760 438 et

130 454 187 523 gals
200 454 347 527 fastigium
366 463 569 520 sacerdotalem
588 468 728 538 ‹leprimat
743 470 919 537 dignitatem,
963 476 1046 529 urbes
1061 476 1088 529 in
1104 476 1221 529 circuitu
1237 477 1308 543 ejus.
1325 482 1353 529 et
1367 475 1402 528 ad
1422 481 1548 527 austrum
1562 479 1592 527 et
1604 473 1632 526 iu
1649 488 1760 543 campe-

130 556 176 593 nec
189 544 343 611 sacerdotii
362 548 486 619 dignitas
504 555 598 623 regale
616 556 769 625 fastigium,
787 558 833 610 scd
854 575 921 612 eon.
962 563 1065 616 wihus
1089 563 1285 617 habitaretur,
1302 584 1313 613 ,
1330 564 1399 618 Cum
1423 563 1532 632 “mlum
1556 562 1647 615 adhuc
1671 567 1759 615 staret

129 629 228 685 “nm
246 637 401 707 utrumque
411 638 440 692 in
453 640 535 697 unius
552 644 663 698 Domini
676 645 742 699 Jesu
754 645 883 714 gloriam.
962 650 1147 710 Hierusalem,
1162 658 1190 705 et
1206 652 1284 706 bonis
1298 652 1427 706 omnibus
1441 651 1543 721 ubique
1553 651 1719 712 abundaret,
1733 656 1761 704 et

428 785 545 841 CAPUT
558 786 611 841 vn
966 755 1077 792 surnma
1091 757 1158 810 paee
1172 741 1322 805 frueretur,
1331 741 1389 793 haec
1401 740 1529 809 ipsaqute
1538 756 1590 809 ego
1599 756 1673 793 nunc
1687 739 1758 801 dico,

965 825 1153 897 loquebantur
1165 830 1198 881 ad
1215 846 1262 882 vos
1279 829 1385 898 priores
1408 829 1559 898 prophete.
1577 827 1644 891 Qum
1663 833 1758 881 autern

161 918 174 952 r
190 901 227 956 Et
237 903 394 961 factumest
403 907 432 962 in
442 924 516 963 anno
527 916 627 981 quarto
637 911 714 966 Darii
724 912 807 981 regis.
818 912 922 966 farctum
964 920 1059 968 esseut
1072 915 1130 977 illa,
1146 916 1173 969 in
1189 915 1369 986 sequentibus
1381 915 1585 968 manifestatur.

126 992 168 1044 nst
186 990 306 1047 verbum
330 994 441 1050 Domini
463 998 498 1051 ad
519 999 680 1053 Zachariam
697 1001 724 1052 in
741 1010 842 1070 quarm
857 1001 922 1055 neni
1003 1022 1013 1051 ι
1031 1003 1178 1057 Ettivctum
1190 1015 1231 1057 est
1248 1004 1361 1058 verbum
1378 1002 1490 1057 Domini
1501 1004 1704 1058 adZaehariam
1719 1005 1759 1058 di·

125 1079 240 1144 mensis,
257 1081 306 1152 qui
321 1088 364 1137 est
375 1084 485 1140 casleu.
498 1087 678 1142 Etmisernnt
693 1088 726 1141 ad
742 1089 856 1142 (laurum
873 1089 923 1144 Dei
964 1107 1039 1155 cens,
1057 1093 1121 1146 llaec
1134 1093 1173 1146 ait
1187 1092 1321 1146 Dominus
1338 1091 1521 1152 exercituum,
1539 1091 1634 1146 diccns
1651 1111 1656 1144 :
1678 1091 1758 1146 ludi-

125 1164 244 1223 Ssmsar
257 1175 287 1223 et
298 1170 526 1240 Rogommelcch,
540 1181 568 1229 et
584 1177 634 1229 viri
647 1178 694 1246 qui
718 1187 798 1230 erant
812 1194 874 1230 rum
890 1194 924 1231 eo
964 1177 1037 1232 cium
1053 1196 1149 1232 verunt
1162 1180 1593 1247 judicate,etmiscricordiamet
1603 1181 1760 1234 miseratio·
1844 1234 1850 1247 ,

125 1253 481 1328 eddeprecandamiaciem
494 1263 613 1329 Domini,
627 1265 924 1319 utdicerentsarerdo·
964 1281 1014 1319 nes
1029 1267 1121 1330 facite,
1135 1268 1329 1338 unusquisque
1344 1284 1406 1319 curn
1423 1267 1508 1319 lintre
1523 1284 1582 1320 suo.
1600 1268 1718 1321 Viduam
1731 1275 1760 1323 et

126 1340 307 1399 tibusdomus
316 1347 426 1402 Domini
437 1351 608 1405 exercituum
621 1353 798 1422 etprophetis
809 1354 923 1422 loquen·
965 1354 1101 1424 pupillum
1113 1363 1141 1408 et
1149 1356 1284 1408 advenam
1294 1361 1322 1408 et
1328 1371 1478 1424 pauperem
1488 1355 1573 1407 nolite
1581 1355 1758 1421 calumniari,

127 1433 176 1487 tes.
195 1433 325 1487 »Mensis
336 1452 435 1498 nonus,
449 1440 496 1508 qui
507 1439 581 1509 apud
594 1439 726 1493 Hebraeos
745 1440 849 1494 dicitur
869 1442 922 1494 Ca·
964 1448 992 1496 et
1005 1442 1108 1495 malum
1125 1444 1166 1496 vir
1180 1444 1259 1497 fratri
1271 1460 1321 1497 suo
1332 1460 1387 1497 non
1405 1443 1506 1511 rogitet
1517 1442 1544 1495 in
1556 1443 1638 1495 corde
1648 1459 1708 1496 suo.
1727 1445 1760 1497 Et

128 1516 193 1583 sicu,
207 1521 283 1592 apud
298 1539 348 1577 nos
364 1533 477 1581 vocatur
494 1526 655 1581 December.
673 1530 704 1583 ln
723 1529 803 1598 cujus
817 1530 922 1582 mensis
963 1530 1761 1600 nolucruutattenderectaverteruntscapularnreceden-

131 1616 226 1676 quarta
240 1610 286 1664 die
297 1612 436 1667 miserunt
450 1615 485 1668 ad
501 1617 638 1685 templum
653 1617 853 1687 Dotnini,qu0d
863 1619 921 1686 jam
963 1621 1014 1679 tes,
1031 1625 1059 1672 et
1069 1634 1151 1672 aures
1165 1636 1231 1673 suas
1246 1626 1469 1689 aggravaverunt
1480 1635 1513 1672 nc
1528 1618 1669 1679 audirent,
1679 1624 1761 1671 etcor

133 1692 314 1752 instauratum
326 1708 396 1765 erat,
414 1703 448 1756 ad
459 1703 611 1757 Zorobabel
622 1710 649 1757 et
658 1706 753 1759 lesum
766 1706 883 1759 Savusar
897 1705 1044 1762 ctBsuum
1057 1713 1211 1776 posuerunt
1222 1719 1252 1760 ut
1261 1706 1720 1775 adamantcmneaudirentlegem
1732 1712 1761 1760 et

135 1781 353 1852 llognmmeleeh,
371 1790 417 1861 qui
429 1793 471 1857 (ut
486 1791 594 1845 llebrmi
610 1798 767 1855 autumant)
784 1794 923 1863 principes
964 1794 1131 1865 verbaque
1144 1795 1219 1848 misit
1235 1795 1545 1849 Dominusexercituuru
1558 1794 1694 1865 inspiritu
1710 1810 1762 1849 suo

139 1873 925 1952 crantPersarumDominumtimentes,utquiaaudierunt
964 1898 1013 1951 per
1028 1900 1142 1936 aratrum
1158 1885 1357 1953 prophetarum
1369 1883 1622 1953 prior·unr.etsaeta
1633 1882 1760 1935 estindi-

141 1957 314 2017 instauratum
329 1967 476 2038 templum,
490 1975 646 2039 quaererent
660 1987 677 2023 a
690 1970 882 2024 sacerdotibus
895 1977 924 2024 et
962 1972 1059 2040 gnatia
1071 1988 1174 2042 magna
1188 1989 1204 2024 a
1223 1972 1340 2025 Domino
1351 1972 1533 2025 exercituum.
1548 1969 1584 2024 Et
1598 1971 1700 2024 fartum
1717 1977 1761 2024 est

144 2050 387 2119 prophetismum
403 2056 556 2111 secundum
578 2059 809 2112 consuetudinem
828 2060 923 2129 pristi-
965 2059 1038 2113 sicut
1064 2060 1174 2113 locutus
1189 2067 1240 2117 cst.
1257 2067 1284 2113 et
1300 2077 1354 2114 non
1371 2060 1531 2121 audierunt,
1546 2059 1585 2112 sic
1599 2057 1761 2112 clamabunt

147 2152 195 2190 narn
209 2139 274 2194 llere
288 2141 424 2198 ricberent
439 2150 468 2199 et
488 2146 626 2216 jejunare,
640 2163 674 2200 an
688 2147 794 2200 luctum
809 2147 836 2199 in
852 2147 923 2200 laeti-
965 2153 993 2201 et
1003 2164 1058 2200 non
1078 2149 1235 2213 exaudiam,
1248 2149 1316 2203 dicit
1328 2147 1650 2202 Dominusexercituum.
1665 2147 1700 2200 Et
1713 2146 1758 2199 di·

148 2225 200 2279 tinn
221 2234 247 2282 et
265 2231 402 2300 gaudium
423 2240 593 2289 convertere.
613 2256 623 2285 ι
640 2235 774 2304 Nunquid
799 2236 923 2289 llendum
964 2235 1052 2305 spersi
1068 2251 1115 2288 eos
1131 2252 1180 2306 per
1194 2236 1289 2290 omnia
1304 2252 1390 2305 regna
1406 2252 1467 2306 quae
1486 2235 1624 2299 nesciunt,
1641 2240 1671 2288 et
1684 2241 1761 2288 terra

150 2313 201 2367 nihi
212 2324 252 2371 est
266 2318 295 2372 in
311 2321 526 2392 mensequintel
538 2342 550 2374 a
563 2323 666 2386 Quinto
678 2339 782 2384 mense,
792 2323 839 2392 qui
850 2322 924 2391 apud
964 2322 1090 2376 desolata
1104 2330 1147 2376 cst
1162 2323 1197 2376 ab
1212 2323 1262 2387 eis,
1282 2340 1314 2376 eo
1329 2323 1401 2393 quod
1420 2338 1474 2377 uon
1491 2329 1565 2376 esset
1579 2322 1720 2375 transiens
1732 2327 1761 2376 et

151 2400 540 2480 maauosvocaturrlugustus
553 2411 685 2463 subversa
695 2418 737 2464 est
746 2411 922 2464 Hierusalem
964 2416 1115 2469 revertens,
1128 2418 1156 2465 ct
1166 2417 1320 2482 posuerunt
1332 2416 1436 2464 terram
1447 2410 1658 2464 desiderabilem
1672 2411 1701 2464 in
1715 2411 1761 2464 de·

153 2490 422 2552 allabuchodonesor.
438 2499 480 2554 Ob
491 2515 694 2570 quamcausam
706 2499 838 2568 usquead
854 2498 921 2552 illud
963 2506 1080 2552 sertum.
1094 2517 1107 2551 a
1122 2500 1186 2553 llaec
1199 2507 1265 2553 sunt
1278 2501 1392 2570 (inquit)
1409 2516 1471 2569 quae
1491 2498 1558 2551 milri
1575 2498 1637 2568 plus
1650 2498 1762 2567 placent

154 2582 240 2651 leupus
250 2584 457 2655 jejunaverant,
474 2587 674 2641 desolationem
690 2587 787 2657 templi
802 2587 878 2640 luctu
894 2594 922 2641 et
963 2603 1046 2658 quam
1058 2587 1198 2657 jejunium
1220 2588 1309 2658 quinti
1325 2594 1353 2641 et
1365 2587 1476 2659 septimi
1492 2588 1605 2647 mensis,
1622 2603 1682 2657 quae
1695 2587 1762 2657 quia

147 2670 922 2746 'mamrecensolantesNuucverequoniamtemplumre·
963 2691 1018 2728 non
1043 2675 1157 2740 lecistis,
1174 2676 1270 2729 traditi
1290 2678 1357 2729 estis
1377 2676 1531 2745 captivitati
1553 2682 1581 2729 et
1599 2676 1758 2746 opprobrio.

154 2757 262 2815 structum
273 2762 780 2834 videbant,etcausarnnonsuperesse
791 2763 920 2829 tristitiae,
965 2781 978 2816 r
997 2763 1089 2817 Facite
1103 2764 1211 2834 linquit)
1224 2764 1444 2817 misericordiam
1460 2770 1489 2817 et
1503 2764 1720 2818 miserationem.
1743 2784 1756 2817 a

153 2839 299 2920 interrogant
310 2857 405 2906 utrum
420 2854 471 2907 hoe
486 2869 561 2907 nunc
577 2852 668 2906 facere
679 2851 807 2905 debeant
822 2850 856 2904 Et
869 2853 922 2906 lroc
963 2849 1184 2906 Misericordiam
1218 2852 1309 2906 facere
1333 2857 1386 2914 cst,
1410 2852 1616 2922 eleemosynam
1640 2853 1758 2923 pauperi

154 2938 248 3004 siquod
259 2939 350 3000 dicit«
358 2941 492 3012 Nunquid
501 2942 675 2996 sanctificare
687 2956 731 2994 me
742 2939 838 3000 debeo,
849 2940 922 2994 sicut
962 2938 1028 2993 dare
1040 2958 1045 2991 :
1058 2941 1252 2994 miserationes
1262 2957 1336 2996 vero.
1348 2939 1521 2992 debitoribus
1533 2939 1688 3009 indulgere,
1696 2957 1758 3011 quae

153 3016 189 3073 laci
198 3025 458 3092 jumannismultisi
472 3050 482 3078 a
495 3030 637 3101 Jejunium
658 3033 757 3082 vocant
770 3029 845 3082 enim
856 3008 951 3082 san·c
962 3027 1017 3082 rluo
1032 3029 1062 3081 in
1077 3030 1213 3099 propheta
1234 3027 1309 3082 isaia
1324 3028 1363 3082 ita
1377 3028 1517 3086 dicuntur.
1537 3046 1547 3076 r
1571 3029 1679 3097 Frange
1693 3044 1758 3083 esu·

154 3106 330 3182 andaonem,
343 3118 409 3188 quia
423 3117 452 3172 in
462 3119 572 3188 jejunio
583 3116 618 3170 ab
629 3117 757 3171 omnibus
771 3116 920 3187 voluptati·
962 3114 1044 3167 rienti
1056 3131 1155 3185 panem
1166 3121 1256 3168 tuum.
1271 3133 1283 3163 v
1295 3116 1363 3168 Ecce
1379 3114 1608 3168 misericordiam.
1627 3115 1660 3169 Et
1674 3116 1758 3185 paulo

154 3190 371 3270 hasabstinebant,
382 3205 633 3277 etbouisoperibus
644 3205 921 3276 atqueeleemosynis
962 3219 1056 3272 supra,
1075 3221 1088 3255 c
1103 3203 1226 3256 Dissolre
1241 3203 1433 3273 colligationes
1446 3202 1610 3272 impietatis,
1624 3203 1700 3256 solve
1715 3203 1758 3256 ia·

153 3287 268 3345 natant.
285 3292 366 3347 Unde
376 3298 405 3346 et
420 3294 556 3364 propheta
570 3293 646 3357 dicit,
663 3313 674 3343 ι
688 3292 868 3346 Sanctificate
879 3293 921 3361 je·
961 3291 1079 3344 scieulos
1089 3292 1296 3360 deprimentes:
1312 3308 1397 3344 »ecee
1409 3290 1612 3345 miserationes.
1625 3291 1701 3346 Ordo
1711 3308 1759 3346 au·

151 3369 244 3439 iunium.
264 3398 275 3431 s
298 3381 440 3450 Jejunium
457 3382 630 3435 sanctificare
645 3385 688 3434 est
702 3381 843 3449 adjunctis
857 3379 920 3433 aliis
960 3385 1017 3433 tem
1034 3380 1206 3433 rectissimus
1223 3387 1273 3439 est,
1290 3387 1320 3432 ut
1331 3379 1468 3446 judicium
1491 3386 1627 3449 sequatur
1646 3380 1759 3447 miseri·

153 3456 326 3530 boniaavitiis
345 3469 495 3524 abstinere.
517 3469 668 3540 Postquam
686 3486 752 3538 erge
767 3469 920 3538 interroga·
960 3468 1064 3526 cordia.
1083 3467 1202 3521 manime
1226 3467 1254 3521 in
1277 3467 1379 3519 iratres
1401 3483 1471 3536 quos
1492 3467 1533 3520 vel
1554 3468 1701 3536 sauguinis
1716 3468 1758 3521 vel

152 3561 225 3609 veura
237 3559 387 3612 Persarum
404 3559 543 3629 principes
561 3575 611 3629 per
632 3559 738 3628 legatos
749 3573 817 3626 quos
834 3557 919 3608 vuise-
961 3555 1086 3622 ejusdem
1100 3555 1163 3607 lidri
1178 3554 1258 3608 nobis
1272 3553 1368 3623 jungit
1382 3554 1504 3606 affinitas
1537 3556 1609 3607 Nam
1634 3557 1708 3624 quod
1729 3556 1758 3608 iu

151 3648 203 3704 mr,
216 3645 247 3698 lit
260 3662 353 3700 sermo
363 3646 474 3700 Domini
492 3646 527 3699 ad
546 3647 721 3717 prophetam,
735 3646 876 3715 imperans
888 3650 920 3697 ut
960 3643 1022 3712 lege
1036 3643 1146 3701 dicitur,
1166 3662 1177 3693 r
1194 3644 1256 3696 Non
1273 3641 1447 3695 misereberis
1463 3642 1489 3694 in
1503 3643 1620 3709 judicie,
1636 3643 1757 3714 »inipso

152 3722 256 3799 lavatur
279 3735 315 3788 ad
336 3751 448 3788 omnem
470 3735 614 3806 populum.
639 3732 816 3803 loquebatur
834 3733 918 3787 etiarn
958 3730 1064 3799 judicio
1077 3736 1185 3783 nonest
1201 3731 1241 3783 illi
1254 3729 1758 3788 miserendumscdconvictoetrea-

152 3815 341 3887 tdsacerdotes,
354 3823 421 3893 quid
435 3822 556 3876 debeant
569 3822 747 3893 respondere.
961 3827 1022 3872 tum
1040 3835 1121 3871 suum
1138 3818 1281 3871 confitenti
1298 3818 1489 3870 misericordia
1507 3817 1756 3888 impendendaest.

177 3906 334 3964 ‹Etlaetum
346 3919 388 3964 est
400 3909 513 3964 verbum
526 3910 636 3966 Domini
647 3909 820 3963 exercituum
833 3908 867 3960 ad
878 3924 921 3960 me
961 3906 1002 3960 De
1017 3906 1106 3959 viduis
1119 3923 1230 3976 quoque
1253 3911 1281 3958 ct
1304 3905 1417 3974 pupillis
1440 3905 1575 3958 Dominus
1600 3907 1732 3976 praecepit
1749 3925 1754 3959 :

153 3987 242 4050 littus:
262 3999 389 4069 Loquere
411 4000 446 4053 ad
467 4016 579 4054 omnem
599 3999 732 4070 populum
746 4004 829 4050 terrae
844 4004 870 4050 et
885 3997 919 4048 ad
962 3992 1029 4047 Esto
1045 3994 1157 4063 pupillis
1173 4001 1252 4063 pater
1272 4000 1299 4045 et
1325 4009 1375 4062 pro
1396 3993 1454 4044 viro
1476 3998 1566 4045 mater
1580 4009 1688 4045 eornm.
1704 3994 1758 4046 nd-

154 4085 284 4142 tacerdetes
298 4088 404 4151 dicens,
413 4092 483 4144 Curn
496 4090 663 4160 jejunaretis
674 4095 702 4142 et
710 4087 881 4158 plangeretis
892 4087 919 4138 in
961 4097 1036 4134 vena
1048 4097 1157 4150 quoque
1168 4087 1196 4132 et
1207 4079 1322 4149 pauperi
1336 4079 1462 4149 precipit
1471 4078 1640 4132 calumniam
1652 4096 1707 4133 non
1718 4080 1758 4133 in·

156 4168 226 4235 quina
235 4182 262 4230 et
270 4176 299 4231 in
311 4179 431 4249 septimo
451 4194 605 4249 menseper
616 4179 667 4230 hos
681 4176 860 4247 septuaginta
875 4190 922 4227 an·
963 4168 1116 4229 ferendam,
1130 4168 1197 4238 quia
1207 4169 1326 4221 alterum
1342 4166 1528 4237 peregrinatio
1543 4167 1682 4228 humiliat,
1693 4168 1760 4222 alte-

156 4266 322 4336 mauunquid
335 4267 472 4336 Jejunlum
483 4265 634 4336 jejunastis
644 4263 732 4318 mihil
748 4283 761 4316 a
776 4263 809 4317 ln
825 4264 922 4334 quinto
964 4274 1025 4311 rum
1039 4265 1158 4325 egestas
1171 4257 1239 4310 Cum
1257 4257 1314 4309 baec
1324 4263 1352 4309 et
1362 4256 1417 4308 vilia
1436 4257 1599 4326 praeceperit
1612 4256 1758 4318 Dominus,

159 4357 229 4404 nense
239 4354 487 4424 jejunabant‚quia
496 4356 523 4408 in
538 4354 585 4407 illo
597 4353 729 4407 subversa
740 4360 783 4407 est
795 4352 924 4406 Hierusa-
964 4346 1004 4399 illi
1017 4352 1130 4399 econtra
1144 4346 1280 4403 facerunt,
1299 4350 1327 4397 et
1347 4350 1491 4397 verterunt
1500 4345 1535 4397 ad
1549 4360 1613 4398 eum
1625 4346 1717 4410 dorsa,
1734 4352 1763 4400 et

159 4429 198 4488 bn
208 4454 221 4490 a
232 4441 375 4506 Chaldaeis,
391 4443 510 4512 septimo
534 4449 640 4499 autern,
657 4443 724 4513 quia
735 4451 802 4495 tunc
817 4441 924 4494 occisus
966 4435 1152 4499 recedentem,
1161 4433 1187 4486 ivl
1198 4440 1241 4487 est
1250 4439 1422 4486 avertentem
1433 4449 1462 4491 se
1473 4433 1627 4503 scapulam.
1640 4439 1668 4486 et
1679 4450 1762 4488 aures

160 4528 191 4575 cst
200 4525 325 4594 bodolias,
339 4547 423 4602 quem
434 4532 598 4600 praelecerat
607 4547 654 4585 rex
667 4530 816 4601 Babylonis
831 4536 922 4589 terrae,
966 4528 1196 4593 aggravaverunt,
1213 4521 1285 4575 sicut
1298 4521 1390 4574 surdae
1404 4520 1524 4590 aspides.
1542 4518 1720 4592 Quapropter
1728 4521 1764 4575 ad

160 4615 293 4688 etreliquiae
307 4620 402 4692 populi
416 4620 548 4690 dispersas
559 4627 636 4674 sunt.
660 4619 734 4673 Dicit
749 4635 815 4688 ergo
832 4617 925 4671 Domi·
965 4628 1068 4682 magna
1089 4618 1203 4682 peccata
1223 4610 1295 4663 iacta
1312 4616 1354 4663 est
1369 4625 1469 4678 magna
1485 4608 1535 4662 Dei
1549 4609 1714 4679 indignatio,
1736 4616 1764 4663 et

160 4707 280 4771 uus:Quid
288 4711 358 4764 mihi
367 4708 583 4781 proderatquod
589 4706 760 4778 jejunabatis
770 4712 799 4759 ei
809 4707 925 4776 plange.
966 4698 1086 4769 dispersi
1100 4705 1164 4752 sunt
1180 4716 1229 4769 per
1240 4714 1335 4767 regua.
1353 4713 1414 4766 quae
1429 4703 1512 4749 antea
1525 4697 1694 4761 nescierunt,
1711 4698 1763 4750 ds-

161 4784 259 4865 balisper
266 4799 444 4869 septuaginta
453 4795 728 4851 annosdesolationis
738 4794 922 4856 Hierusalem,
967 4788 1117 4857 syriorum,
1131 4788 1274 4840 Medorum
1284 4793 1310 4839 et
1322 4785 1480 4841 Persarum,
1493 4789 1521 4836 et
1535 4790 1611 4837 terra
1626 4800 1687 4854 quae
1697 4784 1765 4838 llue-

160 4892 264 4939 cunnon
278 4887 357 4952 mihi,
372 4887 422 4940 sed
437 4886 513 4940 vobis
526 4884 716 4956 jejunaretis?
967 4875 1015 4929 bat
1030 4876 1101 4929 laete
1113 4882 1141 4928 et
1153 4876 1244 4938 melle,
1254 4890 1332 4927 versa
1342 4880 1384 4927 est
1399 4873 1426 4926 in
1439 4871 1626 4925 solitudinem.
1644 4873 1767 4927 Possunt

189 4968 318 5040 licentra,
333 4994 346 5027 v
361 4975 472 5028 Etcum
493 4973 690 5028 eornedistiset
699 4969 808 5024 bibistis
821 4990 831 5017 v
846 4969 872 5023 in
885 4969 927 5023 se·
968 4971 997 5018 ct
1012 4965 1070 5017 haec
1081 4964 1178 5017 referri
1190 4964 1224 5015 ad
1235 4980 1282 5015 eos
1293 4962 1340 5031 qui
1352 4962 1381 5014 in
1395 4959 1514 5014 Ecclesia
1529 4959 1610 5030 positi
1629 4961 1663 5014 dc
1679 4962 1765 5017 virtu-

161 5054 299 5119 stiritatibus
309 5064 418 5127 restris,
433 5084 444 5114 v
459 5063 586 5133 nunquid
597 5079 652 5115 non
668 5060 744 5113 vobis
754 5059 927 5120 comedistis,
969 5052 1115 5122 tumcopiu
1125 5051 1300 5120 superbiunt,
1311 5067 1361 5102 nec
1371 5051 1427 5103 Deo
1437 5047 1766 5120 doctorigratiasugunt,

163 5150 186 5196 et
194 5149 378 5224 vobismetipsis
386 5150 513 5204 bibistis?
530 5149 698 5203 »Nouenim
715 5148 758 5201 his
773 5146 856 5200 rebus
872 5146 930 5216 pla·
971 5141 1075 5194 idcirco
1088 5140 1165 5206 justo
1179 5137 1227 5189 Dei
1239 5135 1346 5205 judicio
1362 5135 1565 5206 permittuntur
1575 5137 1770 5191 tentariadia·

162 5239 305 5306 mullibus,
318 5241 367 5294 sed
378 5240 458 5294 bonis
468 5238 609 5309 operibus,
624 5238 651 5290 in
659 5236 766 5306 judicio
781 5241 809 5287 et
818 5235 931 5304 justitia
972 5229 1045 5292 boib,
1066 5236 1093 5280 bi
1108 5225 1284 5295 captivantur
1299 5224 1349 5277 sub
1367 5225 1426 5293 it‘ge
1442 5223 1557 5294 peccati,
1579 5230 1608 5276 ei
1629 5225 1773 5280 desolatur

163 5327 301 5385 alteritate.
318 5331 387 5384 Esca
401 5336 495 5383 autem
515 5343 565 5381 nos
588 5343 642 5380 nen
668 5325 847 5379 cornmendat
862 5324 930 5376 Deo.
973 5324 1048 5371 terra
1064 5331 1172 5373 eorum,
1188 5313 1215 5366 id
1234 5320 1284 5372 cst,
1298 5314 1392 5365 anima
1404 5311 1544 5382 quendam
1560 5311 1706 5366 Trinitatis
1722 5316 1771 5368 lto-

192 5415 327 5489 ‹Nunquid
339 5420 474 5473 haecsunt
483 5416 576 5479 verba,
588 5432 649 5486 qua
660 5416 770 5468 locutus
785 5411 931 5465 cstDouri-
974 5405 1099 5475 spitium.
1113 5411 1141 5456 ct
1155 5403 1274 5456 vertitur
1284 5403 1311 5455 in
1322 5403 1474 5462 desertum,
1489 5400 1624 5454 derelicta
1638 5418 1654 5455 a
1666 5403 1724 5456 Dec
1735 5404 1773 5455 in-

165 5504 236 5560 lusio
248 5524 326 5563 mauu
338 5508 539 5578 prophetarum
553 5505 687 5577 priorum,
696 5518 759 5556 curn
768 5501 859 5554 adhuc
870 5499 933 5553 llic·
975 5492 1141 5547 habitatore.
