3818 6104
157 305 208 364 167
362 297 552 356 HAYMONIS
570 296 816 353 HALBERSTAT.
837 294 950 351 EPISO.
970 292 1050 349 OPP·
1069 294 1162 352 PARS
1180 296 1203 352 1.
1226 328 1259 340 -
1278 298 1465 360 oolfflnN'r.
1484 303 1577 362 BIBL.
1737 303 1789 365 168

151 431 210 486 rint
219 434 249 485 et
260 427 453 484 formidabunt
465 440 521 479 non
535 423 685 478 Dominum
694 421 785 476 Deum
795 437 887 486 suum,
896 416 1106 480 sedAJudaico
1120 422 1233 492 populo,
1250 423 1325 479 sicut
1343 425 1475 496 gentibus
1488 427 1621 483 misertus
1636 432 1689 482 est.
1711 427 1786 483 Deus

152 524 290 582 nostrum,
303 514 566 588 quianecdumeum
577 514 723 565 merentur
732 509 835 563 habere
845 509 944 563 Deum.
988 505 1065 559 enim
1076 507 1171 561 volens
1183 510 1414 580 misericordiam,
1426 514 1493 585 quia
1513 515 1674 571 misericors
1689 522 1743 581 est,
1758 523 1787 572 et

154 595 949 662 «DominumDeumnostrumdesiderabunt,ettimebunt
988 594 1052 647 ideo
1066 602 1222 652 revertetur
1240 599 1397 656 miserendo
1426 603 1467 656 eis
1489 620 1559 673 quos
1582 602 1736 675 abjecerat.
1752 605 1787 661 m

153 700 217 751 te.»
235 695 306 750 Cum
320 693 355 746 de
368 690 453 746 tertia
468 703 588 760 persona
607 687 780 757 loqueretur,
790 683 883 739 subito
898 700 948 754 per
987 681 1103 753 projicit
1115 683 1144 737 in
1158 686 1327 754 protundum
1339 689 1425 744 maris
1435 696 1549 762 peecata
1559 698 1666 761 nostra,
1683 699 1717 748 ut
1727 694 1787 764 Jsm

151 782 351 855 apostropham
372 776 509 834 convertit
526 791 556 830 se
579 774 614 828 ad
639 773 792 838 Christum,
813 778 842 828 et
863 772 944 826 dicit:
987 784 1044 823 uon
1058 778 1221 842 appareant.

155 868 376 933 «Timsbuntte,
392 886 403 917 ›
419 866 521 920 idcirco
536 862 740 927 obmutescent,
755 865 948 931 etcaeterapa·
1025 859 1617 931 tDabisveritatemJacob,miserirordiam
1627 868 1785 938 Abraham,

151 960 259 1014 tientur
272 974 335 1029 quae
350 957 425 1010 dicta
440 952 675 1019 sunt,uttimeant
683 955 721 1017 te,
732 966 748 1004 o
759 948 949 1018 Ohriste,quia
989 961 1051 1016 quae
1062 948 1165 1017 jurasti
1179 951 1306 1020 patribus
1330 955 1434 1009 nostris
1449 972 1467 1009 a
1487 956 1586 1012 diebus
1612 958 1753 1031 antiquis.
1769 978 1785 1014 a

151 1048 264 1103 initium
278 1044 423 1116 sapientiae
434 1042 522 1099 timor
532 1039 655 1095 Domini.
988 1033 1078 1100 illam,
1090 1036 1191 1108 inquit,
1197 1040 1353 1107 veritatem,
1359 1058 1443 1113 quam
1449 1044 1602 1115 promisisti
1612 1045 1698 1102 Jacob
1708 1064 1787 1104 servo

187 1151 202 1186 u
216 1133 294 1198 Quis,
306 1133 392 1197 Deus,
409 1127 509 1183 similis
523 1127 575 1191 tui,
587 1126 636 1197 qui
650 1124 744 1181 autera
754 1124 943 1194 iniquitatem,
986 1127 1045 1185 tuo,
1063 1128 1092 1177 et
1103 1125 1324 1182 misericordiam
1336 1146 1422 1200 quam
1438 1132 1617 1202 pollicituses
1627 1135 1785 1192 dilectotuo

149 1227 177 1277 et
186 1221 291 1276 transis
300 1224 445 1291 peccatum
461 1215 643 1286 reliquiarum
658 1213 832 1269 haereditatis
845 1211 943 1266 turcl»
984 1208 1402 1277 Abrahamdabiscredentibus
1412 1219 1522 1275 inteex
1529 1226 1651 1293 utroque
1669 1224 1783 1294 populo.

149 1299 942 1380 IntelligensprophetaadhoeDominumirascigentibus,
984 1295 1057 1351 Nam
1070 1315 1121 1369 per
1130 1301 1225 1370 Jacob,
1242 1303 1290 1374 qui
1307 1306 1502 1376 supplantator
1525 1308 1638 1374 dicitur,
1650 1311 1786 1383 antiquus

149 1405 182 1453 ut
196 1413 243 1452 eas
257 1394 387 1450 turbaret
400 1399 428 1447 et
454 1388 648 1456 confunderet,
663 1395 693 1445 et
719 1394 752 1443 ut
770 1388 892 1443 turbatis
915 1391 944 1441 et
984 1384 999 1439 J
1002 1386 1144 1443 udaeorum
1156 1390 1276 1461 populus
1289 1393 1466 1465 intelligitur,
1476 1397 1525 1467 qui
1537 1397 1567 1452 in
1573 1398 1720 1453 Christum
1728 1415 1786 1455 cre·
1804 1448 1807 1453 .

149 1484 272 1541 contusis
287 1487 423 1555 parceret,
436 1486 465 1535 et
489 1484 602 1551 peccata
621 1479 755 1544 auferret,
771 1478 944 1546 donaretque
985 1471 1054 1528 dens
1068 1477 1259 1547 supplantavit
1271 1479 1478 1538 infidelitatem.
1495 1482 1557 1539 Illis
1570 1501 1638 1556 ergo
1647 1484 1728 1541 dabit
1737 1503 1784 1542 ue·

148 1575 280 1638 salutem,
295 1570 489 1626 admiraturet
498 1566 755 1622 laudatbonitatem
767 1566 827 1631 Dei,
836 1564 942 1619 dicens:
984 1560 1097 1616 ritatem
1109 1564 1299 1633 premiorum,
1315 1584 1376 1638 qua
1405 1570 1446 1624 eis
1474 1570 1614 1641 pollicitus
1641 1578 1707 1628 ost:
1735 1590 1786 1645 per

149 1679 164 1714 e
180 1663 257 1727 Quis,
273 1661 358 1724 Deus,
369 1657 469 1712 similis
489 1655 576 1711 tuil»
592 1655 726 1710 subaudis
738 1653 842 1708 nullus.
860 1671 873 1703 ι
889 1650 943 1716 Qui
983 1647 1137 1715 Abraham,
1154 1651 1201 1722 qui
1216 1657 1297 1723 pater
1315 1656 1478 1723 multarum,
1495 1657 1630 1714 subaudis
1643 1661 1784 1731 gentium,

147 1751 242 1805 aufers
255 1748 436 1820 iniquitatem
448 1751 476 1800 et
490 1744 594 1799 transis
608 1742 943 1814 peccatumreliquisrum
955 1727 1200 1809 Binterpretatur,
1215 1742 1368 1799 multitudo
1379 1746 1507 1815 gentium
1531 1746 1706 1819 designatur,
1723 1766 1785 1822 qua

146 1837 320 1895 haereditatis
331 1841 387 1890 tuae
397 1833 435 1888 t»
451 1832 678 1904 Sicutquondam
687 1831 842 1901 inAEgypto
852 1835 944 1884 exter·
985 1825 1123 1881 credendo
1138 1828 1169 1883 in
1180 1827 1323 1884 Christum
1338 1831 1417 1888 tacte
1428 1840 1496 1889 sunt
1505 1835 1557 1889 tilii
1565 1835 1784 1911 Abrahamqui·

146 1928 270 1983 minator
277 1925 394 1996 angelus
403 1923 500 1978 videns
506 1921 672 1992 sanguinem
682 1921 711 1974 in
717 1918 944 1975 toribuslsraeli-
985 1911 1038 1968 bus
1052 1914 1130 1970 dabit
1145 1917 1363 1974 misericordiam
1375 1921 1548 1992 gratissime,
1564 1929 1593 1979 et
1606 1941 1659 1981 sno
1681 1927 1783 1983 merito

145 2026 251 2082 tarum,
267 2011 457 2086 pertransivit,
474 2016 502 2065 et
516 2026 572 2064 non
587 2010 627 2063 eis
641 2009 746 2063 nocuit.
985 2017 1032 2056 eus
1046 2004 1252 2073 justificandos
1266 2009 1396 2078 peccatis.
1413 2009 1480 2075 Qua
1494 2011 1589 2066 omniu
1601 2013 1716 2083 jurati,
1731 2015 1785 2071 hoc

183 2104 272 2158 «Non
289 2100 425 2155 immittet
444 2099 521 2153 ultra
544 2098 668 2152 furorem
695 2095 790 2164 suum,
808 2095 941 2166 quoniam
983 2091 1252 2148 estimmutabiliter
1276 2096 1432 2166 promisisti
1454 2098 1582 2170 patribus
1610 2117 1684 2157 verae
1705 2103 1782 2171 fidei,

144 2192 240 2246 volens
254 2188 472 2245 misericordiam
487 2186 710 2241 estRevertetur
722 2190 751 2238 et
764 2181 943 2237 miserebitur
982 2180 1056 2249 quod
1070 2179 1201 2236 videlicet
1214 2199 1248 2236 ex
1264 2184 1495 2251 totalhominum
1514 2187 1697 2245 multitudine
1714 2191 1784 2248 ulios

145 2280 246 2335 nostri.
258 2279 386 2349 Deponet
398 2274 563 2348 iniquitates
584 2278 703 2338 nostras,
716 2278 744 2327 et
767 2271 896 2343 projiciet
911 2270 941 2325 in
981 2267 1110 2334 veritate,
1126 2268 1196 2323 alios
1228 2271 1420 2328 misericordia
1446 2275 1611 2332 salvares«
1640 2278 1783 2338 Universa

144 2367 315 2440 protundum
324 2365 410 2420 maris
419 2364 516 2419 omnia
528 2368 644 2435 peccata
652 2365 758 2426 nostra,
772 2360 825 2415 »id
836 2364 942 2413 estnon
982 2354 1058 2410 enim
1069 2356 1119 2411 vie
1133 2357 1256 2426 Domini,
1272 2358 1464 2419 misericordia
1478 2368 1507 2419 et
1518 2364 1631 2423 veritas.
1646 2384 1660 2420 a

144 2456 175 2511 in
191 2463 359 2529 perpetuum
372 2455 520 2520 irascetur,
535 2452 584 2507 sed
601 2450 753 2521 aliquando
762 2447 942 2503 miserebitur

554 2714 626 2809 IN
652 2712 900 2808 NAHUM
928 2709 1366 2811 PROPHDTAM.

177 2984 290 3042 Nahum
299 2984 446 3058 propheta,
455 2981 527 3039 sicut
539 2987 568 3038 ot
576 2979 819 3045 Jonas,interitum
829 2978 968 3038 Ninivaec
979 2974 1105 3047 Assyriis
1117 2994 1123 3043 ;
1139 2975 1207 3042 sive,
1224 2976 1317 3033 altiori
1331 2994 1427 3045 sensu,
1443 2980 1518 3051 quod
1530 2981 1629 3037 audiat
1641 2983 1781 3053 gemitum

141 3075 262 3130 civitatis
276 3090 385 3145 magnae
401 3073 565 3127 vaticinatus
579 3075 631 3136 est,
647 3074 676 3124 et
687 3069 840 3124 secundum
852 3083 936 3122 suum
977 3068 1147 3130 sanctorum,
1165 3064 1296 3137 quodque
1309 3067 1338 3120 in
1348 3067 1404 3122 flne
1415 3068 1781 3141 saeculidignaadversariis

140 3162 316 3229 vocabulum,
335 3162 401 3234 quia
414 3161 526 3216 Nahum
542 3159 701 3214 consolator
724 3157 935 3227 interpretatur,
977 3157 1082 3211 inierat
1101 3156 1251 3227 supplicia.
1275 3157 1433 3214 AEmulator
1447 3166 1562 3215 vocatur
1580 3162 1684 3218 zelans.
1700 3164 1781 3221 Zolus

140 3252 302 3308 consolatur
316 3250 506 3322 captivitatem
521 3249 617 3303 decem
636 3246 772 3311 tribuum,
788 3261 859 3317 quas
876 3247 937 3315 jam
978 3250 1071 3300 autem
1087 3245 1239 3316 aliquando
1248 3245 1277 3300 in
1288 3245 1390 3302 bonam
1406 3253 1514 3320 purtem
1527 3250 1651 3321 ponitur,
1668 3251 1780 3309 dicente

140 3341 346 3396 transtulerant
354 3338 464 3410 Assyrii
479 3339 509 3392 in
522 3333 937 3407 Niniven,regnanteinludaea
978 3332 1083 3388 Paulo:
1099 3333 1286 3389 AEmulamini
1310 3336 1482 3393 charismata
1508 3338 1645 3408 meliora;
1661 3346 1692 3397 et
1717 3343 1777 3414 ipss

138 3426 258 3483 Eaechis
270 3443 346 3498 rege.
358 3425 419 3481 Non
432 3425 507 3480 enim
522 3429 585 3480 erat
597 3440 682 3496 parva
704 3421 856 3477 consolatio
877 3427 938 3476 tam
978 3420 1115 3477 Dominus
1128 3422 1158 3476 in
1168 3423 1294 3494 psalmo:
1312 3443 1324 3475 ι
1346 3425 1426 3481 Zelus
1447 3426 1548 3482 domus
1573 3433 1629 3484 luae
1654 3430 1778 3485 comedit

139 3515 319 3587 hisquijam
335 3513 457 3586 Assyriis
472 3512 640 3574 serviebant.
661 3529 745 3584 quam
765 3510 882 3583 illisqui
906 3509 937 3564 in
979 3525 1034 3565 me.
1052 3530 1064 3561 ι
1080 3511 1193 3567 Zelatur
1207 3511 1282 3566 enim
1297 3513 1372 3568 Deus
1385 3514 1415 3568 in
1429 3515 1549 3570 salutem
1576 3532 1648 3588 quos
1677 3517 1777 3589 dignos

137 3601 234 3659 Judaea
249 3603 301 3659 sub
314 3603 431 3658 Ezechia
444 3601 652 3669 obsidebantur,
669 3606 702 3655 ut
713 3600 844 3655 audirent
853 3600 936 3669 Assy·
977 3597 1071 3664 habet,
1083 3604 1116 3654 ut
1125 3615 1195 3671 quos
1209 3616 1266 3655 non
1280 3603 1541 3667 servatclementia,
1555 3606 1680 3677 corrigat
1690 3607 1775 3663 casti·

138 3692 197 3748 rios
211 3692 340 3747 inimicos
354 3708 421 3747 suos
434 3707 452 3745 a
464 3689 602 3745 Chaldaeis
615 3689 775 3761 capiendos.
975 3686 1062 3757 gotio.
1074 3687 1147 3742 Hine
1162 3688 1197 3742 ad
1206 3689 1392 3753 Hierusalem,
1401 3691 1609 3762 quaeobstinats
1618 3694 1776 3753 intentione

976 3774 1007 3829 in
1020 3776 1142 3845 peccatis
1156 3777 1350 3848 permanebat,
1367 3782 1456 3835 iratus
1484 3780 1620 3838 Dominus
1648 3784 1776 3857 loquitur

384 3832 504 3889 CAPUT
529 3832 682 3887 PRIMUM·
975 3878 1027 3934 per
1040 3864 1231 3921 Ezechielem:
1260 3868 1367 3922 ‹Zelus
1383 3884 1463 3923 meus
1482 3870 1598 3925 recessit
1621 3889 1639 3926 a
1660 3878 1699 3937 te,
1717 3891 1774 3930 non

175 3939 606 3999 (ODUSNinivae·Lib01'ViSi0DiS
616 3940 729 3995 Nahum
740 3936 904 3993 Helchesaei·
919 3955 932 3989 b
974 3949 1082 4006 irascar
1095 3952 1146 4008 fibi
1155 3953 1239 4008 ultra⁸
1254 3974 1266 4006 p
1283 3955 1432 4027 Sequitur:
1452 3976 1464 4008 q
1479 3958 1622 4015 Ulcisceng
1635 3960 1774 4020 Dominus

136 4030 215 4088 Onus
224 4031 297 4103 apud
308 4030 460 4102 prophetas
468 4046 553 4100 grave
562 4029 672 4101 pondus
680 4025 933 4091 miseriarum‚ubi·
974 4043 1004 4094 et
1012 4039 1118 4095 habens
1137 4041 1271 4106 furorem,
1286 4043 1425 4100 ulciscens
1454 4045 1593 4103 Dominus
1619 4048 1650 4104 iu
1678 4051 1773 4108 hostes

135 4135 246 4189 cunque
257 4120 382 4190 P⁰¹¹iiu¹⁸2
397 4119 529 4188 designat
543 4119 618 4189 q¹1⁰d
644 4135 709 4173 eum
726 4121 824 4172 ⁰0¹¹tffl
847 4131 931 4187 quem
972 4144 1047 4191 suos,
1065 4134 1094 4184 et
1106 4128 1230 4185 irascens
1244 4130 1304 4202 ipse
1319 4131 1441 4188 inimicis
1453 4135 1548 4193 suis.»
1564 4137 1702 4194 Dominus
1711 4141 1773 4197 nul·

135 4205 240 4260 dicitur
258 4210 378 4276 premat,
394 4222 446 4259 ΠΕΟ
458 4205 532 4259 sinat
558 4205 667 4260 elevare
692 4202 931 4269 cel'lioe111·Ql¹od
972 4216 1031 4270 tum
1041 4222 1149 4272 motum
1163 4219 1261 4286 animi,
1277 4220 1385 4276 nullum
1400 4224 1623 4297 potestrecipere
1633 4227 1768 4296 furorem,

133 4292 353 4356 summonitor,
369 4293 481 4346 Nahum
509 4293 672 4357 llelchesaei,
701 4293 809 4347 viculus
831 4296 875 4346 est
901 4290 1517 4380 ianuiinsummatranqusslitatemitisest
1535 4320 1699 4372 almanus,
1717 4319 1771 4375 sod

135 4377 260 4445 Gallim,
273 4379 333 4448 lam
351 4379 479 4433 funditus
494 4380 613 4446 dirutus·
635 4387 665 4435 et
684 4380 729 4434 Vix
748 4380 931 4435 aedifici0rl¹11¹
971 4393 1160 4464 metaphorice
1171 4396 1274 4451 dicitur
1288 4397 1391 4453 habere
1404 4400 1539 4465 furorem,
1556 4419 1621 4458 cum
1635 4406 1713 4462 mala
1726 4408 1771 4463 ul·

135 4466 333 4521 demonstrans
355 4467 481 4537 vestigia·
497 4467 577 4533 Quod
586 4468 661 4522 essim
685 4467 799 4539 quidam
823 4468 928 4535 dicunt,
970 4479 1093 4547 ciscitur,
1111 4483 1178 4553 quia
1198 4485 1237 4539 sic
1256 4485 1459 4542 sustinentibus
1487 4489 1607 4546 videtur.
1631 4492 1771 4552 Irascitur

133 4570 199 4611 eum
208 4555 400 4610 llelchesaeum
412 4555 544 4611 hahuisse
554 4567 673 4626 patrem,
682 4556 783 4610 salsum
791 4556 929 4612 est.Liber
969 4583 1036 4638 ergo
1047 4569 1193 4635 Dominus,
1205 4574 1349 4629 attollant,
1358 4575 1438 4630 nobis
1448 4577 1523 4648 quod
1532 4579 1585 4634 sibi
1595 4574 1770 4641 contrariu&

131 4643 248 4700 visionis
261 4643 296 4698 de
310 4659 343 4698 ⁸0
358 4642 470 4709 dicitur,
487 4644 554 4714 quia
567 4644 665 4698 nonin
685 4643 775 4699 extasi
794 4643 928 4716 l⁰q¹10b8·
969 4661 1021 4720 est,
1040 4664 1068 4712 et
1080 4657 1198 4714 sublatis
1213 4661 1256 4715 his
1270 4678 1331 4733 quae
1345 4662 1398 4717 sibi
1408 4665 1565 4737 displicent,
1578 4669 1608 4722 in
1618 4672 1770 4744 antiquum

131 4736 189 4797 tur,
205 4737 237 4787 ut
254 4731 380 4787 haeretici
397 4730 538 4799 dixerunt,
554 4738 689 4802 tanquam
710 4732 837 4787 nesciens
861 4733 928 4804 quid
968 4750 1073 4801 statum
1094 4749 1211 4804 correcti
1224 4750 1561 4810 hominesredeanffiam
1571 4757 1766 4830 scriptumest:

132 4818 238 4874 diceret
256 4837 335 4875 more
353 4835 619 4890 energumenorum,
632 4821 681 4876 sed
704 4820 825 4889 ridebat,
841 4821 870 4876 id
886 4827 930 4877 est
971 4852 983 4885 ς
999 4834 1136 4906 flagellat
1147 4853 1260 4893 omnem
1273 4838 1363 4894 filium
1378 4858 1462 4912 quem
1477 4843 1587 4916 recipit,
1604 4865 1617 4897 ,

131 4903 308 4976 intelligebat
317 4911 418 4961 cuncta
431 4923 493 4978 quae
502 4907 678 4981 loquebatur.
691 4908 928 4979 bloraliterloqui·
1005 4941 1019 4977 1
1031 4923 1167 4979 Dominus
1179 4927 1289 4996 patiens
1299 4934 1328 4983 et
1338 4946 1457 5001 magnus
1468 4932 1642 4990 fortitudine,
1649 4954 1661 4988 ‚
1674 4935 1767 5002 Quem

130 4997 180 5047 tur
191 4994 328 5065 propheta
342 4995 372 5048 in
387 4996 576 5052 consolatione
596 5001 757 5053 sanctorum
767 4998 802 5052 de
810 4999 927 5053 interitu
968 5028 1054 5084 ,upra
1067 5013 1203 5068 zelantem
1218 5021 1248 5070 et
1274 5016 1378 5074 habere
1396 5019 1520 5076 furorem
1548 5022 1667 5089 dixerat,
1691 5043 1769 5084 nunc

131 5088 160 5138 et
169 5084 225 5138 tine
239 5085 347 5150 mundi,
358 5101 443 5157 quem
456 5085 586 5157 designat
595 5087 705 5157 Ninive,
717 5088 927 5161 quainterpre-
966 5102 1120 5172 patientem
1128 5110 1220 5158 vocat:
1229 5103 1277 5160 diu
1287 5107 1362 5162 enim
1371 5109 1550 5180 Assyriorum
1560 5112 1698 5169 sustinuit
1704 5133 1769 5188 poe·

130 5176 209 5228 tatur
217 5173 333 5244 pulchra
343 5174 925 5250 velspeciosalitnihilvidemuspulchrius
966 5194 1072 5257 catast
1080 5206 1130 5244 sua
1140 5190 1353 5264 longanimitate
1363 5199 1617 5268 provocaviteosad
1624 5203 1768 5273 poeniten·

129 5261 246 5330 mundo,
256 5268 380 5334 quatenu
393 5264 500 5318 somnia
506 5265 610 5319 caduca
619 5272 647 5321 et
656 5267 926 5324 mundanacontem·
965 5276 1103 5333 tiam.Sed
1111 5280 1178 5350 quia
1189 5288 1419 5354 contempserunt
1428 5287 1583 5344 bonitatem
1591 5290 1767 5365 Dei,nequa.

16 5401 20 5409 .
129 5355 209 5418 nant,
225 5357 253 5405 et
268 5351 303 5405 ad
314 5351 388 5405 diem
398 5352 499 5422 judicii
513 5369 543 5407 se
557 5360 667 5423 parent.
965 5383 1049 5437 quam
1060 5369 1309 5439 quasiinnocentes
1317 5373 1424 5430 inultos
1433 5376 1536 5431 habere
1545 5379 1729 5450 patitur.Hoo
1736 5392 1766 5440 et

165 5455 179 5490 c
195 5439 271 5496 Deus
285 5439 441 5506 aemulator,
453 5440 623 5497 etulciscens
636 5445 780 5502 Dominus.
794 5449 924 5503 »Laudat
964 5454 998 5508 de
1013 5455 1093 5512 nobis
1108 5457 1200 5513 dicero
1211 5461 1293 5530 juxta
1308 5464 1444 5519 moralem
1465 5465 1638 5523 intellectum
1661 5487 1767 5541 possu-

128 5525 268 5600 propheta
280 5525 443 5600 Dominum,
456 5529 531 5611 quod
545 5530 621 5611 ultor
646 5532 685 5589 sit
708 5536 806 5611 populi
824 5538 869 5595 sui
887 5539 923 5596 de
963 5557 1037 5617 mus,
1052 5544 1346 5620 quosbenignitasDei
1357 5552 1763 5630 udpoenitentiamexspectst.
