3818 6104
136 220 190 309 aa
314 184 555 309 'samonis
570 222 815 311 nannsnsrar.
831 216 944 282 anso.
960 227 1041 311 prr.
1058 216 1152 285 raas
1166 229 1190 315 ¹.-
1206 258 1239 271 -
1253 194 1441 320 oouusnr.
1455 226 1553 305 stas.
1706 225 1743 294 tn

134 355 224 426 Digne
238 352 268 407 iu
281 351 435 422 Evangelio
444 352 603 407 eonversari
616 359 659 409 est
674 353 818 409 Christum
830 355 1112 425 secun-Aquoerere,
1141 353 1191 410 sed
1216 353 1349 410 aliorum.
1373 340 1489 408 Utilitas
1515 353 1593 407 enim
1620 354 1745 411 multarunt

134 441 291 513 doniqood
311 440 493 511 Evangeiium
516 441 607 503 docet,
623 441 748 508 eredere,
765 434 873 502 dooere.
889 457 934 495 sa·
975 444 1072 499 multis
1088 438 1224 517 prodest3
1241 441 1326 497 unius
1346 456 1421 506 reno,
1436 440 1550 495 lantum
1572 443 1621 496 nni
1647 444 1745 513 prodest.

133 530 257 586 nundum
272 530 334 600 sius
349 533 487 600 praecepta
501 529 593 585 virere
608 535 636 585 et
648 547 709 602 quae
723 531 864 603 promittit
875 547 936 603 spes
974 533 1025 588 Sed
1037 538 1063 587 el
1075 549 1107 587 en
1121 548 1181 602 qus
1195 534 1330 587 alienun.
1346 529 1374 584 id
1400 534 1453 595 est,
1471 544 1534 601 qtns
1563 530 1599 584 ad
1621 532 1746 588 multat-nn

133 634 207 681 rare,
221 623 251 672 et
264 634 297 672 ex
316 618 458 672 mandatis
473 619 534 689 ejus
543 619 640 674 omnia
649 636 742 693 agere.
761 620 792 675 ttt
802 622 858 674 siue
869 636 934 697 enm
975 620 1125 676 utilitatem
1141 621 1284 693 pertinent
1299 633 1426 689 quaerere
1438 617 1587 673 debemus.

133 712 231 783 vetem
244 711 268 760 rt
285 706 444 773 sideream,
460 705 594 762 subaudis
609 708 748 779 gaudeam
779 708 813 763 de
840 711 934 763 sestis
1001 704 1064 766 'lloe
1078 714 1153 765 enim
1167 712 1264 764 sentite
1277 712 1308 763 in
1331 709 1415 772 nobis,
1431 708 1485 762 hoe
1500 712 1555 768 est.
1575 708 1750 779 intelligiteet

134 795 198 850 side.
213 796 284 864 (inin
307 798 396 851 stolis.
414 796 609 867 perseveratis,
622 782 704 852 solidi
725 798 802 859 estis,
819 800 851 851 in
878 804 933 852 nan
974 798 1064 870 sapite
1085 804 1116 854 et
1141 798 1281 873 complete
1299 797 1330 850 in
1359 795 1447 858 robis,
1463 796 1540 868 qaod
1562 784 1750 867 intelligitisia

133 884 253 954 Spiritu.
269 885 299 938 in
314 880 673 973 unsvotuntatejttndqm
688 886 804 942 Actibus
818 891 932 957 aposto·
974 887 1085 942 Christo
1100 903 1162 942 esse
1187 886 1368 957 completum,
1379 888 1452 954 quoa
1470 891 1495 939 rt
1521 888 1553 939 in
1575 886 1681 942 sonsa
1696 888 1750 950 lest,

134 974 226 1049 lotum
237 970 336 1038 Lucas,
348 972 425 1034 dicit.
438 974 629 1027 Multitudinis
638 976 808 1029 credentiam
816 980 876 1028 erat
886 990 933 1028 ror
972 975 1000 1029 id
1015 979 1068 1041 est,
1084 974 1158 1029 sicut
1174 973 1374 1028 Christusnon
1389 971 1593 1049 qnasisitsua,
1608 972 1658 1026 sed
1668 980 1752 1039 noenu,

133 1063 223 1119 unum
239 1065 372 1117 stenima
386 1067 445 1116 uno
461 1062 527 1129 (dri.
545 1074 591 1127 tv),
616 1063 643 1117 id
662 1068 705 1117 est
719 1079 776 1117 nna
791 1064 929 1125 voluntas,
972 1065 1012 1118 ita
1023 1079 1076 1118 nos
1087 1068 1144 1118 non
1159 1061 1336 1118 solummodo
1346 1068 1443 1116 nostra
1457 1076 1629 1133 quaeramus,
1643 1061 1689 1115 sed
1702 1062 1754 1117 alio

134 1168 193 1208 nna
205 1151 285 1206 ildes.
300 1148 458 1211 inanimes,
475 1150 503 1202 id
519 1153 563 1204 est
580 1149 608 1205 in
620 1166 676 1206 uno
691 1151 804 1222 spiritu,
814 1152 932 1205 ooiinbo·
974 1168 1047 1207 rum.
1064 1152 1118 1220 (lui
1135 1168 1198 1206 eum
1211 1156 1244 1206 in
1258 1152 1351 1218 [ornan
1364 1151 1414 1204 Dei
1427 1153 1503 1212 esset,
1516 1150 1546 1204 id
1564 1154 1620 1213 est,
1632 1149 1662 1204 in
1678 1165 1753 1220 nqua-

134 1245 237 1299 rontcs.
250 1238 278 1294 ld
298 1243 350 1303 est,
365 1237 449 1291 simul
462 1237 622 1293 laborantes
647 1240 676 1293 in
700 1239 755 1294 lida
778 1238 930 1310 Evangelii,
973 1241 1053 1295 litate
1065 1244 1189 1312 paternae
1217 1237 1387 1303 Divinitatis,
1411 1224 1752 1294 nonnabstsntialisetna·

134 1327 206 1383 bene
219 1326 346 1394 vivendo,
357 1332 434 1381 recte
448 1327 586 1382 eredendo
601 1332 631 1382 et
644 1326 779 1383 docendo.
973 1329 1088 1400 aqualis
1101 1329 1130 1383 in
1143 1328 1274 1383 omnibus
1284 1327 1336 1393 illi,
1351 1343 1409 1382 non
1423 1318 1557 1396 rapinem
1571 1329 1718 1383 arbitratos
1727 1332 1756 1383 ai

170 1417 204 1471 tn
218 1419 250 1470 in
263 1418 341 1470 nulio
350 1416 523 1481 terr-eonion,
539 1415 612 1470 iacto
622 1416 663 1470 rel
674 1416 797 1487 negotio.
817 1416 934 1471 Terrea-
974 1434 1061 1472 essese
1070 1421 1202 1487 aqualem
1214 1418 1273 1471 Deo.
1287 1416 1397 1488 Rapina
1407 1423 1451 1471 est
1462 1416 1577 1487 quando
1592 1416 1706 1487 quilibet
1714 1417 1754 1471 ho

135 1506 203 1560 mini
219 1506 295 1570 dicit,
310 1505 340 1559 id
355 1508 398 1559 est
411 1504 534 1576 pareatis
550 1505 641 1560 minas
655 1511 684 1560 st
706 1522 816 1560 errores
843 1506 932 1562 haere·
974 1521 1021 1559 mo
1030 1500 1151 1559 alienam
1165 1521 1224 1559 rem
1235 1504 1452 1577 perviolentiam
1464 1503 1754 1575 sibiaanrpat,qnsiil

134 1594 255 1649 tinorum
270 1609 455 1666 paganorum,
467 1593 601 1648 falsorum
619 1594 853 1655 Christianorum.
868 1596 934 1666 quia
974 1609 1030 1648 non
1046 1593 1190 1665 competit.
1204 1594 1238 1648 Et
1255 1592 1391 1647 Dominus
1412 1593 1494 1647 lesus
1516 1592 1647 1664 rapinam
1666 1608 1716 1647 non
1727 1592 1755 1647 le·

134 1681 252 1737 afflictio
267 1687 323 1754 qua
333 1698 380 1737 vos
389 1682 534 1743 tribulant,
548 1682 583 1736 sd
592 1682 802 1738 damnationem
816 1687 859 1738 est
867 1679 932 1746 illis,
945 1687 1062 1761 ficerat,
1073 1681 1186 1753 qnando
1201 1682 1271 1736 dixit
1280 1697 1413 1753 saperem
1420 1680 1549 1736 melleo
1559 1681 1637 1735 Patri
1647 1686 1754 1754 alequa·

137 1772 166 1826 ei
176 1769 253 1825 vohis
267 1768 303 1825 ad
318 1769 434 1842 praemla
459 1776 571 1825 aeternae
595 1770 841 1824 remunerationis.
860 1772 933 1838 Qus,
974 1770 1030 1826 lem
1046 1770 1174 1835 dicendo,
1192 1771 1247 1838 Epo
1267 1774 1293 1824 et
1309 1772 1390 1824 Potor
1404 1785 1495 1823 onam
1508 1785 1609 1823 snmus
1621 1772 1711 1840 (loon.
1725 1774 1752 1835 ti.

137 1858 272 1915 subaudis
295 1856 411 1914 alllietio
436 1863 464 1913 et
489 1858 634 1913 tribulatio
647 1865 748 1921 vestra,
763 1860 823 1913 iliis
837 1856 882 1912 est'
898 1858 934 1914 ad
975 1858 1036 1915 Nisi
1051 1859 1079 1912 in
1095 1858 1213 1912 veritate
1227 1860 1303 1912 esset
1314 1856 1400 1912 lilius
1426 1857 1487 1923 Ilei,
1504 1857 1624 1929 oeqnalis
1650 1858 1688 1912 illl
1712 1872 1755 1913 nos

136 1949 356 2023 damnationem.
372 1948 405 2003 iil
420 1948 468 2002 lton
482 1947 538 2002 illis
551 1965 569 2002 o
581 1949 631 2002 lieo
645 1949 694 2003 liet
714 1947 750 2002 ad
775 1947 935 2002 damnatio·
975 1954 1051 2003 esset
1077 1947 1107 2001 in
1136 1946 1274 2001 omnibus.
1288 1947 1448 2001 Praeoursor
1470 1960 1539 2001 uero
1559 1946 1636 2001 illins
1661 1946 1753 2018 quande

136 2054 211 2103 nem,
223 2034 252 2092 et
261 2036 381 2092 robisad
394 2036 618 2091 salutemntliter
629 2055 635 2089 ε
648 2037 715 2101 Hos,
725 2035 826 2107 inquit,
837 2053 855 2090 a
865 2037 931 2100 Deo,
974 2036 1054 2098 dixit.
1069 2036 1130 2091 Non
1143 2051 1206 2089 suan
1232 2036 1357 2090 Christus
1384 2037 1476 2101 (ioan.
1491 2037 1521 2103 t),
1546 2035 1754 2106 intemgatma

134 2124 270 2182 subaudis
282 2140 445 2180 eoncessum
460 2130 503 2179 est
528 2123 615 2189 robis,
628 2130 660 2179 ut
681 2141 731 2195 pro
746 2126 807 2195 eius
820 2124 934 2179 nomine
974 2123 1074 2179 scribis
1088 2130 1116 2178 st
1128 2122 1277 2178 Phariseeis
1294 2128 1323 2178 et
1337 2123 1450 2194 populo,
1463 2123 1487 2177 si
1502 2122 1632 2191 dixisset,
1647 2125 1754 2195 Egoson

135 2214 205 2269 talla
216 2212 348 2286 patiendo
362 2228 541 2285 perseverare
552 2212 674 2287 possitis,
687 2217 718 2267 ut
727 2213 849 2283 palmam
862 2229 934 2268 mar·
975 2213 1113 2273 Christus.
1130 2211 1260 2284 rapinam
1273 2211 1393 2266 fecisset.
1401 2212 1499 2266 Simon
1514 2228 1583 2283 ergo
1594 2226 1691 2284 magus
1699 2212 1755 2277 rapi·

134 2300 202 2373 tyrii
217 2300 378 2364 obtineatis,
394 2300 468 2375 quod
483 2316 539 2354 non
555 2300 682 2354 concedit
696 2300 749 2354 nisi
760 2301 934 2355 amatoribus
974 2317 1040 2357 nam
1053 2301 1128 2360 feeit.
1137 2301 1258 2372 quando,
1268 2316 1332 2356 eum
1343 2307 1417 2356 esset
1426 2300 1751 2369 tiliusdiaboiidisitilst

136 2388 204 2457 suis,
220 2405 290 2461 quos
304 2388 363 2459 ipse
376 2402 473 2442 amare
482 2404 512 2441 se
525 2387 602 2441 feeit.
614 2388 666 2443 snt
679 2392 710 2441 at
724 2391 809 2443 etiam
823 2404 875 2457 pro
885 2391 933 2443 itio
975 2396 1034 2457 viu)
1048 2410 1054 2444 :
1071 2390 1128 2460 Ego
1142 2405 1204 2444 sum
1216 2390 1293 2444 tilius
1313 2389 1372 2453 liei,
1391 2403 1444 2459 ego
1458 2404 1522 2443 sum
1537 2389 1703 2460 paraeletus,
1716 2400 1752 2458 ege

134 2480 299 2547 potiamini,
320 2476 348 2532 id
363 2482 406 2532 est
420 2493 470 2549 pro
483 2475 673 2548 illopatiendo
693 2477 932 2548 perseverantiam
973 2494 1037 2534 sum
1056 2479 1131 2533 iliius
1146 2478 1205 2533 Dei.
1220 2479 1274 2534 Sed
1292 2479 1468 2546 semetipsum
1495 2482 1666 2543 exinaniuit,
1676 2478 1702 2532 id
1714 2482 1751 2541 eti,

135 2566 262 2623 habeatis
277 2573 306 2622 et
320 2573 418 2638 postea
429 2566 550 2637 palmam
568 2564 726 2620 obtineatis.
743 2567 815 2621 idem
841 2572 931 2621 ceria·
974 2568 1140 2632 humiliavit,
1156 2572 1185 2622 et
1199 2567 1279 2636 quasi
1293 2566 1433 2621 contraxit
1448 2571 1477 2620 et
1496 2566 1656 2622 minoravit.
1671 2566 1752 2621 sain

136 2672 199 2713 rnen
214 2656 350 2717 hohhus,
365 2654 393 2710 ld
408 2661 451 2710 est
462 2671 581 2731 agonem
601 2660 696 2709 contra
714 2655 869 2716 hereticos.
880 2671 932 2727 pa·
973 2656 1044 2710 nitio
1062 2660 1114 2720 est,
1132 2655 1245 2726 quando
1258 2670 1303 2709 res
1318 2669 1421 2726 magna
1435 2654 1750 2728 atinoomprehenslhilia,

134 2762 223 2819 genos
238 2745 379 2817 falsosque
406 2744 591 2802 Christianos.
608 2745 637 2801 Si
661 2745 813 2800 necessitas
835 2745 929 2806 luerit,
973 2744 1002 2799 in
1017 2760 1102 2815 parva
1112 2744 1235 2799 formula
1249 2743 1508 2815 comprehenditur.
1524 2743 1612 2799 Verbi
1623 2740 1751 2816 munatii

134 2835 299 2892 sustineatis
312 2828 408 2908 qualia
420 2833 542 2891 sustinui
556 2834 630 2907 apud
641 2851 697 2902 ros,
714 2834 827 2906 quando
839 2833 933 2889 verbe*
973 2832 1092 2905 quilibet
1106 2832 1204 2889 artilex
1224 2831 1310 2887 totius
1326 2820 1424 2887 mundi
1440 2832 1613 2899 machinam,
1628 2838 1658 2888 et
1669 2830 1750 2905 quain

135 2929 216 2980 ratus
226 2932 288 2980 snm
303 2936 354 2996 pro
368 2923 485 2979 muliere
505 2924 678 2994 pythonissa,
694 2939 778 2993 aqua
801 2922 931 2994 spiritum
976 2923 1080 2976 mundo
1095 2921 1244 2985 habentur,
1260 2921 1398 2987 homines,
1412 2921 1528 2988 bestias,
1540 2923 1677 2983 volumen,
1692 2934 1750 2976 non

135 3011 320 3082 malignitatis
331 3011 444 3077 exclusi,
456 3016 518 3082 quae
530 2994 662 3082 magnum
672 3016 809 3087 qusestum
820 2982 965 3082 praesta·c
975 3017 1027 3075 tes,
1042 3010 1167 3076 arbores,
1182 3010 1319 3067 civitates.
1336 3009 1463 3074 flumina,
1484 3010 1585 3082 pissas,
1608 3010 1638 3065 in
1666 3008 1750 3082 penb-

135 3099 184 3153 bat
201 3096 323 3175 dominis
337 3099 407 3154 suis.
974 3099 1045 3154 sima
1055 3098 1176 3153 formula
1186 3098 1468 3170 adeompatationem
1478 3099 1682 3170 magnitudinis
1689 3111 1750 3155 mtt-

975 3188 1003 3242 di
1017 3188 1137 3243 voluerit
1150 3187 1388 3259 comprehendere
1402 3187 1555 3259 inpletura
1568 3187 1611 3243 vel
1625 3182 1747 3252 remittat

448 3241 565 3298 mour
582 3241 621 3296 Π·
975 3280 1019 3331 est
1031 3275 1192 3331 exinanitio.
1210 3274 1347 3330 seminar
1367 3275 1490 3330 versum
1515 3276 1567 3330 ne
1584 3276 1682 3335 maes.
1695 3262 1748 3345 qut

171 3366 206 3423 nt
225 3380 301 3421 none
328 3366 446 3419 audiatis
460 3366 492 3419 de
511 3381 562 3431 ine,
574 3365 708 3420 subaudis
725 3380 786 3436 quaa
808 3366 933 3421 sustineo
975 3364 1078 3436 ubique
1092 3371 1135 3419 est
1148 3380 1199 3435 per
1211 3363 1431 3418 invisibilitatem
1443 3363 1747 3436 Divinitattssnegae

135 3457 230 3521 Βοηεω
244 3454 361 3527 positus.
840 3455 843 3461 '
975 3453 1052 3507 dein
1068 3468 1153 3523 parva
1165 3453 1257 3507 torma
1272 3452 1394 3506 hominis
1408 3452 1543 3521 dignatus
1569 3459 1615 3509 est
1637 3462 1747 3524 apponte

168 3544 425 3615 Impietepoudium
442 3557 534 3597 nisam
548 3549 579 3596 ut
599 3543 669 3596 idem
696 3546 821 3612 nuptiatis,
838 3544 866 3598 id
880 3550 932 3607 est,
976 3542 1101 3607 visibilis,
1114 3541 1193 3613 quasi
1208 3541 1390 3612 semetipsum
1402 3540 1556 3596 exinanivit
1565 3547 1595 3596 et
1604 3537 1744 3601 humiliavit

134 3634 209 3708 quod
232 3633 358 3706 sapimus
382 3632 412 3686 in
438 3632 547 3697 iide,in
575 3648 669 3704 opere.
681 3631 708 3686 in
735 3632 934 3699 doctrinave}
975 3638 1060 3702 atquo
1079 3637 1120 3697 tut
1148 3631 1189 3684 ita
1210 3629 1316 3700 dicam)
1334 3629 1697 3701 quodammodoeonaarts
1713 3626 1746 3681 iti

133 3739 218 3780 unam
229 3719 402 3778 voluntatem
418 3721 554 3784 habentis,
567 3723 690 3775 eamdem
704 3722 869 3777 charitatem
885 3723 936 3776 hn—
976 3720 1050 3774 enim
1073 3734 1159 3788 supra
1183 3718 1288 3783 omnin,
1305 3726 1383 3771 extra
1402 3718 1509 3782 omnia,
1524 3718 1599 3773 inita
1625 3716 1747 3781 omniatl

134 3815 233 3876 benten
249 3812 408 3876 unottimes,
424 3809 517 3874 idest,
534 3808 790 3872 unius'voluntatis,
808 3811 932 3877 idipsum
976 3807 1113 3879 quidquid
1129 3814 1180 3868 est,
1200 3808 1275 3860 intra
1290 3805 1383 3877 ipsum
1399 3812 1452 3861 est.
1468 3805 1555 3862 Verbi
1576 3808 1670 3878 gratis
1682 3804 1748 3859 :naal

132 3903 286 3958 sentientes.
301 3898 396 3959 idest,
413 3896 642 3970 sapientesquod
658 3914 709 3953 nos
727 3899 871 3970 sapimus:
886 3898 930 3953 rel
973 3896 1074 3951 beatus
1100 3896 1274 3966 augustinus
1301 3895 1379 3960 dicit,
1405 3895 1477 3950 dans
1506 3896 1709 3952 simihtndinen
1723 3902 1747 3945 at

132 3989 206 4060 q'uod
221 3987 378 4059 intelligitis
391 3987 426 4042 de
442 3987 497 4042 fide
518 3994 620 4043 sancta
638 3987 798 4051 Trinitatis,
813 3987 861 4059 qui
881 4003 927 4042 ss·
973 3985 1102 4057 spongia,
1118 3984 1415 4055 etmari‚comparans
1427 3985 1574 4055 spongiam
1586 3978 1747 4055 mnndopotl·

132 4078 284 4148 plentlores
298 4077 375 4143 estis,
399 4076 482 4131 tacite
509 4081 542 4131 nt
569 4080 663 4131 vestro
692 4074 785 4130 studio
813 4081 842 4130 et
863 4090 933 4147 prn-
972 4082 1031 4128 tam
1045 4074 1074 4128 i'n
1090 4072 1182 4127 medio
1197 4071 1329 4134 maris,et
1343 4066 1744 4143 eontparansmsrallisinitsll·

132 4165 272 4241 ditatione
287 4161 380 4219 minus
390 4178 507 4235 capaces
517 4163 640 4235 idipsum
655 4165 777 4235 sapiant.
973 4163 1060 4226 Sient,
1072 4161 1174 4233 inquit,
1189 4159 1306 4233 spongia
1323 4160 1414 4231 posita
1429 4161 1459 4215 in
1472 4161 1568 4216 medio
1583 4161 1671 4217 maris
1680 4158 1747 4216 etit·

167 4252 246 4308 Nihil
259 4267 308 4321 per
320 4253 654 4306 conuntionemomnem
670 4250 715 4305 hic
730 4251 932 4324 prohibeteon·
972 4252 1091 4315 minum,
1106 4249 1232 4321 undique
1256 4248 1341 4304 habet
1364 4265 1478 4321 squam,
1494 4266 1591 4321 snpra,
1608 4250 1690 4315 iutra,
1708 4256 1748 4301 ιεό

130 4339 295 4399 tentionem,
312 4344 341 4413 et
356 4336 541 4393 voluntariam
556 4344 585 4393 et
597 4340 794 4396 necessariam.
808 4341 928 4396 Conten·
936 4333 1053 4411 Ddique
1065 4344 1093 4393 et
1105 4353 1156 4410 per
1167 4337 1274 4392 medias
1283 4336 1408 4392 latebras
1418 4338 1645 4409 penetratur-‚lta
1651 4333 1748 4393 mani!

130 4426 196 4483 tlosi
215 4430 296 4482 erant
305 4426 379 4498 apud
394 4425 595 4503 Philippenses,
612 4428 659 4503 qni
677 4429 885 4486 contendebant
893 4431 929 4486 de
969 4428 1178 4498 comparatione
1192 4425 1353 4480 Divinitatis
1364 4427 1444 4497 qnasi
1456 4426 1527 4482 nihil
1546 4432 1600 4491 est,
1620 4433 1652 4482 et
1663 4427 1699 4482 ita
1706 4422 1749 4477 eir·

131 4502 332 4589 questionibus
345 4514 425 4589 legis,
442 4516 471 4570 et
486 4510 520 4571 'de
532 4516 723 4588 genealogiis:
740 4518 792 4573 hoc
807 4518 880 4586 ideo,
896 4524 929 4575 ut
969 4517 1085 4572 cumdnt
1101 4520 1131 4571 et
1154 4519 1284 4586 penetrat
1307 4513 1445 4569 Divinitas
1473 4515 1580 4581 omnia,
1596 4514 1670 4571 siem
1690 4522 1750 4568 matt

130 4606 199 4661 ditm
217 4602 287 4661 allos
302 4604 482 4677 superabant,
495 4604 552 4676 ipsi
558 4605 674 4677 gloriosi
685 4614 867 4679 apparerent.
876 4608 929 4663 Ne·
970 4605 1126 4678 spongiam.
1140 4606 1271 4659 Formam
1295 4606 1368 4658 serui
1381 4607 1528 4673 ooeipiens,
1545 4604 1642 4671 idest,
1656 4605 1684 4660 in
1698 4597 1750 4655 reri·

130 4712 181 4765 que
196 4698 369 4766 perimmem
383 4696 514 4763 pieriam,
526 4692 608 4749 idest
621 4696 930 4757 venenositatem·-
970 4694 1182 4751 tatehominem
1193 4693 1749 4765 suscipiensinsimilitudiaemitominsn

132 4784 843 4855 litotesnpsrioterslhiinoicemarbitrantea0mnes
853 4785 929 4840 enim
973 4788 1074 4853 faetus.
1090 4783 1142 4837 ilia
1155 4780 1311 4837 similitudo
1325 4797 1377 4853 pro
1395 4782 1456 4853 ipsa
1469 4786 1590 4838 mittete
1603 4766 1749 4855 ponitnnll

132 4868 265 4928 debemus
286 4873 372 4928 hobis
383 4874 513 4929 meliores
527 4880 554 4928 et
568 4872 727 4947 superiores
753 4872 930 4931 existimare:
972 4871 1389 4944 est,rerushomotsetus,quis
1407 4872 1521 4925 Verbum
1540 4864 1750 4938 eorosootumetl

131 4962 160 5014 et
169 4958 193 5014 si
202 4952 347 5016 videamus
357 4961 480 5033 aliquem
491 4961 659 5032 aliquovitio
669 4962 859 5033 mancipatum
870 4979 932 5019 esse
973 4964 1063 5032 (loeta.
1075 4964 1094 5029 ti
1104 4959 1133 5014 id
1142 4960 1272 5023 est‚Deus
1282 4960 1366 5015 homo
1376 4960 1668 5014 iaetnseslds'limiitn
1676 4961 1751 5012 insen·

130 5050 264 5104 ettamen
273 5049 481 5125 aliquatirtute
495 5052 609 5125 pollere,
623 5057 738 5123 propter
747 5068 831 5107 unam
842 5052 928 5109 virtu·
971 5057 1014 5104 tus
1028 5054 1059 5103 ui
1076 5048 1264 5104 miiioituttis
1277 5049 1367 5103 modis
1382 5047 1508 5102 habitum
1521 5048 1650 5103 dicimus.
1669 5047 1752 5102 ustae

128 5130 187 5190 te'm
202 5151 285 5209 quam
301 5132 395 5202 hebet,
407 5139 628 5196 debemusttobls
641 5139 719 5194 iilum
738 5139 884 5212 praeferre:
898 5144 928 5196 nt
969 5145 1026 5193 tem
1041 5137 1155 5193 habitus
1169 5137 1300 5192 accidens
1314 5136 1404 5203 nobis,
1423 5137 1471 5208 qni
1498 5142 1593 5192 mutat
1616 5136 1694 5191 illurn
1716 5126 1751 5186 aui

129 5223 154 5278 si
167 5232 224 5278 non
233 5222 414 5279 videamusin
425 5226 473 5280 illo
483 5228 606 5299 aliquam
622 5229 764 5293 virtutem,
777 5233 869 5303 potest
881 5236 928 5285 ta·
968 5227 1079 5293 accidit,
1100 5228 1149 5282 sed
1167 5242 1224 5282 non
1240 5232 1384 5281 mutatur:
1400 5227 1473 5281 sient
1486 5231 1530 5280 est
1551 5224 1689 5297 sapientis
1703 5232 1754 5307 φῆ

129 5328 194 5369 men
208 5310 313 5368 habere
325 5313 439 5385 aliquod
453 5313 557 5371 bonurn
572 5319 648 5392 qnod
664 5335 715 5374 nos
730 5318 828 5375 lateat.
968 5320 1060 5371 mutat
1074 5316 1218 5371 hominem
1230 5331 1316 5386 quem
1332 5315 1367 5369 de
1382 5312 1754 5369 stultovelstolidoiaeitestt

164 5404 225 5458 Non
239 5393 299 5472 σεε
310 5400 361 5455 sno
379 5400 446 5455 surii
459 5405 566 5471 sinpnii
580 5408 792 5462 considerantes.
808 5408 872 5464 Non
883 5424 925 5464 so·
965 5406 1131 5476 sapientem,
1149 5406 1200 5460 sed
1222 5405 1282 5474 ipsa
1301 5420 1357 5458 non
1376 5408 1512 5459 mutuor.
1534 5403 1584 5458 Est
1596 5402 1707 5459 habitus
1718 5412 1755 5454 ao

128 5482 274 5585 insinuando
289 5502 342 5546 sua
360 5487 511 5583 commoda
520 5495 551 5546 et
562 5504 644 5565 snstn
657 5486 809 5552 utilitatem
820 5492 925 5553 debent
966 5494 1154 5551 cundomodo
1164 5493 1213 5564 qui
1227 5498 1319 5549 mutat
1332 5492 1475 5549 bominem
1491 5497 1521 5548 et
1539 5497 1680 5558 mutabas,
1693 5488 1758 5546 sieut
