3818 6104
180 251 253 325 tzlll
378 249 568 317 aridolus
587 247 834 307 HALBERS'I'AT,
853 243 968 302 EPISG.
989 240 1069 298 OPP.
1088 241 1181 299 PARS
1199 241 1222 295 l.
1243 269 1276 282 -
1295 238 1482 298 commun.
1502 238 1595 298 onst.
1754 238 1819 299 litt

180 384 238 436 tur.
250 378 386 450 Quisquis
398 394 480 450 porse
494 377 650 449 plusquam
661 370 761 443 accipit
773 375 900 433 conatur,
913 368 1011 428 inch
1020 372 1156 438 quantum
1172 370 1267 420 autem
1288 363 1325 418 ad
1342 363 1471 418 altiorem
1491 332 1618 434 pertinet
1636 363 1821 453 mulleolum,

181 470 349 542 plerumque
362 467 484 534 amilon
504 471 533 520 et
550 466 603 519 boc
616 461 691 534 quod
707 464 829 532 poterat,
845 459 913 530 quia
931 475 980 512 au·
1021 470 1154 509 mensura
1167 453 1300 518 hominis,
1315 468 1377 523 quae
1391 455 1435 506 est
1447 451 1551 521 augeli,
1564 451 1738 524 intelligitur
1751 459 1822 509 reete

182 557 280 613 dacter
292 573 327 611 ea
341 572 403 627 qua
420 555 581 624 contingere
596 568 653 607 non
667 550 752 616 valet,
767 549 893 619 arripere
905 547 982 602 testi·
1021 542 1081 614 ipse
1096 543 1223 614 angelus,
1241 539 1452 612 quilicclcoiam
1464 539 1593 607 metitur,
1614 541 1685 612 qaia
1698 541 1826 597 videlicet

183 651 241 701 nat
253 647 326 701 Nam
332 650 362 699 et
370 643 561 698 membrorum
568 646 730 696 nostrorum
741 644 808 693 tunc
819 636 983 692 ministeriis
1021 631 1287 703 gloriaaugclcronr
1297 634 1326 684 ct
1338 628 1485 685 bominum
1491 629 1521 684 in
1528 629 1638 684 calesti
1650 629 1826 687 beatitudine

181 733 381 802 bonefatimnr,
395 746 460 786 com
470 730 573 787 rotela
583 729 675 784 otllcit
684 727 817 783 distincta
827 741 981 781 servamus.
1023 720 1218 792 aquaticam.
1233 718 1316 774 Unde
1336 718 1366 773 in
1384 716 1535 789 Evangelio
1548 718 1611 790 ipse
1625 718 1699 775 dicit
1713 739 1721 773 ι
1736 721 1825 789 ilicone

181 822 287 879 Lucem
301 821 378 877 onim
400 820 489 875 oculis
502 819 654 886 cernimus,
668 830 765 872 rocem
783 831 849 870 vero
867 813 983 869 auribus
1023 811 1127 865 namot
1141 825 1227 878 nepae
1238 809 1390 872 nubentur,
1401 808 1446 861 scd
1455 812 1620 862 erontsrcat
1629 811 1727 877 angeli
1736 811 1787 864 Dei
1796 813 1826 864 r'a

184 912 326 967 audimus.
338 909 444 981 Siquis
455 913 550 964 autem
561 912 671 962 mutato
682 903 984 971 ordine,otllcladeee-
1023 901 1086 955 mo
1100 898 1208 966 (aanor.
1224 897 1279 966 xo).
1295 895 1347 951 Vel
1367 895 1432 951 ideo
1454 912 1590 952 mansura
1610 897 1748 965 hominio,
1767 915 1828 969 qua

184 1000 234 1069 rit,
247 1000 284 1055 sd
297 999 389 1054 aliena
403 1006 461 1053 non
475 996 608 1066 msurgit
618 996 652 1050 lit
668 995 810 1062 torpitudo
824 999 849 1047 et
864 992 983 1047 latitudo
1024 990 1068 1042 cst
1080 987 1184 1058 angeli,
1196 985 1308 1051 dicium,
1320 985 1387 1057 quia
1396 991 1465 1057 qaot
1477 987 1571 1058 augeli
1583 993 1787 1043 remanserunt
1799 988 1827 1043 in

184 1089 346 1151 etaltitudo
359 1091 418 1156 ojus
431 1088 551 1156 aqualia
564 1089 643 1140 sont,
660 1084 724 1139 llrsc
737 1082 844 1137 estilla
859 1080 986 1135 soliditas
1025 1075 1095 1130 conlo
1108 1079 1171 1146 post
1185 1090 1281 1127 casum
1305 1073 1479 1145 archangeli,
1494 1079 1539 1130 tot
1550 1075 1828 1132 bomireadatorrio

187 1176 331 1249 quadram
341 1176 449 1245 figura,
461 1174 496 1229 de
506 1190 562 1245 qua
570 1171 699 1243 superius
708 1170 792 1225 dirit:
804 1170 837 1225 Et
848 1172 945 1224 clrntm
954 1172 986 1223 in
1026 1169 1093 1221 sunt
1106 1163 1249 1218 ascensuri
1263 1163 1294 1216 io
1307 1163 1402 1218 ooelos.

187 1265 296 1333 quadro
301 1267 391 1332 posito
401 1268 471 1318 erat.
479 1259 768 1332 Longitudopcrtinet
775 1258 811 1312 ad
821 1257 915 1323 lldcm,
925 1257 987 1311 alti·
1062 1254 1095 1308 lit
1112 1258 1173 1306 erar
1186 1257 1340 1316 structura,
1353 1251 1383 1305 id
1397 1256 1441 1306 est
1455 1251 1615 1318 nditicatio,
1630 1257 1714 1313 muri
1726 1258 1786 1323 ojus
1798 1273 1827 1309 or

188 1346 987 1423 tadoadopem,latitudoadcharitatem,doquascriptum
1028 1342 1246 1410 lapicejcspidr.
1262 1340 1355 1410 iaspis
1368 1341 1440 1412 lapis
1454 1341 1553 1395 uiridis
1563 1347 1608 1396 est
1620 1342 1828 1415 coloris.stque

189 1446 234 1497 est
244 1459 250 1495 :
262 1443 362 1496 lotam
372 1442 538 1494 mandatum
550 1443 630 1492 tauns
643 1440 729 1491 nirnts
738 1437 794 1508 (Pa.
806 1442 912 1503 curru).
924 1435 989 1489 Sive
1029 1427 1285 1484 Dominumlcsum
1293 1429 1435 1484 Christum
1445 1429 1596 1500 significat,
1603 1431 1655 1502 qui
1664 1436 1709 1487 est
1717 1433 1828 1488 relectio

190 1529 277 1587 etiarn
284 1528 431 1597 longitudo
437 1527 560 1598 pertinet
567 1526 602 1580 nd
609 1523 988 1595 longanimitatem‚altitudo
1029 1525 1190 1573 sanctorum
1205 1517 1382 1572 animalium.
1393 1518 1427 1573 In
1438 1519 1682 1589 contemplatione
1694 1521 1772 1575 enim
1783 1522 1831 1576 ilai

189 1617 227 1677 ad
240 1615 524 1686 contemplationem,
544 1614 664 1669 latitudo
683 1614 745 1667 sino
766 1612 851 1666 dubio
866 1611 989 1665 charita·
1029 1605 1231 1676 omnipotentis
1258 1605 1312 1660 erit
1337 1621 1450 1660 summa
1471 1606 1624 1662 electorum
1640 1609 1789 1680 perfectio,
1804 1618 1832 1666 et

188 1708 249 1761 tom
263 1704 402 1775 derlgnat,
414 1720 477 1774 quar
487 1703 516 1757 in
531 1706 642 1757 tantum
657 1702 777 1766 lotacst,
789 1706 886 1755 utnon
897 1699 988 1753 solum
998 1676 1135 1783 Batenos
1153 1694 1278 1757 satietas,
1299 1695 1380 1765 juxta
1404 1694 1474 1749 illud
1491 1695 1653 1751 Psalmistm
1668 1714 1675 1750 ι
1696 1700 1831 1753 llomr'nro

189 1793 227 1851 ed
238 1793 354 1857 anticos,
369 1792 518 1847 sedetiam
533 1798 623 1862 usque
637 1790 672 1844 ad
688 1790 765 1861 ipsos
779 1789 925 1861 perveniat
939 1787 990 1843 lni-
1026 1788 1116 1854 porcat
1128 1801 1169 1838 me
1178 1788 1203 1838 rt
1218 1785 1293 1838 nibil
1307 1784 1379 1837 mibi
1392 1784 1491 1843 decrit.
1501 1788 1534 1839 ia
1547 1787 1606 1839 loco
1613 1801 1727 1853 panorm
1740 1789 1781 1841 ibi
1794 1803 1833 1841 me

190 1882 288 1937 minos.
303 1879 391 1936 Juxta
404 1880 475 1935 illud
495 1899 500 1933 :
516 1882 630 1948 Diligite
645 1881 773 1932 inimicos
787 1883 897 1941 rastros,
912 1877 990 1931 lem-
1031 1876 1172 1929 collocarit
1181 1872 1269 1943 (Ptol.
1281 1871 1361 1940 nnn).
1373 1872 1437 1927 Sira
1446 1872 1533 1927 etiam
1548 1890 1600 1944 por
1612 1875 1742 1946 lapidem
1750 1877 1834 1947 jaspi-

191 1971 274 2038 fectu
290 1971 333 2023 bio
347 1971 397 2038 poi
410 1970 529 2023 oderunt
542 1984 587 2023 uos
607 1969 681 2033 tlac.
697 1970 746 2034 rr).
762 1965 920 2036 longitudo
940 1965 993 2019 ita·
1031 1963 1107 2028 dem,
1122 1961 1204 2016 electi
1226 1960 1430 2032 exprimuntur,
1452 1976 1572 2031 qnorum
1595 1963 1669 2018 tideo
1688 1979 1833 2035 nunquam

192 2075 249 2131 que
262 2058 393 2123 ciuitatia,
406 2062 435 2112 et
449 2057 570 2112 latitudo
584 2061 670 2126 atquc
682 2055 803 2109 altitudo
817 2056 887 2124 ejus,
899 2069 993 2126 aequa-
1033 2050 1189 2106 marcescit.
1206 2050 1256 2103 scd
1271 2050 1300 2104 in
1313 2049 1455 2105 viriditate
1470 2051 1643 2120 operationis
1658 2059 1783 2107 constat.
1796 2054 1834 2109 lir

191 2148 232 2203 lio
249 2154 326 2213 tort,
353 2146 571 2217 quiaquantum
599 2145 710 2215 patiens
734 2143 819 2198 luerit
836 2158 917 2197 mens
943 2159 993 2213 per
1033 2139 1126 2210 lapido
1135 2154 1203 2208 ergo
1213 2137 1324 2208 jaspide
1336 2142 1479 2192 structura
1492 2138 1613 2194 civitatis
1624 2140 1759 2205 allicitur,
1771 2142 1833 2213 quis

191 2235 448 2306 longanimitatem,
463 2238 579 2288 tanturn
598 2234 657 2287 lata
671 2232 725 2287 erit
738 2248 788 2303 per
802 2246 928 2286 amorem
942 2244 949 2279 ε
964 2238 994 2286 et
1033 2228 1111 2299 prius
1123 2227 1152 2280 in
1163 2225 1287 2280 Ecclesia
1298 2226 1514 2281 suffimentum
1526 2227 1631 2282 Ohss'sli
1640 2230 1833 2293 mmmm»

194 2329 331 2396 qnantum
345 2323 455 2393 patiens
469 2322 555 2376 luerit
568 2337 618 2392 per
636 2320 889 2391 longanimitatem,
907 2334 994 2391 quan·
1034 2317 1079 2371 cui
1090 2315 1176 2370 etiarn
1190 2330 1288 2369 omncs
1302 2315 1400 2369 tidelcs
1414 2322 1658 2387 superponuntur,
1670 2320 1753 2388 iuxta
1767 2319 1835 2374 illud

192 2416 313 2482 tumque
326 2410 385 2466 lata
398 2425 449 2482 per
469 2419 605 2475 umoremr
621 2416 733 2463 tanturn
751 2408 805 2469 crit
821 2414 850 2463 ct
872 2409 930 2463 alta
945 2425 995 2479 per
1034 2403 1162 2476 Apostoli
1175 2405 1235 2458 sno
1247 2404 1490 2472 ourraocoedentcs
1502 2406 1775 2474 lopidrmoicam,ot
1787 2411 1837 2477 ipsi

194 2498 461 2570 contemplationem
474 2516 482 2566 r
494 2498 689 2568 unusquisque
701 2498 737 2552 ad
751 2497 853 2552 altiora
867 2513 917 2568 per
931 2513 996 2552 con·
1037 2500 1172 2562 tuaquom
1188 2493 1290 2580 lapidet
1302 2495 1359 2546 oicr'
1372 2493 1634 2560 ruperndillcamr‘m'
1648 2496 1744 2550 mosas
1757 2500 1838 2566 spiri·

194 2589 410 2660 temptationem
424 2587 553 2658 origitur,
565 2587 734 2658 inquantum
749 2586 931 2656 semetipsum
945 2587 997 2641 lm-
1038 2584 1125 2636 toolcs
1146 2582 1169 2651 (I
1181 2584 1255 2635 Pelr.
1271 2581 1315 2650 nl
1329 2581 1402 2636 Nam
1415 2580 1490 2636 sicut
1507 2582 1538 2636 in
1557 2583 1632 2637 muri
1652 2583 1838 2639 armanore

194 2676 289 2731 miliat
306 2676 335 2731 in
354 2676 502 2730 tolerando
521 2675 598 2730 mala
618 2676 822 2747 proximorum.
838 2675 998 2746 longitudo
1037 2670 1129 2743 primo
1155 2674 1299 2741 ponuntur
1323 2669 1432 2741 lapides
1450 2670 1548 2741 magni
1572 2676 1601 2725 et
1624 2672 1773 2742 quadrati,
1791 2674 1838 2745 qni

195 2765 294 2836 itaquo
308 2765 437 2820 Doclesioe
458 2764 579 2819 latitudo
598 2770 627 2819 ct
640 2764 771 2827 altitudo,
786 2764 907 2834 aqualia
919 2769 996 2828 aunt,
1038 2759 1108 2813 alica
1127 2774 1212 2829 super
1231 2775 1262 2812 rs
1280 2758 1387 2829 positos
1405 2764 1528 2828 portant,
1545 2759 1639 2829 quiet
1661 2761 1718 2832 ipai
1737 2762 1844 2827 iterum,

196 2853 266 2925 qnia
284 2853 455 2924 monaulum
475 2851 646 2922 longanimis
661 2858 705 2907 eat
719 2852 793 2907 inter
810 2852 938 2917 adverso,
954 2851 998 2906 in·
1038 2848 1110 2907 alioo
1127 2852 1250 2919 portant,
1270 2846 1367 2918 sicque
1380 2846 1474 2901 omnis
1492 2846 1642 2902 unumne
1664 2851 1840 2905 construitur

199 2947 338 3014 quantum
362 2941 501 2996 charitate
520 2957 588 3011 erga
601 2957 700 2996 omnes
713 2941 842 3008 dilatata,
856 2940 998 2996 intantum
1009 2947 1186 3008 cuaquequo
1195 2937 1231 2991 ad
1240 2936 1373 2991 ultimum
1381 2935 1504 3007 lapidem
1513 2937 1706 3007 perveniatur,
1718 2939 1770 3010 qui
1778 2956 1841 2995 cum

200 3035 246 3087 eot
256 3030 316 3085 alta
329 3044 380 3101 pa*
393 3029 669 3100 contemplationem.
1039 3031 1168 3098 portetur
1185 3025 1221 3079 ab
1239 3024 1377 3090 omuibus,
1392 3025 1453 3097 ipse
1467 3025 1611 3081 neminem
1629 3033 1739 3098 portat.
1753 3028 1797 3083 lta
1813 3028 1841 3083 in

226 3118 1000 3186 Btoeensarcrtmaromejarocrrtamqaodropiatopoc-
1039 3115 1224 3169 fundamento
1242 3113 1381 3179 Ecclesia,
1400 3113 1494 3185 primo
1511 3114 1597 3185 positi
1618 3120 1689 3171 suut
1712 3117 1842 3187 apostoli,

201 3204 1002 3276 tueronbr'toramdlrecsummaquadraturtmduodcnarii
1041 3204 1143 3265 dcindo
1157 3208 1306 3274 martyres,
1327 3201 1431 3257 deindo
1448 3202 1634 3270 coniuseorea,
1648 3205 1787 3276 virginus,
1801 3206 1843 3259 si·

202 3293 471 3359 marcionistam
486 3294 635 3349 duodecies
650 3295 726 3348 enirn
740 3294 874 3362 duodeni,
888 3299 1002 3348 cantum
1042 3293 1114 3358 duro,
1129 3292 1278 3363 ceterique
1294 3291 1394 3353 sancti.
1417 3291 1465 3361 qui
1480 3308 1510 3346 sc
1524 3308 1625 3346 omnes
1637 3292 1763 3349 inuicem
1778 3310 1843 3366 por-

203 3380 393 3453 qrrtdraginta
412 3388 534 3452 quattor
554 3382 647 3448 fiunt;
671 3382 850 3437 contenarius
866 3398 1002 3437 numeros
1042 3386 1113 3447 torst,
1130 3381 1273 3451 passiones
1288 3396 1348 3435 suo
1359 3379 1464 3435 mentia
1476 3379 1666 3436 libentissime
1676 3383 1841 3451 toleranter,

202 3469 648 3542 porteodonemaignilicet.Undc
655 3470 684 3525 in
692 3470 843 3542 Erarrgclic
851 3470 1000 3525 Dominus:
1039 3471 1121 3540 juxto
1137 3469 1207 3524 illud
1229 3469 1379 3540 apostoli:
1398 3469 1476 3525 Alter
1493 3471 1613 3524 citerior
1632 3486 1722 3525 onero
1738 3477 1844 3541 portate

204 3559 414 3629 Ouirrlipaerit
427 3561 776 3627 dorrram,uelsr·otrcsoct
790 3574 923 3626 sororem,
936 3564 1000 3626 cte,
1045 3559 1144 3630 (dolat.
1159 3558 1272 3627 rr).Vel
1290 3556 1376 3613 etiarn
1391 3558 1518 3629 exemplo
1541 3558 1714 3630 semetipsos
1727 3559 1842 3615 laricem

203 3661 294 3718 utque
307 3651 468 3715 artoptam
483 3651 598 3717 accipiet
610 3649 717 3714 (llottb.
734 3654 797 3713 xm),
813 3647 842 3701 id
856 3653 899 3702 est
912 3648 1004 3719 peric·
1043 3646 1178 3715 forentes,
1184 3653 1213 3703 et
1223 3646 1262 3702 ita
1272 3647 1367 3716 agitur
1376 3663 1466 3718 usque
1475 3646 1604 3701 adduam
1613 3649 1723 3715 ramuli,
1734 3649 1844 3721 quando

204 3735 327 3793 omnem
334 3736 439 3791 montis
445 3742 643 3807 consequetur,
649 3742 682 3790 ut
691 3753 725 3790 ea
731 3752 793 3807 qua
800 3736 896 3790 amisit
904 3736 1002 3803 annual,
1043 3737 1161 3791 ultimus
1173 3736 1279 3791 electus
1292 3736 1323 3789 in
1335 3735 1485 3791 novissimo
1497 3736 1623 3793 culmine
1637 3737 1726 3808 buJur
1735 3737 1842 3792 aedificii

204 3825 283 3881 ultra
290 3825 506 3896 repetcrcnolit.
519 3825 765 3895 Quadrogenarioe
780 3840 1002 3896 quoqocnume·
1042 3831 1164 3897 ponetur
1184 3843 1192 3878 r
1212 3825 1260 3896 qui
1278 3840 1343 3878 cum
1362 3829 1491 3895 portetur
1508 3817 1545 3879 ab
1568 3825 1704 3881 omnibus
1721 3832 1795 3881 rotro
1810 3842 1841 3879 so

204 3928 255 3969 roo
267 3912 299 3968 in
319 3913 466 3983 Scriptura
477 3930 557 3969 sacra
572 3913 741 3968 multimoda
754 3913 863 3968 ratione
883 3913 1003 3968 habetur
1044 3912 1274 3985 procedentibus,
1291 3914 1352 3984 ipse
1365 3918 1462 3968 tamen
1475 3928 1532 3968 non
1548 3913 1666 3969 habebit
1680 3931 1766 3986 quern
1780 3930 1845 3986 por·

204 4003 346 4074 perlectus
363 4022 369 4058 z
389 4004 447 4058 tire
462 4008 577 4074 proptor
591 4003 703 4057 Domini
716 4001 867 4073 jejunium,
882 4002 1004 4072 quadro·
1044 4012 1107 4057 tare
1120 4002 1219 4072 possit,
1228 4001 1295 4072 quia
1306 4002 1337 4057 in
1348 4001 1409 4072 ipso
1418 4001 1511 4056 omnis
1525 4002 1656 4057 Ecclesia
1666 4018 1847 4059 cousumma-

204 4092 393 4163 gintadicbun
399 4098 555 4164 peractum,
563 4093 620 4146 sire
627 4096 742 4163 propter
749 4091 914 4162 decalogum
924 4090 1004 4161 legia,
1045 4091 1122 4145 bitur
1134 4090 1359 4145 aedificatiolirit
1368 4106 1433 4145 rero
1445 4090 1575 4145 Christus
1587 4097 1617 4146 ct
1628 4091 1847 4147 tundamentum

206 4186 235 4236 et
249 4186 371 4252 quatuor
385 4181 546 4253 Evangelia,
567 4182 597 4235 in
615 4181 717 4252 quibus
731 4179 864 4252 perfectio
879 4179 1006 4249 deralogi
1046 4187 1076 4236 et
1095 4181 1300 4236 consummatio
1316 4180 1454 4246 Ecclesia,
1471 4181 1519 4252 qui
1536 4187 1582 4236 eet
1598 4182 1716 4245 initium
1730 4191 1759 4239 ct
1773 4184 1848 4239 ssuis.

206 4271 377 4327 continetur.
389 4269 594 4338 Quaternorr'us
607 4270 738 4324 similiter
758 4274 939 4324 consecratus
952 4273 1004 4334 est,
1014 4304 1039 4363 D
1050 4271 1392 4338 lpeocrrocioitornuram
1399 4271 1549 4338 rabodum,
1554 4272 1647 4324 struite
1653 4274 1728 4326 m'tro
1733 4273 1846 4326 inumb.

206 4363 322 4431 propter
331 4364 453 4429 quatuor
463 4359 580 4415 tlumiua
589 4358 724 4429 paradisi,
733 4359 776 4412 vel
789 4363 910 4429 quatuor
921 4357 1008 4411 libros
1050 4356 1106 4413 Per
1120 4372 1221 4413 aurum
1232 4357 1347 4412 claritas
1357 4357 1665 4428 intelligiturcoelestis,
1680 4359 1717 4414 dc
1731 4361 1850 4431 quallo-

207 4446 422 4517 Evangeliimu
436 4445 521 4502 etiarn
533 4453 649 4518 proptor
661 4452 783 4518 quatuor
790 4448 888 4502 mnndi
901 4452 1006 4519 partes,
1048 4447 1143 4501 minus
1155 4446 1223 4500 dicit
1239 4463 1245 4500 :
1265 4449 1385 4516 Accipite
1405 4450 1571 4516 sapientiam
1592 4451 1665 4503 siout
1681 4464 1801 4503 aurern.
1815 4448 1849 4504 ln

206 4536 1008 4609 rolquatuorrirtutceprincipales.0uiaautemincubitu
1048 4537 1121 4591 rltro
1142 4551 1207 4590 vero
1232 4536 1340 4608 puritas
1364 4535 1490 4591 cordium
1512 4536 1704 4608 intelligitur:
1726 4554 1795 4593 uam
1816 4555 1849 4595 ex

207 4635 310 4683 murus
319 4631 372 4693 eat,
384 4632 461 4682 recte
470 4642 521 4698 per
530 4625 657 4681 cubitum
668 4625 794 4697 operatio
805 4641 905 4681 manus
915 4626 1008 4697 expri-
1049 4625 1158 4681 cacteris
1171 4625 1304 4692 metallis,
1318 4625 1341 4679 si
1357 4625 1504 4680 contlcitur
1514 4625 1629 4695 aliquod
1637 4640 1698 4691 ras,
1712 4625 1849 4697 quidquid

207 4715 386 4772 miroaltum
396 4721 491 4772 tutem
501 4715 563 4786 ipsa
573 4713 902 4769 arcivitaallemmesr
912 4715 1009 4784 itaque
1049 4715 1216 4769 intrinsecus
1225 4715 1349 4786 ponitur,
1365 4714 1537 4769 extrinscous
1553 4714 1803 4769 minimeridetur.
1816 4713 1850 4771 lu

207 4805 326 4875 angelus
333 4820 431 4860 maror
438 4805 560 4859 civitatis
569 4803 879 4875 centumquadraginta
888 4809 1010 4874 quatuor
1048 4804 1122 4858 ritro
1132 4808 1237 4865 autem,
1253 4803 1389 4875 quidquid
1402 4802 1521 4857 iustarum
1534 4802 1659 4872 ponitur,
1669 4807 1763 4858 totum
1776 4808 1851 4858 crte·

207 4892 317 4960 canon,
330 4893 397 4966 quio
409 4895 588 4966 omnipotens
598 4892 675 4947 Deua
684 4892 833 4964 perpendit
843 4893 1008 4949 ctcdnside·
1048 4893 1108 4949 rios
1121 4891 1407 4964 peroptimamque
1421 4891 1485 4945 idco
1494 4906 1546 4962 per
1558 4891 1663 4946 riuum
1678 4892 1793 4963 puritas
1805 4892 1851 4947 de

207 4980 1009 5052 miqunobrmaingulirlectorumrpcrauctoritatemqua·
1048 4983 1178 5052 tignatur
1197 4980 1290 5035 cordio
1312 4979 1440 5035 omniurn
1460 4984 1636 5046 sanctorum,
1651 4996 1717 5052 quon
1731 4981 1849 5048 ioricam

207 5067 507 5138 tuorllrangeliorum,
518 5069 685 5124 laborantia
693 5069 1009 5141 legisdecalogo,quan·
1049 5071 1079 5129 in
1090 5070 1197 5126 coeleati
1207 5068 1382 5124 beatitudine
1392 5068 1522 5125 omnibus
1535 5069 1773 5127 manifestabitur.
1783 5071 1849 5124 flac

208 5157 532 5228 tanquepeneetionem
540 5159 643 5214 mentio
652 5161 1008 5231 consequunturmrtadso·
1050 5161 1126 5216 enim
1149 5157 1235 5213 rerba
1254 5174 1311 5213 non
1332 5157 1369 5212 nd
1389 5163 1556 5230 praesentem
1580 5159 1735 5215 Ecclesiam
1749 5158 1849 5213 reterri

133 5269 138 5277 ·
209 5244 343 5301 aiotatem
354 5246 519 5314 angelorum
530 5248 676 5318 pervenire
691 5247 808 5318 possint,
826 5248 901 5302 unde
914 5248 1008 5318 sequi·
1050 5254 1176 5320 possunt,
1191 5247 1414 5319 inquasingulis
1427 5247 1604 5319 singulorum
1613 5248 1851 5303 momentano.

207 5339 276 5391 toto
290 5335 422 5389 Herma
436 5336 557 5390 bominis
571 5352 631 5406 qun
643 5342 682 5392 est
695 5339 797 5404 capeti.
813 5337 957 5400 Quantum
971 5338 1007 5392 ad
1048 5339 1217 5400 cultarum,
1233 5337 1283 5391 aed
1306 5337 1342 5391 ad
1364 5336 1500 5400 suturam,
1520 5336 1634 5407 quando
1648 5337 1779 5392 renicnte
1794 5336 1849 5393 llo·

207 5423 332 5480 litteram
341 5422 473 5495 pertinet,
483 5423 527 5476 bie
537 5427 693 5481 ostenditur
702 5426 795 5496 iprum
806 5426 949 5496 angelum,
959 5428 1008 5498 qui
1048 5429 1133 5487 mino,
1144 5427 1192 5499 qui
1201 5426 1373 5482 illuminabit
1381 5425 1849 5503 absconditatencbrarummiugu·

207 5512 267 5568 haro
276 5511 550 5569 ostendebatloanni
559 5512 589 5565 iu
598 5514 818 5582 ligurahcminis
827 5516 1005 5586 apparuisse;
1048 5518 1140 5573 lorum
1154 5515 1332 5572 conscientia
1352 5515 1460 5571 cunctis
1473 5513 1743 5571 mmitcatabuntur.
1758 5513 1846 5581 Quid·
