<?xml version="1.0" encoding="UTF-8"?>
<!DOCTYPE html PUBLIC "-//W3C//DTD XHTML 1.0 Transitional//EN"
    "http://www.w3.org/TR/xhtml1/DTD/xhtml1-transitional.dtd">
<html xmlns="http://www.w3.org/1999/xhtml" xml:lang="en" lang="en">
 <head>
  <title>
</title>
<meta http-equiv="Content-Type" content="text/html;charset=utf-8" />
  <meta name='ocr-system' content='tesseract 3.04.00' />
  <meta name='ocr-capabilities' content='ocr_page ocr_carea ocr_par ocr_line ocrx_word'/>
</head>
<body>
  <div class='ocr_page' id='page_1' title='image "./patrologiaecurs31unkngoog/patrologiaecurs31unkngoog_0172.png"; bbox 0 0 3818 6104; ppageno 0'>
   <div class='ocr_carea' id='block_1_1' title="bbox 112 278 1741 376">
    <p class='ocr_par' dir='ltr' id='par_1_1' title="bbox 112 278 1741 376">
     <span class='ocr_line' id='line_1_1' title="bbox 112 278 1741 376; baseline 0.009 -23"><span class='ocrx_word' id='word_1_1' title='bbox 112 288 160 365; x_wconf 73' lang='lat' dir='ltr'>sss</span> <span class='ocrx_word' id='word_1_2' title='bbox 571 289 782 357; x_wconf 72' lang='lat' dir='ltr'>suessano</span> <span class='ocrx_word' id='word_1_3' title='bbox 802 302 840 356; x_wconf 83' lang='lat' dir='ltr'>ru</span> <span class='ocrx_word' id='word_1_4' title='bbox 860 290 1016 360; x_wconf 77' lang='lat' dir='ltr'>caurien</span> <span class='ocrx_word' id='word_1_5' title='bbox 1033 294 1282 364; x_wconf 79' lang='lat' dir='ltr'>enaricon&#39;uu.</span> <span class='ocrx_word' id='word_1_6' title='bbox 1690 278 1741 376; x_wconf 68' lang='lat' dir='ltr'>aar</span> 
     </span>
    </p>
   </div>
   <div class='ocr_carea' id='block_1_2' title="bbox 112 424 1834 5638">
    <p class='ocr_par' dir='ltr' id='par_1_2' title="bbox 112 424 1834 5638">
     <span class='ocr_line' id='line_1_2' title="bbox 112 424 1745 511; baseline 0.009 -28"><span class='ocrx_word' id='word_1_7' title='bbox 112 429 194 484; x_wconf 76' lang='lat' dir='ltr'>(ienae</span> <span class='ocrx_word' id='word_1_8' title='bbox 205 430 282 482; x_wconf 89' lang='lat' dir='ltr'>enirn</span> <span class='ocrx_word' id='word_1_9' title='bbox 297 429 372 483; x_wconf 92' lang='lat' dir='ltr'>illius</span> <span class='ocrx_word' id='word_1_10' title='bbox 386 430 477 487; x_wconf 81' lang='lat' dir='ltr'>erant,</span> <span class='ocrx_word' id='word_1_11' title='bbox 500 434 564 479; x_wconf 84' lang='lat' dir='ltr'>cum</span> <span class='ocrx_word' id='word_1_12' title='bbox 579 426 733 479; x_wconf 78' lang='lat' dir='ltr'><strong>exsultaret</strong></span> <span class='ocrx_word' id='word_1_13' title='bbox 751 426 780 478; x_wconf 93' lang='lat' dir='ltr'>in</span> <span class='ocrx_word' id='word_1_14' title='bbox 793 426 904 496; x_wconf 83' lang='lat' dir='ltr'>spiritu,</span> <span class='ocrx_word' id='word_1_15' title='bbox 914 428 1022 492; x_wconf 76' lang='lat' dir='ltr'>Merit,</span> <span class='ocrx_word' id='word_1_16' title='bbox 1037 440 1089 483; x_wconf 90' lang='lat' dir='ltr'>nec</span> <span class='ocrx_word' id='word_1_17' title='bbox 1104 426 1185 484; x_wconf 88' lang='lat' dir='ltr'>dolus</span> <span class='ocrx_word' id='word_1_18' title='bbox 1197 431 1329 486; x_wconf 74' lang='lat' dir='ltr'>inventus</span> <span class='ocrx_word' id='word_1_19' title='bbox 1344 438 1386 487; x_wconf 81' lang='lat' dir='ltr'>est</span> <span class='ocrx_word' id='word_1_20' title='bbox 1396 434 1425 488; x_wconf 88' lang='lat' dir='ltr'>ln</span> <span class='ocrx_word' id='word_1_21' title='bbox 1440 436 1473 489; x_wconf 78' lang='lat' dir='ltr'>e&#39;tt</span> <span class='ocrx_word' id='word_1_22' title='bbox 1495 436 1579 493; x_wconf 87' lang='lat' dir='ltr'>ullii&#39;s.</span> <span class='ocrx_word' id='word_1_23' title='bbox 1596 424 1745 511; x_wconf 59' lang='lat' dir='ltr'>fragilita·</span> 
     </span>
     <span class='ocr_line' id='line_1_3' title="bbox 112 504 1834 601; baseline 0.009 -30"><span class='ocrx_word' id='word_1_24' title='bbox 112 520 140 573; x_wconf 83' lang='lat' dir='ltr'>dt</span> <span class='ocrx_word' id='word_1_25' title='bbox 152 517 338 586; x_wconf 76' lang='lat' dir='ltr'>Evangelinm</span> <span class='ocrx_word' id='word_1_26' title='bbox 354 506 431 577; x_wconf 77' lang='lat' dir='ltr'>dicit,</span> <span class='ocrx_word' id='word_1_27' title='bbox 443 504 559 569; x_wconf 85' lang='lat' dir='ltr'>velcum</span> <span class='ocrx_word' id='word_1_28' title='bbox 570 504 652 567; x_wconf 76' lang='lat' dir='ltr'>lieret</span> <span class='ocrx_word' id='word_1_29' title='bbox 667 528 752 584; x_wconf 88' lang='lat' dir='ltr'>super</span> <span class='ocrx_word' id='word_1_30' title='bbox 766 522 907 568; x_wconf 83' lang='lat' dir='ltr'>mortuum</span> <span class='ocrx_word' id='word_1_31' title='bbox 950 522 1005 570; x_wconf 89' lang='lat' dir='ltr'>tem</span> <span class='ocrx_word' id='word_1_32' title='bbox 1017 519 1233 587; x_wconf 87' lang='lat' dir='ltr'>quidemcarnis</span> <span class='ocrx_word' id='word_1_33' title='bbox 1246 523 1573 592; x_wconf 81' lang='lat' dir='ltr'>assumpsit,&#39;sedtamru</span> <span class='ocrx_word' id='word_1_34' title='bbox 1585 510 1747 601; x_wconf 74' lang='lat' dir='ltr'>totius&#39;pec·</span> <span class='ocrx_word' id='word_1_35' title='bbox 1829 524 1834 531; x_wconf 46' lang='lat'>⁸</span> 
     </span>
     <span class='ocr_line' id='line_1_4' title="bbox 113 602 1744 688; baseline 0.008 -28"><span class='ocrx_word' id='word_1_36' title='bbox 113 605 261 667; x_wconf 67' lang='lat' dir='ltr'>laturum,</span> <span class='ocrx_word' id='word_1_37' title='bbox 273 606 316 658; x_wconf 78' lang='lat' dir='ltr'>rel</span> <span class='ocrx_word' id='word_1_38' title='bbox 327 612 390 658; x_wconf 82' lang='lat' dir='ltr'>cu&#39;m</span> <span class='ocrx_word' id='word_1_39' title='bbox 402 604 510 657; x_wconf 89' lang='lat' dir='ltr'>doloret</span> <span class='ocrx_word' id='word_1_40' title='bbox 524 618 608 671; x_wconf 89' lang='lat' dir='ltr'>super</span> <span class='ocrx_word' id='word_1_41' title='bbox 618 602 771 672; x_wconf 87' lang='lat' dir='ltr'>perituram</span> <span class='ocrx_word' id='word_1_42' title='bbox 782 602 911 655; x_wconf 81' lang='lat' dir='ltr'>llicrusa·</span> <span class='ocrx_word' id='word_1_43' title='bbox 951 605 1006 677; x_wconf 82' lang='lat' dir='ltr'>eati</span> <span class='ocrx_word' id='word_1_44' title='bbox 1021 606 1156 660; x_wconf 90' lang='lat' dir='ltr'>immunis</span> <span class='ocrx_word' id='word_1_45' title='bbox 1168 607 1230 670; x_wconf 74' lang='lat' dir='ltr'>fuit,</span> <span class='ocrx_word' id='word_1_46' title='bbox 1243 609 1315 662; x_wconf 88' lang='lat' dir='ltr'>sicut</span> <span class='ocrx_word' id='word_1_47' title='bbox 1335 624 1450 681; x_wconf 88' lang='lat' dir='ltr'>serpens</span> <span class='ocrx_word' id='word_1_48' title='bbox 1464 623 1558 668; x_wconf 76' lang='lat' dir='ltr'>teneus</span> <span class='ocrx_word' id='word_1_49' title='bbox 1572 632 1589 668; x_wconf 88' lang='lat' dir='ltr'>a</span> <span class='ocrx_word' id='word_1_50' title='bbox 1604 616 1701 688; x_wconf 71' lang='lat' dir='ltr'>Moyse</span> <span class='ocrx_word' id='word_1_51' title='bbox 1716 619 1744 672; x_wconf 92' lang='lat' dir='ltr'>in</span> 
     </span>
     <span class='ocr_line' id='line_1_5' title="bbox 112 688 1747 773; baseline 0.008 -26"><span class='ocrx_word' id='word_1_52' title='bbox 112 695 175 750; x_wconf 73' lang='lat' dir='ltr'>lem.</span> <span class='ocrx_word' id='word_1_53' title='bbox 191 698 221 747; x_wconf 88' lang='lat' dir='ltr'>et</span> <span class='ocrx_word' id='word_1_54' title='bbox 232 693 318 763; x_wconf 83' lang='lat' dir='ltr'>‘plura</span> <span class='ocrx_word' id='word_1_55' title='bbox 333 693 360 746; x_wconf 93' lang='lat' dir='ltr'>id</span> <span class='ocrx_word' id='word_1_56' title='bbox 373 691 527 761; x_wconf 76' lang='lat' dir='ltr'>genusllae</span> <span class='ocrx_word' id='word_1_57' title='bbox 541 704 620 760; x_wconf 72' lang='lat' dir='ltr'>gene</span> <span class='ocrx_word' id='word_1_58' title='bbox 634 691 728 759; x_wconf 89' lang='lat' dir='ltr'>sponsi</span> <span class='ocrx_word' id='word_1_59' title='bbox 738 688 841 744; x_wconf 87' lang='lat' dir='ltr'>areolis</span> <span class='ocrx_word' id='word_1_60' title='bbox 850 704 911 743; x_wconf 78' lang='lat' dir='ltr'>aro</span> <span class='ocrx_word' id='word_1_61' title='bbox 951 692 1062 747; x_wconf 87' lang='lat' dir='ltr'>deserto</span> <span class='ocrx_word' id='word_1_62' title='bbox 1077 694 1350 766; x_wconf 81' lang='lat' dir='ltr'>exaltatus‚liguram</span> <span class='ocrx_word' id='word_1_63' title='bbox 1361 699 1473 768; x_wconf 89' lang='lat' dir='ltr'>quidem</span> <span class='ocrx_word' id='word_1_64' title='bbox 1484 704 1623 773; x_wconf 84' lang='lat' dir='ltr'>serpentis</span> <span class='ocrx_word' id='word_1_65' title='bbox 1637 705 1747 770; x_wconf 49' lang='lat' dir='ltr'>habenta</span> 
     </span>
     <span class='ocr_line' id='line_1_6' title="bbox 112 779 1747 862; baseline 0.008 -26"><span class='ocrx_word' id='word_1_66' title='bbox 112 788 219 837; x_wconf 85' lang='lat' dir='ltr'>matum</span> <span class='ocrx_word' id='word_1_67' title='bbox 234 789 445 852; x_wconf 77' lang='lat' dir='ltr'><strong>comparantur,</strong></span> <span class='ocrx_word' id='word_1_68' title='bbox 461 780 535 834; x_wconf 75' lang='lat' dir='ltr'>siem</span> <span class='ocrx_word' id='word_1_69' title='bbox 550 779 624 832; x_wconf 90' lang='lat' dir='ltr'>enim</span> <span class='ocrx_word' id='word_1_70' title='bbox 637 779 738 833; x_wconf 76' lang='lat' dir='ltr'>areolae</span> <span class='ocrx_word' id='word_1_71' title='bbox 752 780 910 832; x_wconf 84' lang='lat' dir='ltr'>aromatum</span> <span class='ocrx_word' id='word_1_72' title='bbox 952 781 1002 834; x_wconf 87' lang='lat' dir='ltr'>sed</span> <span class='ocrx_word' id='word_1_73' title='bbox 1016 781 1124 835; x_wconf 86' lang='lat' dir='ltr'>malitia</span> <span class='ocrx_word' id='word_1_74' title='bbox 1134 783 1232 836; x_wconf 80' lang='lat' dir='ltr'>veneni</span> <span class='ocrx_word' id='word_1_75' title='bbox 1247 786 1346 839; x_wconf 87' lang='lat' dir='ltr'>caruit.</span> <span class='ocrx_word' id='word_1_76' title='bbox 1366 804 1379 837; x_wconf 79' lang='lat' dir='ltr'>a</span> <span class='ocrx_word' id='word_1_77' title='bbox 1396 787 1550 845; x_wconf 84' lang='lat' dir='ltr'>Distiactus</span> <span class='ocrx_word' id='word_1_78' title='bbox 1563 792 1715 862; x_wconf 80' lang='lat' dir='ltr'>sapphiris.</span> <span class='ocrx_word' id='word_1_79' title='bbox 1731 811 1747 847; x_wconf 79' lang='lat' dir='ltr'>a</span> 
     </span>
     <span class='ocr_line' id='line_1_7' title="bbox 114 867 1746 948; baseline 0.007 -23"><span class='ocrx_word' id='word_1_80' title='bbox 114 867 912 943; x_wconf 75' lang='lat' dir='ltr'>optime‘compo’sitreetordinataeaspectumintueh&#39;tium</span> <span class='ocrx_word' id='word_1_81' title='bbox 954 869 1109 940; x_wconf 77' lang='lat' dir='ltr'>sapphirus</span> <span class='ocrx_word' id='word_1_82' title='bbox 1134 871 1204 941; x_wconf 87' lang='lat' dir='ltr'>lapis</span> <span class='ocrx_word' id='word_1_83' title='bbox 1228 880 1280 935; x_wconf 83' lang='lat' dir='ltr'>est,</span> <span class='ocrx_word' id='word_1_84' title='bbox 1297 873 1357 928; x_wconf 87' lang='lat' dir='ltr'>coeli</span> <span class='ocrx_word' id='word_1_85' title='bbox 1380 876 1472 929; x_wconf 88' lang='lat' dir='ltr'>sereni</span> <span class='ocrx_word' id='word_1_86' title='bbox 1494 877 1599 933; x_wconf 88' lang='lat' dir='ltr'>habens</span> <span class='ocrx_word' id='word_1_87' title='bbox 1612 881 1746 948; x_wconf 74' lang='lat' dir='ltr'>ccloltsau</span> 
     </span>
     <span class='ocr_line' id='line_1_8' title="bbox 114 954 1749 1029; baseline 0.008 -16"><span class='ocrx_word' id='word_1_88' title='bbox 114 958 265 1022; x_wconf 80' lang='lat' dir='ltr'>delectant,</span> <span class='ocrx_word' id='word_1_89' title='bbox 282 959 379 1029; x_wconf 82' lang='lat' dir='ltr'>eisque</span> <span class='ocrx_word' id='word_1_90' title='bbox 393 958 488 1011; x_wconf 87' lang='lat' dir='ltr'>odoris</span> <span class='ocrx_word' id='word_1_91' title='bbox 503 956 546 1010; x_wconf 90' lang='lat' dir='ltr'>sui</span> <span class='ocrx_word' id='word_1_92' title='bbox 559 956 681 1026; x_wconf 65' lang='lat' dir='ltr'>gratiam</span> <span class='ocrx_word' id='word_1_93' title='bbox 694 954 857 1027; x_wconf 82' lang='lat' dir='ltr'>propinant.</span> <span class='ocrx_word' id='word_1_94' title='bbox 872 956 913 1009; x_wconf 83' lang='lat' dir='ltr'>ita</span> <span class='ocrx_word' id='word_1_95' title='bbox 953 957 1028 1011; x_wconf 89' lang='lat' dir='ltr'>unde</span> <span class='ocrx_word' id='word_1_96' title='bbox 1042 957 1072 1010; x_wconf 89' lang='lat' dir='ltr'>in</span> <span class='ocrx_word' id='word_1_97' title='bbox 1083 957 1187 1011; x_wconf 83' lang='lat' dir='ltr'>visione</span> <span class='ocrx_word' id='word_1_98' title='bbox 1200 958 1311 1013; x_wconf 83' lang='lat' dir='ltr'>Domini</span> <span class='ocrx_word' id='word_1_99' title='bbox 1321 961 1424 1017; x_wconf 90' lang='lat' dir='ltr'>dicitur</span> <span class='ocrx_word' id='word_1_100' title='bbox 1434 981 1458 1017; x_wconf 80' lang='lat' dir='ltr'>:a</span> <span class='ocrx_word' id='word_1_101' title='bbox 1472 965 1507 1019; x_wconf 82' lang='lat' dir='ltr'>Et</span> <span class='ocrx_word' id='word_1_102' title='bbox 1518 966 1647 1024; x_wconf 84' lang='lat' dir='ltr'>viderunt</span> <span class='ocrx_word' id='word_1_103' title='bbox 1658 969 1749 1025; x_wconf 59' lang='lat' dir='ltr'>Mum</span> 
     </span>
     <span class='ocr_line' id='line_1_9' title="bbox 114 1044 1749 1128; baseline 0.007 -27"><span class='ocrx_word' id='word_1_104' title='bbox 114 1046 220 1103; x_wconf 74' lang='lat' dir='ltr'>umisa</span> <span class='ocrx_word' id='word_1_105' title='bbox 233 1047 425 1101; x_wconf 82' lang='lat' dir='ltr'>&#39;mansuetudo</span> <span class='ocrx_word' id='word_1_106' title='bbox 440 1052 468 1099; x_wconf 88' lang='lat' dir='ltr'>et</span> <span class='ocrx_word' id='word_1_107' title='bbox 478 1044 608 1099; x_wconf 81' lang='lat' dir='ltr'><strong>absentes</strong></span> <span class='ocrx_word' id='word_1_108' title='bbox 619 1044 703 1107; x_wconf 79' lang='lat' dir='ltr'>fama,</span> <span class='ocrx_word' id='word_1_109' title='bbox 718 1050 748 1098; x_wconf 89' lang='lat' dir='ltr'>et</span> <span class='ocrx_word' id='word_1_110' title='bbox 761 1050 913 1114; x_wconf 76' lang='lat' dir='ltr'>praesentes</span> <span class='ocrx_word' id='word_1_111' title='bbox 954 1047 1051 1109; x_wconf 83' lang='lat' dir='ltr'>lsrael,</span> <span class='ocrx_word' id='word_1_112' title='bbox 1067 1047 1119 1100; x_wconf 89' lang='lat' dir='ltr'>sub</span> <span class='ocrx_word' id='word_1_113' title='bbox 1128 1047 1246 1117; x_wconf 90' lang='lat' dir='ltr'>pedibus</span> <span class='ocrx_word' id='word_1_114' title='bbox 1256 1050 1317 1118; x_wconf 78' lang='lat' dir='ltr'>ejus</span> <span class='ocrx_word' id='word_1_115' title='bbox 1325 1051 1404 1121; x_wconf 87' lang='lat' dir='ltr'>quasi</span> <span class='ocrx_word' id='word_1_116' title='bbox 1418 1068 1487 1122; x_wconf 90' lang='lat' dir='ltr'>opus</span> <span class='ocrx_word' id='word_1_117' title='bbox 1496 1054 1597 1125; x_wconf 87' lang='lat' dir='ltr'>lapidis</span> <span class='ocrx_word' id='word_1_118' title='bbox 1611 1058 1749 1128; x_wconf 64' lang='lat' dir='ltr'>sapphiris</span> 
     </span>
     <span class='ocr_line' id='line_1_10' title="bbox 114 1122 1749 1216; baseline 0.007 -25"><span class='ocrx_word' id='word_1_119' title='bbox 114 1136 211 1207; x_wconf 74' lang='lat' dir='ltr'>reipsa</span> <span class='ocrx_word' id='word_1_120' title='bbox 221 1122 389 1198; x_wconf 75' lang='lat' dir='ltr'>delectabat,</span> <span class='ocrx_word' id='word_1_121' title='bbox 403 1140 432 1189; x_wconf 89' lang='lat' dir='ltr'>et</span> <span class='ocrx_word' id='word_1_122' title='bbox 442 1135 477 1187; x_wconf 93' lang='lat' dir='ltr'>ad</span> <span class='ocrx_word' id='word_1_123' title='bbox 488 1133 531 1187; x_wconf 90' lang='lat' dir='ltr'>sui</span> <span class='ocrx_word' id='word_1_124' title='bbox 541 1122 719 1186; x_wconf 86' lang='lat' dir='ltr'>dilectionem</span> <span class='ocrx_word' id='word_1_125' title='bbox 729 1133 909 1203; x_wconf 84' lang='lat' dir='ltr'>provocabat.</span> <span class='ocrx_word' id='word_1_126' title='bbox 954 1140 984 1189; x_wconf 89' lang='lat' dir='ltr'>et</span> <span class='ocrx_word' id='word_1_127' title='bbox 998 1135 1078 1207; x_wconf 83' lang='lat' dir='ltr'>quasi</span> <span class='ocrx_word' id='word_1_128' title='bbox 1094 1135 1195 1189; x_wconf 85' lang='lat' dir='ltr'>coelum</span> <span class='ocrx_word' id='word_1_129' title='bbox 1210 1153 1273 1190; x_wconf 86' lang='lat' dir='ltr'>cum</span> <span class='ocrx_word' id='word_1_130' title='bbox 1287 1154 1419 1193; x_wconf 87' lang='lat' dir='ltr'>serenum</span> <span class='ocrx_word' id='word_1_131' title='bbox 1433 1148 1485 1194; x_wconf 88' lang='lat' dir='ltr'>est.</span> <span class='ocrx_word' id='word_1_132' title='bbox 1503 1160 1516 1195; x_wconf 74' lang='lat' dir='ltr'>a</span> <span class='ocrx_word' id='word_1_133' title='bbox 1533 1144 1587 1198; x_wconf 86' lang='lat' dir='ltr'>Per</span> <span class='ocrx_word' id='word_1_134' title='bbox 1600 1147 1749 1216; x_wconf 70' lang='lat' dir='ltr'>sapphirus</span> 
     </span>
     <span class='ocr_line' id='line_1_11' title="bbox 116 1219 1752 1304; baseline 0.006 -25"><span class='ocrx_word' id='word_1_135' title='bbox 116 1222 501 1294; x_wconf 75' lang='lat' dir='ltr'>Heamolsapigmenrsnis</span> <span class='ocrx_word' id='word_1_136' title='bbox 519 1222 633 1275; x_wconf 69' lang='lat' dir='ltr'>conatae</span> <span class='ocrx_word' id='word_1_137' title='bbox 646 1219 913 1290; x_wconf 74' lang='lat' dir='ltr'>suntPigmentarii</span> <span class='ocrx_word' id='word_1_138' title='bbox 954 1239 1020 1294; x_wconf 79' lang='lat' dir='ltr'>ergo</span> <span class='ocrx_word' id='word_1_139' title='bbox 1035 1240 1122 1295; x_wconf 86' lang='lat' dir='ltr'>opera</span> <span class='ocrx_word' id='word_1_140' title='bbox 1142 1225 1243 1279; x_wconf 82' lang='lat' dir='ltr'>dirime</span> <span class='ocrx_word' id='word_1_141' title='bbox 1258 1227 1414 1295; x_wconf 81' lang='lat' dir='ltr'>majestatis</span> <span class='ocrx_word' id='word_1_142' title='bbox 1427 1228 1633 1300; x_wconf 71' lang='lat' dir='ltr'>intelliguntua</span> <span class='ocrx_word' id='word_1_143' title='bbox 1643 1250 1706 1304; x_wconf 73' lang='lat' dir='ltr'>quaa</span> <span class='ocrx_word' id='word_1_144' title='bbox 1719 1236 1752 1291; x_wconf 77' lang='lat' dir='ltr'>is</span> 
     </span>
     <span class='ocr_line' id='line_1_12' title="bbox 117 1308 1751 1388; baseline 0.008 -23"><span class='ocrx_word' id='word_1_145' title='bbox 117 1312 338 1383; x_wconf 77' lang='lat' dir='ltr'>comprophetas</span> <span class='ocrx_word' id='word_1_146' title='bbox 352 1312 395 1366; x_wconf 80' lang='lat' dir='ltr'>rel</span> <span class='ocrx_word' id='word_1_147' title='bbox 410 1311 539 1381; x_wconf 79' lang='lat' dir='ltr'>apostoli,</span> <span class='ocrx_word' id='word_1_148' title='bbox 554 1314 675 1381; x_wconf 80' lang='lat' dir='ltr'>quorum</span> <span class='ocrx_word' id='word_1_149' title='bbox 691 1308 773 1363; x_wconf 87' lang='lat' dir='ltr'>alteri</span> <span class='ocrx_word' id='word_1_150' title='bbox 783 1309 840 1363; x_wconf 80' lang='lat' dir='ltr'>liare</span> <span class='ocrx_word' id='word_1_151' title='bbox 856 1326 915 1362; x_wconf 91' lang='lat' dir='ltr'>om·</span> <span class='ocrx_word' id='word_1_152' title='bbox 955 1327 1039 1365; x_wconf 88' lang='lat' dir='ltr'>came</span> <span class='ocrx_word' id='word_1_153' title='bbox 1054 1313 1248 1383; x_wconf 83' lang='lat' dir='ltr'>perficiuntur.</span> <span class='ocrx_word' id='word_1_154' title='bbox 1265 1314 1371 1369; x_wconf 87' lang='lat' dir='ltr'>Venter</span> <span class='ocrx_word' id='word_1_155' title='bbox 1393 1332 1461 1387; x_wconf 80' lang='lat' dir='ltr'>ergo</span> <span class='ocrx_word' id='word_1_156' title='bbox 1480 1320 1577 1388; x_wconf 84' lang='lat' dir='ltr'>sponsi</span> <span class='ocrx_word' id='word_1_157' title='bbox 1599 1321 1751 1379; x_wconf 66' lang='lat' dir='ltr'>dicandas</span> 
     </span>
     <span class='ocr_line' id='line_1_13' title="bbox 118 1382 1753 1473; baseline 0.006 -17"><span class='ocrx_word' id='word_1_158' title='bbox 118 1382 285 1461; x_wconf 77' lang='lat' dir='ltr'>nialutura,</span> <span class='ocrx_word' id='word_1_159' title='bbox 302 1400 383 1453; x_wconf 81' lang='lat' dir='ltr'>alteli</span> <span class='ocrx_word' id='word_1_160' title='bbox 402 1401 461 1469; x_wconf 75' lang='lat' dir='ltr'>jam</span> <span class='ocrx_word' id='word_1_161' title='bbox 474 1389 550 1452; x_wconf 69' lang='lat' dir='ltr'>lacta</span> <span class='ocrx_word' id='word_1_162' title='bbox 561 1398 779 1468; x_wconf 86' lang='lat' dir='ltr'>descripsemnt.</span> <span class='ocrx_word' id='word_1_163' title='bbox 798 1415 811 1450; x_wconf 81' lang='lat' dir='ltr'>c</span> <span class='ocrx_word' id='word_1_164' title='bbox 828 1397 915 1451; x_wconf 86' lang='lat' dir='ltr'>Labia</span> <span class='ocrx_word' id='word_1_165' title='bbox 956 1406 1017 1473; x_wconf 80' lang='lat' dir='ltr'>erat</span> <span class='ocrx_word' id='word_1_166' title='bbox 1040 1401 1190 1471; x_wconf 82' lang='lat' dir='ltr'>sapphiris,</span> <span class='ocrx_word' id='word_1_167' title='bbox 1213 1402 1279 1471; x_wconf 82' lang='lat' dir='ltr'>quia</span> <span class='ocrx_word' id='word_1_168' title='bbox 1294 1402 1455 1459; x_wconf 85' lang='lat' dir='ltr'>humanitas</span> <span class='ocrx_word' id='word_1_169' title='bbox 1471 1407 1576 1462; x_wconf 85' lang='lat' dir='ltr'>Christi</span> <span class='ocrx_word' id='word_1_170' title='bbox 1590 1410 1753 1466; x_wconf 71' lang='lat' dir='ltr'>caelestibus</span> 
     </span>
     <span class='ocr_line' id='line_1_14' title="bbox 120 1482 1754 1571; baseline 0.007 -27"><span class='ocrx_word' id='word_1_171' title='bbox 120 1490 191 1544; x_wconf 80' lang='lat' dir='ltr'>illius</span> <span class='ocrx_word' id='word_1_172' title='bbox 204 1489 266 1543; x_wconf 80' lang='lat' dir='ltr'>lina</span> <span class='ocrx_word' id='word_1_173' title='bbox 279 1488 445 1543; x_wconf 88' lang='lat' dir='ltr'>distillantia</span> <span class='ocrx_word' id='word_1_174' title='bbox 468 1487 614 1557; x_wconf 83' lang='lat' dir='ltr'>myrrham</span> <span class='ocrx_word' id='word_1_175' title='bbox 632 1486 766 1556; x_wconf 67' lang='lat' dir='ltr'>puniam.</span> <span class='ocrx_word' id='word_1_176' title='bbox 783 1506 796 1536; x_wconf 79' lang='lat' dir='ltr'>n</span> <span class='ocrx_word' id='word_1_177' title='bbox 810 1485 865 1539; x_wconf 89' lang='lat' dir='ltr'>Per</span> <span class='ocrx_word' id='word_1_178' title='bbox 878 1487 916 1539; x_wconf 92' lang='lat' dir='ltr'>la·</span> <span class='ocrx_word' id='word_1_179' title='bbox 956 1482 1447 1562; x_wconf 73' lang='lat' dir='ltr'>virtutibasrelulgebat.Necplanus</span> <span class='ocrx_word' id='word_1_180' title='bbox 1460 1494 1754 1571; x_wconf 61' lang='lat' dir='ltr'>diciturassesappaia</span> 
     </span>
     <span class='ocr_line' id='line_1_15' title="bbox 122 1573 1753 1660; baseline 0.006 -28"><span class='ocrx_word' id='word_1_181' title='bbox 122 1578 162 1633; x_wconf 81' lang='lat' dir='ltr'>bia</span> <span class='ocrx_word' id='word_1_182' title='bbox 175 1577 283 1648; x_wconf 86' lang='lat' dir='ltr'>sponsi,</span> <span class='ocrx_word' id='word_1_183' title='bbox 298 1575 391 1630; x_wconf 81' lang='lat' dir='ltr'>Verba</span> <span class='ocrx_word' id='word_1_184' title='bbox 416 1575 528 1629; x_wconf 92' lang='lat' dir='ltr'>Domini</span> <span class='ocrx_word' id='word_1_185' title='bbox 552 1574 640 1627; x_wconf 85' lang='lat' dir='ltr'>nostri</span> <span class='ocrx_word' id='word_1_186' title='bbox 655 1573 839 1642; x_wconf 86' lang='lat' dir='ltr'>accipiuntur,</span> <span class='ocrx_word' id='word_1_187' title='bbox 856 1582 917 1644; x_wconf 82' lang='lat' dir='ltr'>quta</span> <span class='ocrx_word' id='word_1_188' title='bbox 958 1576 1008 1643; x_wconf 89' lang='lat' dir='ltr'>ris,</span> <span class='ocrx_word' id='word_1_189' title='bbox 1034 1577 1083 1631; x_wconf 86' lang='lat' dir='ltr'>sed</span> <span class='ocrx_word' id='word_1_190' title='bbox 1101 1597 1112 1626; x_wconf 76' lang='grc' dir='ltr'>ι</span> <span class='ocrx_word' id='word_1_191' title='bbox 1129 1577 1286 1640; x_wconf 78' lang='lat' dir='ltr'>distinctus.</span> <span class='ocrx_word' id='word_1_192' title='bbox 1304 1597 1317 1631; x_wconf 81' lang='lat' dir='ltr'>a</span> <span class='ocrx_word' id='word_1_193' title='bbox 1334 1579 1373 1633; x_wconf 88' lang='lat' dir='ltr'>ita</span> <span class='ocrx_word' id='word_1_194' title='bbox 1396 1581 1532 1646; x_wconf 72' lang='lat' dir='ltr'>videlicet,</span> <span class='ocrx_word' id='word_1_195' title='bbox 1553 1592 1585 1640; x_wconf 84' lang='lat' dir='ltr'>ut</span> <span class='ocrx_word' id='word_1_196' title='bbox 1598 1585 1673 1641; x_wconf 88' lang='lat' dir='ltr'>inter</span> <span class='ocrx_word' id='word_1_197' title='bbox 1685 1605 1753 1660; x_wconf 63' lang='lat' dir='ltr'>sape</span> 
     </span>
     <span class='ocr_line' id='line_1_16' title="bbox 125 1662 1755 1741; baseline 0.008 -22"><span class='ocrx_word' id='word_1_198' title='bbox 125 1665 183 1720; x_wconf 87' lang='lat' dir='ltr'>liliis</span> <span class='ocrx_word' id='word_1_199' title='bbox 196 1666 412 1735; x_wconf 79' lang='lat' dir='ltr'>comparantur,</span> <span class='ocrx_word' id='word_1_200' title='bbox 423 1664 489 1733; x_wconf 89' lang='lat' dir='ltr'>quia</span> <span class='ocrx_word' id='word_1_201' title='bbox 499 1662 628 1716; x_wconf 86' lang='lat' dir='ltr'>candoris</span> <span class='ocrx_word' id='word_1_202' title='bbox 637 1662 734 1716; x_wconf 84' lang='lat' dir='ltr'>aetemi</span> <span class='ocrx_word' id='word_1_203' title='bbox 743 1662 861 1732; x_wconf 59' lang='lat' dir='ltr'>premia</span> <span class='ocrx_word' id='word_1_204' title='bbox 870 1674 917 1716; x_wconf 85' lang='lat' dir='ltr'>an·</span> <span class='ocrx_word' id='word_1_205' title='bbox 959 1665 1056 1736; x_wconf 90' lang='lat' dir='ltr'>phiros</span> <span class='ocrx_word' id='word_1_206' title='bbox 1084 1674 1233 1736; x_wconf 80' lang='lat' dir='ltr'>appareret</span> <span class='ocrx_word' id='word_1_207' title='bbox 1246 1665 1338 1720; x_wconf 84' lang='lat' dir='ltr'>ebon&#39;s</span> <span class='ocrx_word' id='word_1_208' title='bbox 1353 1669 1467 1734; x_wconf 89' lang='lat' dir='ltr'>candor,</span> <span class='ocrx_word' id='word_1_209' title='bbox 1482 1672 1755 1741; x_wconf 77' lang='lat' dir='ltr'>quiasicDominas</span> 
     </span>
     <span class='ocr_line' id='line_1_17' title="bbox 127 1732 1755 1835; baseline 0.008 -28"><span class='ocrx_word' id='word_1_210' title='bbox 127 1754 254 1808; x_wconf 76' lang='lat' dir='ltr'>nuntiant</span> <span class='ocrx_word' id='word_1_211' title='bbox 270 1771 276 1805; x_wconf 92' lang='lat'><strong>:</strong></span> <span class='ocrx_word' id='word_1_212' title='bbox 306 1752 444 1806; x_wconf 77' lang='lat' dir='ltr'>distillant</span> <span class='ocrx_word' id='word_1_213' title='bbox 464 1751 608 1835; x_wconf 78' lang='lat' dir='ltr'>myrrham</span> <span class='ocrx_word' id='word_1_214' title='bbox 634 1750 764 1821; x_wconf 80' lang='lat' dir='ltr'>primam,</span> <span class='ocrx_word' id='word_1_215' title='bbox 781 1751 846 1821; x_wconf 85' lang='lat' dir='ltr'>quia</span> <span class='ocrx_word' id='word_1_216' title='bbox 865 1732 950 1821; x_wconf 80' lang='lat' dir='ltr'>perB</span> <span class='ocrx_word' id='word_1_217' title='bbox 960 1750 1130 1825; x_wconf 76' lang='lat' dir='ltr'>operabatur</span> <span class='ocrx_word' id='word_1_218' title='bbox 1141 1771 1174 1808; x_wconf 90' lang='lat' dir='ltr'>ea</span> <span class='ocrx_word' id='word_1_219' title='bbox 1189 1771 1250 1826; x_wconf 77' lang='lat' dir='ltr'>quae</span> <span class='ocrx_word' id='word_1_220' title='bbox 1264 1756 1418 1811; x_wconf 88' lang='lat' dir='ltr'>divinitatis</span> <span class='ocrx_word' id='word_1_221' title='bbox 1425 1766 1515 1819; x_wconf 77' lang='lat' dir='ltr'>erant.</span> <span class='ocrx_word' id='word_1_222' title='bbox 1526 1767 1558 1814; x_wconf 91' lang='lat' dir='ltr'>ut</span> <span class='ocrx_word' id='word_1_223' title='bbox 1572 1762 1755 1820; x_wconf 74' lang='lat' dir='ltr'>nihilominus</span> 
     </span>
     <span class='ocr_line' id='line_1_18' title="bbox 131 1838 1757 1913; baseline 0.006 -15"><span class='ocrx_word' id='word_1_224' title='bbox 131 1843 212 1898; x_wconf 80' lang='lat' dir='ltr'>carnis</span> <span class='ocrx_word' id='word_1_225' title='bbox 228 1840 473 1895; x_wconf 72' lang='lat' dir='ltr'>mortificationem</span> <span class='ocrx_word' id='word_1_226' title='bbox 501 1840 534 1893; x_wconf 87' lang='lat' dir='ltr'>ad</span> <span class='ocrx_word' id='word_1_227' title='bbox 559 1839 617 1893; x_wconf 77' lang='lat' dir='ltr'>hec</span> <span class='ocrx_word' id='word_1_228' title='bbox 632 1838 851 1909; x_wconf 86' lang='lat' dir='ltr'>perveniendam</span> <span class='ocrx_word' id='word_1_229' title='bbox 871 1839 919 1894; x_wconf 86' lang='lat' dir='ltr'>llo·</span> <span class='ocrx_word' id='word_1_230' title='bbox 960 1843 1107 1913; x_wconf 85' lang='lat' dir='ltr'>perliceret</span> <span class='ocrx_word' id='word_1_231' title='bbox 1120 1858 1154 1896; x_wconf 87' lang='lat' dir='ltr'>ea</span> <span class='ocrx_word' id='word_1_232' title='bbox 1168 1859 1229 1912; x_wconf 85' lang='lat' dir='ltr'>quae</span> <span class='ocrx_word' id='word_1_233' title='bbox 1249 1851 1331 1899; x_wconf 88' lang='lat' dir='ltr'>erant</span> <span class='ocrx_word' id='word_1_234' title='bbox 1344 1845 1538 1907; x_wconf 84' lang='lat' dir='ltr'>humanitatis.</span> <span class='ocrx_word' id='word_1_235' title='bbox 1555 1855 1585 1904; x_wconf 89' lang='lat' dir='ltr'>et</span> <span class='ocrx_word' id='word_1_236' title='bbox 1600 1863 1657 1907; x_wconf 86' lang='lat' dir='ltr'>non</span> <span class='ocrx_word' id='word_1_237' title='bbox 1672 1853 1757 1908; x_wconf 81' lang='lat' dir='ltr'>relin-</span> 
     </span>
     <span class='ocr_line' id='line_1_19' title="bbox 135 1927 1755 2003; baseline 0.008 -19"><span class='ocrx_word' id='word_1_238' title='bbox 135 1929 195 1984; x_wconf 81' lang='lat' dir='ltr'>atnt.</span> <span class='ocrx_word' id='word_1_239' title='bbox 217 1930 267 1984; x_wconf 85' lang='lat' dir='ltr'>Vel</span> <span class='ocrx_word' id='word_1_240' title='bbox 291 1930 375 1983; x_wconf 89' lang='lat' dir='ltr'>etiam</span> <span class='ocrx_word' id='word_1_241' title='bbox 399 1929 465 1982; x_wconf 83' lang='lat' dir='ltr'>litiis</span> <span class='ocrx_word' id='word_1_242' title='bbox 491 1928 567 1982; x_wconf 89' lang='lat' dir='ltr'>labia</span> <span class='ocrx_word' id='word_1_243' title='bbox 579 1927 689 1981; x_wconf 89' lang='lat' dir='ltr'>Domini</span> <span class='ocrx_word' id='word_1_244' title='bbox 708 1934 917 1997; x_wconf 81' lang='lat' dir='ltr'>comparantur,</span> <span class='ocrx_word' id='word_1_245' title='bbox 962 1937 1061 2003; x_wconf 88' lang='lat' dir='ltr'>queret</span> <span class='ocrx_word' id='word_1_246' title='bbox 1073 1947 1178 2001; x_wconf 75' lang='lat' dir='ltr'>eaque</span> <span class='ocrx_word' id='word_1_247' title='bbox 1192 1940 1275 1985; x_wconf 85' lang='lat' dir='ltr'>erant</span> <span class='ocrx_word' id='word_1_248' title='bbox 1288 1932 1452 1988; x_wconf 85' lang='lat' dir='ltr'>divinitatis.</span> <span class='ocrx_word' id='word_1_249' title='bbox 1469 1935 1610 1992; x_wconf 89' lang='lat' dir='ltr'>Distincta</span> <span class='ocrx_word' id='word_1_250' title='bbox 1622 1941 1755 1997; x_wconf 71' lang='lat' dir='ltr'>estasim</span> 
     </span>
     <span class='ocr_line' id='line_1_20' title="bbox 139 2012 1758 2091; baseline 0.007 -19"><span class='ocrx_word' id='word_1_251' title='bbox 139 2012 192 2090; x_wconf 74' lang='lat' dir='ltr'>qaia</span> <span class='ocrx_word' id='word_1_252' title='bbox 204 2018 341 2073; x_wconf 84' lang='lat' dir='ltr'>castitatis</span> <span class='ocrx_word' id='word_1_253' title='bbox 354 2017 405 2070; x_wconf 89' lang='lat' dir='ltr'>illa</span> <span class='ocrx_word' id='word_1_254' title='bbox 416 2022 445 2071; x_wconf 90' lang='lat' dir='ltr'>et</span> <span class='ocrx_word' id='word_1_255' title='bbox 455 2016 601 2071; x_wconf 88' lang='lat' dir='ltr'>munditiae</span> <span class='ocrx_word' id='word_1_256' title='bbox 612 2030 698 2088; x_wconf 88' lang='lat' dir='ltr'>opera</span> <span class='ocrx_word' id='word_1_257' title='bbox 711 2015 920 2070; x_wconf 83' lang='lat' dir='ltr'>docentDistil·</span> <span class='ocrx_word' id='word_1_258' title='bbox 962 2012 1087 2091; x_wconf 74' lang='lat' dir='ltr'>operatio</span> <span class='ocrx_word' id='word_1_259' title='bbox 1100 2019 1129 2073; x_wconf 91' lang='lat' dir='ltr'>in</span> <span class='ocrx_word' id='word_1_260' title='bbox 1150 2019 1260 2074; x_wconf 88' lang='lat' dir='ltr'>Christo</span> <span class='ocrx_word' id='word_1_261' title='bbox 1269 2018 1424 2076; x_wconf 88' lang='lat' dir='ltr'>divinitatis</span> <span class='ocrx_word' id='word_1_262' title='bbox 1439 2029 1467 2077; x_wconf 93' lang='lat' dir='ltr'>et</span> <span class='ocrx_word' id='word_1_263' title='bbox 1481 2023 1758 2083; x_wconf 73' lang='lat' dir='ltr'>humanitatisriam</span> 
     </span>
     <span class='ocr_line' id='line_1_21' title="bbox 140 2104 1757 2186; baseline 0.008 -26"><span class='ocrx_word' id='word_1_264' title='bbox 140 2106 188 2160; x_wconf 78' lang='lat' dir='ltr'>lant</span> <span class='ocrx_word' id='word_1_265' title='bbox 199 2107 317 2178; x_wconf 87' lang='lat' dir='ltr'>primam</span> <span class='ocrx_word' id='word_1_266' title='bbox 329 2106 556 2177; x_wconf 77' lang='lat' dir='ltr'>myrrhamq&#39;cia</span> <span class='ocrx_word' id='word_1_267' title='bbox 564 2118 736 2176; x_wconf 77' lang='lat' dir='ltr'>quacunque</span> <span class='ocrx_word' id='word_1_268' title='bbox 746 2104 919 2175; x_wconf 81' lang='lat' dir='ltr'>adversapa-</span> <span class='ocrx_word' id='word_1_269' title='bbox 961 2109 1034 2178; x_wconf 92' lang='lat' dir='ltr'>quod</span> <span class='ocrx_word' id='word_1_270' title='bbox 1049 2106 1199 2175; x_wconf 86' lang='lat' dir='ltr'>esuriebat,</span> <span class='ocrx_word' id='word_1_271' title='bbox 1209 2108 1283 2182; x_wconf 79' lang='lat' dir='ltr'>quod</span> <span class='ocrx_word' id='word_1_272' title='bbox 1295 2107 1494 2180; x_wconf 75' lang='lat' dir='ltr'>sitiebatquod</span> <span class='ocrx_word' id='word_1_273' title='bbox 1505 2113 1600 2176; x_wconf 83' lang='lat' dir='ltr'>tiebat,</span> <span class='ocrx_word' id='word_1_274' title='bbox 1615 2116 1689 2186; x_wconf 84' lang='lat' dir='ltr'>quod</span> <span class='ocrx_word' id='word_1_275' title='bbox 1696 2117 1757 2172; x_wconf 81' lang='lat' dir='ltr'>las-</span> 
     </span>
     <span class='ocr_line' id='line_1_22' title="bbox 142 2193 1757 2274; baseline 0.007 -25"><span class='ocrx_word' id='word_1_276' title='bbox 142 2195 227 2250; x_wconf 78' lang='lat' dir='ltr'>liautar</span> <span class='ocrx_word' id='word_1_277' title='bbox 242 2195 410 2266; x_wconf 78' lang='lat' dir='ltr'>perferenda</span> <span class='ocrx_word' id='word_1_278' title='bbox 432 2195 588 2248; x_wconf 86' lang='lat' dir='ltr'>insinuant.</span> <span class='ocrx_word' id='word_1_279' title='bbox 617 2193 705 2247; x_wconf 88' lang='lat' dir='ltr'>Labia</span> <span class='ocrx_word' id='word_1_280' title='bbox 724 2194 837 2248; x_wconf 87' lang='lat' dir='ltr'>Domini</span> <span class='ocrx_word' id='word_1_281' title='bbox 861 2193 920 2247; x_wconf 89' lang='lat' dir='ltr'>lilia</span> <span class='ocrx_word' id='word_1_282' title='bbox 962 2196 1086 2262; x_wconf 82' lang='lat' dir='ltr'>sabatur,</span> <span class='ocrx_word' id='word_1_283' title='bbox 1099 2197 1173 2268; x_wconf 83' lang='lat' dir='ltr'>quod</span> <span class='ocrx_word' id='word_1_284' title='bbox 1187 2197 1223 2250; x_wconf 90' lang='lat' dir='ltr'>ad</span> <span class='ocrx_word' id='word_1_285' title='bbox 1237 2197 1503 2270; x_wconf 76' lang='lat' dir='ltr'>ultimnmcruciligi</span> <span class='ocrx_word' id='word_1_286' title='bbox 1516 2203 1626 2257; x_wconf 87' lang='lat' dir='ltr'>etmorl</span> <span class='ocrx_word' id='word_1_287' title='bbox 1635 2209 1757 2274; x_wconf 77' lang='lat' dir='ltr'>poterat,</span> 
     </span>
     <span class='ocr_line' id='line_1_23' title="bbox 146 2280 1760 2356; baseline 0.006 -18"><span class='ocrx_word' id='word_1_288' title='bbox 146 2290 217 2349; x_wconf 81' lang='lat' dir='ltr'>sani,</span> <span class='ocrx_word' id='word_1_289' title='bbox 227 2298 290 2338; x_wconf 88' lang='lat' dir='ltr'>cum</span> <span class='ocrx_word' id='word_1_290' title='bbox 306 2283 409 2338; x_wconf 78' lang='lat' dir='ltr'>docens</span> <span class='ocrx_word' id='word_1_291' title='bbox 423 2283 452 2337; x_wconf 90' lang='lat' dir='ltr'>in</span> <span class='ocrx_word' id='word_1_292' title='bbox 466 2289 562 2336; x_wconf 90' lang='lat' dir='ltr'>monte</span> <span class='ocrx_word' id='word_1_293' title='bbox 577 2282 684 2338; x_wconf 83' lang='lat' dir='ltr'>diceret</span> <span class='ocrx_word' id='word_1_294' title='bbox 701 2300 706 2335; x_wconf 95' lang='lat'><strong>:</strong></span> <span class='ocrx_word' id='word_1_295' title='bbox 725 2300 738 2332; x_wconf 80' lang='lat' dir='ltr'>a</span> <span class='ocrx_word' id='word_1_296' title='bbox 752 2282 834 2335; x_wconf 86' lang='lat' dir='ltr'>Beati</span> <span class='ocrx_word' id='word_1_297' title='bbox 848 2297 919 2353; x_wconf 88' lang='lat' dir='ltr'>pau·</span> <span class='ocrx_word' id='word_1_298' title='bbox 962 2280 1146 2338; x_wconf 77' lang='lat' dir='ltr'>humanitatis</span> <span class='ocrx_word' id='word_1_299' title='bbox 1160 2282 1246 2355; x_wconf 72' lang='lat' dir='ltr'>oirera</span> <span class='ocrx_word' id='word_1_300' title='bbox 1260 2291 1342 2339; x_wconf 88' lang='lat' dir='ltr'>erant</span> <span class='ocrx_word' id='word_1_301' title='bbox 1356 2287 1444 2356; x_wconf 88' lang='lat' dir='ltr'>:quod</span> <span class='ocrx_word' id='word_1_302' title='bbox 1455 2304 1521 2342; x_wconf 77' lang='lat' dir='ltr'>aero</span> <span class='ocrx_word' id='word_1_303' title='bbox 1534 2297 1660 2345; x_wconf 87' lang='lat' dir='ltr'>mortuos</span> <span class='ocrx_word' id='word_1_304' title='bbox 1673 2292 1760 2347; x_wconf 75' lang='lat' dir='ltr'>maci·</span> 
     </span>
     <span class='ocr_line' id='line_1_24' title="bbox 147 2369 1758 2448; baseline 0.004 -21"><span class='ocrx_word' id='word_1_305' title='bbox 147 2374 328 2444; x_wconf 73' lang='lat' dir='ltr'>pnesspiritu,</span> <span class='ocrx_word' id='word_1_306' title='bbox 344 2372 419 2426; x_wconf 85' lang='lat' dir='ltr'>beati</span> <span class='ocrx_word' id='word_1_307' title='bbox 433 2373 525 2437; x_wconf 86' lang='lat' dir='ltr'>mites,</span> <span class='ocrx_word' id='word_1_308' title='bbox 541 2371 616 2425; x_wconf 87' lang='lat' dir='ltr'>beati</span> <span class='ocrx_word' id='word_1_309' title='bbox 628 2371 833 2434; x_wconf 69' lang='lat' dir='ltr'>misericoraes,</span> <span class='ocrx_word' id='word_1_310' title='bbox 846 2369 920 2424; x_wconf 87' lang='lat' dir='ltr'>beati</span> <span class='ocrx_word' id='word_1_311' title='bbox 962 2373 1050 2437; x_wconf 81' lang='lat' dir='ltr'>tabat,</span> <span class='ocrx_word' id='word_1_312' title='bbox 1081 2372 1155 2443; x_wconf 90' lang='lat' dir='ltr'>quod</span> <span class='ocrx_word' id='word_1_313' title='bbox 1182 2373 1312 2428; x_wconf 88' lang='lat' dir='ltr'>omnibus</span> <span class='ocrx_word' id='word_1_314' title='bbox 1339 2374 1549 2431; x_wconf 81' lang='lat' dir='ltr'>infirmantibus</span> <span class='ocrx_word' id='word_1_315' title='bbox 1568 2380 1758 2448; x_wconf 67' lang='lat' dir='ltr'>succurrebat,</span> 
     </span>
     <span class='ocr_line' id='line_1_25' title="bbox 150 2459 1761 2535; baseline 0.007 -22"><span class='ocrx_word' id='word_1_316' title='bbox 150 2463 230 2516; x_wconf 80' lang='lat' dir='ltr'>nando</span> <span class='ocrx_word' id='word_1_317' title='bbox 245 2461 337 2516; x_wconf 86' lang='lat' dir='ltr'>corde.</span> <span class='ocrx_word' id='word_1_318' title='bbox 360 2461 533 2515; x_wconf 77' lang='lat' dir='ltr'>»Distillant</span> <span class='ocrx_word' id='word_1_319' title='bbox 551 2461 695 2530; x_wconf 84' lang='lat' dir='ltr'>myrrham</span> <span class='ocrx_word' id='word_1_320' title='bbox 711 2459 841 2529; x_wconf 79' lang='lat' dir='ltr'>primam,</span> <span class='ocrx_word' id='word_1_321' title='bbox 856 2470 920 2512; x_wconf 89' lang='lat' dir='ltr'>cum</span> <span class='ocrx_word' id='word_1_322' title='bbox 964 2461 1037 2531; x_wconf 94' lang='lat' dir='ltr'>quod</span> <span class='ocrx_word' id='word_1_323' title='bbox 1048 2461 1171 2532; x_wconf 87' lang='lat' dir='ltr'>seipsum</span> <span class='ocrx_word' id='word_1_324' title='bbox 1182 2462 1326 2535; x_wconf 85' lang='lat' dir='ltr'>amortuis</span> <span class='ocrx_word' id='word_1_325' title='bbox 1335 2464 1531 2532; x_wconf 67' lang='lat' dir='ltr'>resuscitabat,</span> <span class='ocrx_word' id='word_1_326' title='bbox 1547 2467 1761 2524; x_wconf 81' lang='lat' dir='ltr'>evidentissima</span> 
     </span>
     <span class='ocr_line' id='line_1_26' title="bbox 152 2544 1315 2623; baseline 0.003 -20"><span class='ocrx_word' id='word_1_327' title='bbox 152 2551 260 2618; x_wconf 73' lang='lat' dir='ltr'>posthac</span> <span class='ocrx_word' id='word_1_328' title='bbox 280 2544 487 2620; x_wconf 78' lang='lat' dir='ltr'>subjungeret:</span> <span class='ocrx_word' id='word_1_329' title='bbox 505 2568 519 2602; x_wconf 82' lang='lat' dir='ltr'>c</span> <span class='ocrx_word' id='word_1_330' title='bbox 543 2549 621 2604; x_wconf 80' lang='lat' dir='ltr'>Beati</span> <span class='ocrx_word' id='word_1_331' title='bbox 636 2548 684 2619; x_wconf 85' lang='lat' dir='ltr'>qai</span> <span class='ocrx_word' id='word_1_332' title='bbox 695 2548 921 2619; x_wconf 81' lang='lat' dir='ltr'>&#39;persecutionem</span> <span class='ocrx_word' id='word_1_333' title='bbox 964 2555 1046 2603; x_wconf 88' lang='lat' dir='ltr'>erant</span> <span class='ocrx_word' id='word_1_334' title='bbox 1058 2565 1142 2619; x_wconf 87' lang='lat' dir='ltr'>opera</span> <span class='ocrx_word' id='word_1_335' title='bbox 1152 2550 1315 2623; x_wconf 81' lang='lat' dir='ltr'>divinitatis.</span> 
     </span>
     <span class='ocr_line' id='line_1_27' title="bbox 152 2632 1761 2714; baseline 0.02 -42"><span class='ocrx_word' id='word_1_336' title='bbox 152 2632 400 2710; x_wconf 44' lang='lat' dir='ltr'>„fiuntur-propper</span> <span class='ocrx_word' id='word_1_337' title='bbox 412 2637 561 2708; x_wconf 66' lang='lat' dir='ltr'>justitiam,</span> <span class='ocrx_word' id='word_1_338' title='bbox 577 2655 602 2691; x_wconf 79' lang='lat'><em>„</em></span> <span class='ocrx_word' id='word_1_339' title='bbox 1001 2654 1015 2688; x_wconf 80' lang='lat' dir='ltr'>r</span> <span class='ocrx_word' id='word_1_340' title='bbox 1031 2638 1121 2691; x_wconf 85' lang='lat' dir='ltr'>Crura</span> <span class='ocrx_word' id='word_1_341' title='bbox 1135 2637 1209 2690; x_wconf 89' lang='lat' dir='ltr'>illius</span> <span class='ocrx_word' id='word_1_342' title='bbox 1223 2634 1359 2693; x_wconf 72' lang='lat' dir='ltr'>columnae</span> <span class='ocrx_word' id='word_1_343' title='bbox 1370 2656 1544 2705; x_wconf 73' lang='lat' dir='ltr'>marmoreae,</span> <span class='ocrx_word' id='word_1_344' title='bbox 1561 2661 1623 2714; x_wconf 78' lang='lat' dir='ltr'>quse</span> <span class='ocrx_word' id='word_1_345' title='bbox 1637 2646 1761 2704; x_wconf 73' lang='lat' dir='ltr'>fundatas</span> 
     </span>
     <span class='ocr_line' id='line_1_28' title="bbox 177 2722 1761 2800; baseline 0.01 -25"><span class='ocrx_word' id='word_1_346' title='bbox 177 2743 187 2775; x_wconf 80' lang='lat' dir='ltr'>r</span> <span class='ocrx_word' id='word_1_347' title='bbox 199 2724 292 2781; x_wconf 80' lang='lat' dir='ltr'>Manus</span> <span class='ocrx_word' id='word_1_348' title='bbox 302 2728 365 2796; x_wconf 86' lang='lat' dir='ltr'>ejus</span> <span class='ocrx_word' id='word_1_349' title='bbox 375 2726 522 2780; x_wconf 83' lang='lat' dir='ltr'>tornatiles</span> <span class='ocrx_word' id='word_1_350' title='bbox 533 2740 634 2779; x_wconf 74' lang='lat' dir='ltr'>aurea,</span> <span class='ocrx_word' id='word_1_351' title='bbox 649 2722 699 2778; x_wconf 79' lang='lat' dir='ltr'>·1n</span> <span class='ocrx_word' id='word_1_352' title='bbox 710 2723 923 2778; x_wconf 84' lang='lat' dir='ltr'>manibasnam-</span> <span class='ocrx_word' id='word_1_353' title='bbox 965 2732 1032 2779; x_wconf 92' lang='lat' dir='ltr'>sunt</span> <span class='ocrx_word' id='word_1_354' title='bbox 1045 2741 1129 2795; x_wconf 90' lang='lat' dir='ltr'>super</span> <span class='ocrx_word' id='word_1_355' title='bbox 1145 2725 1226 2779; x_wconf 86' lang='lat' dir='ltr'>bases</span> <span class='ocrx_word' id='word_1_356' title='bbox 1240 2742 1350 2780; x_wconf 86' lang='lat' dir='ltr'>aureas.</span> <span class='ocrx_word' id='word_1_357' title='bbox 1367 2730 1456 2782; x_wconf 87' lang='lat' dir='ltr'>Crura</span> <span class='ocrx_word' id='word_1_358' title='bbox 1468 2732 1563 2800; x_wconf 91' lang='lat' dir='ltr'>sponsi</span> <span class='ocrx_word' id='word_1_359' title='bbox 1578 2733 1681 2788; x_wconf 88' lang='lat' dir='ltr'>itinera</span> <span class='ocrx_word' id='word_1_360' title='bbox 1694 2743 1761 2791; x_wconf 89' lang='lat' dir='ltr'>sunt</span> 
     </span>
     <span class='ocr_line' id='line_1_29' title="bbox 153 2800 1760 2894; baseline 0.008 -28"><span class='ocrx_word' id='word_1_361' title='bbox 153 2828 191 2883; x_wconf 73' lang='lat' dir='ltr'>quo</span> <span class='ocrx_word' id='word_1_362' title='bbox 201 2817 298 2886; x_wconf 70' lang='lat' dir='ltr'>monn.</span> <span class='ocrx_word' id='word_1_363' title='bbox 314 2815 400 2886; x_wconf 81' lang='lat' dir='ltr'>digne</span> <span class='ocrx_word' id='word_1_364' title='bbox 416 2815 542 2885; x_wconf 86' lang='lat' dir='ltr'>operatio</span> <span class='ocrx_word' id='word_1_365' title='bbox 552 2814 705 2868; x_wconf 83' lang='lat' dir='ltr'>Salvatoris</span> <span class='ocrx_word' id='word_1_366' title='bbox 719 2814 864 2884; x_wconf 81' lang='lat' dir='ltr'>accipitur.</span> <span class='ocrx_word' id='word_1_367' title='bbox 877 2812 922 2867; x_wconf 89' lang='lat' dir='ltr'>Si·</span> <span class='ocrx_word' id='word_1_368' title='bbox 966 2813 1127 2877; x_wconf 78' lang='lat' dir='ltr'>salvatoris,</span> <span class='ocrx_word' id='word_1_369' title='bbox 1145 2800 1404 2883; x_wconf 68' lang='lat' dir='ltr'>quibuslmmoderi</span> <span class='ocrx_word' id='word_1_370' title='bbox 1415 2816 1651 2876; x_wconf 67' lang='lat' dir='ltr'>aeduosrenire</span> <span class='ocrx_word' id='word_1_371' title='bbox 1662 2820 1760 2894; x_wconf 82' lang='lat' dir='ltr'>digna·</span> 
     </span>
     <span class='ocr_line' id='line_1_30' title="bbox 154 2900 1761 2980; baseline 0.007 -25"><span class='ocrx_word' id='word_1_372' title='bbox 154 2908 186 2955; x_wconf 81' lang='lat' dir='ltr'>at</span> <span class='ocrx_word' id='word_1_373' title='bbox 196 2905 262 2957; x_wconf 88' lang='lat' dir='ltr'>enim</span> <span class='ocrx_word' id='word_1_374' title='bbox 278 2904 434 2974; x_wconf 84' lang='lat' dir='ltr'>quistomo</span> <span class='ocrx_word' id='word_1_375' title='bbox 449 2903 530 2957; x_wconf 82' lang='lat' dir='ltr'>facile</span> <span class='ocrx_word' id='word_1_376' title='bbox 541 2908 743 2973; x_wconf 75' lang='lat' dir='ltr'>operaturmec</span> <span class='ocrx_word' id='word_1_377' title='bbox 757 2903 856 2971; x_wconf 83' lang='lat' dir='ltr'>regula</span> <span class='ocrx_word' id='word_1_378' title='bbox 866 2901 923 2954; x_wconf 88' lang='lat' dir='ltr'>alla</span> <span class='ocrx_word' id='word_1_379' title='bbox 964 2900 1224 2965; x_wconf 80' lang='lat' dir='ltr'>tuaestQuaerecte</span> <span class='ocrx_word' id='word_1_380' title='bbox 1234 2902 1761 2980; x_wconf 82' lang='lat' dir='ltr'>columnismarmoreisaomparantui·‚</span> 
     </span>
     <span class='ocr_line' id='line_1_31' title="bbox 154 2984 1761 3063; baseline 0.006 -17"><span class='ocrx_word' id='word_1_381' title='bbox 154 2984 244 3062; x_wconf 76' lang='lat' dir='ltr'>aliga,</span> <span class='ocrx_word' id='word_1_382' title='bbox 269 2992 309 3046; x_wconf 86' lang='lat' dir='ltr'>sic</span> <span class='ocrx_word' id='word_1_383' title='bbox 326 2992 452 3063; x_wconf 88' lang='lat' dir='ltr'>operatio</span> <span class='ocrx_word' id='word_1_384' title='bbox 475 2988 628 3045; x_wconf 75' lang='lat' dir='ltr'>salvatoris</span> <span class='ocrx_word' id='word_1_385' title='bbox 642 2990 732 3044; x_wconf 82' lang='lat' dir='ltr'>facilis</span> <span class='ocrx_word' id='word_1_386' title='bbox 742 2997 823 3043; x_wconf 88' lang='lat' dir='ltr'>erat:</span> <span class='ocrx_word' id='word_1_387' title='bbox 841 2990 923 3060; x_wconf 89' lang='lat' dir='ltr'>quid·</span> <span class='ocrx_word' id='word_1_388' title='bbox 965 2991 1032 3060; x_wconf 83' lang='lat' dir='ltr'>quia</span> <span class='ocrx_word' id='word_1_389' title='bbox 1048 2990 1118 3044; x_wconf 88' lang='lat' dir='ltr'>nihil</span> <span class='ocrx_word' id='word_1_390' title='bbox 1131 3004 1270 3044; x_wconf 85' lang='lat' dir='ltr'>marmore</span> <span class='ocrx_word' id='word_1_391' title='bbox 1293 2990 1404 3057; x_wconf 70' lang='lat' dir='ltr'>sorbus,</span> <span class='ocrx_word' id='word_1_392' title='bbox 1416 2992 1488 3047; x_wconf 87' lang='lat' dir='ltr'>nihil</span> <span class='ocrx_word' id='word_1_393' title='bbox 1502 2995 1634 3050; x_wconf 84' lang='lat' dir='ltr'>columna</span> <span class='ocrx_word' id='word_1_394' title='bbox 1647 2985 1761 3056; x_wconf 76' lang='lat' dir='ltr'>rectius.</span> 
     </span>
     <span class='ocr_line' id='line_1_32' title="bbox 155 3043 1765 3158; baseline 0.009 -26"><span class='ocrx_word' id='word_1_395' title='bbox 155 3079 201 3147; x_wconf 80' lang='lat' dir='ltr'>pia</span> <span class='ocrx_word' id='word_1_396' title='bbox 214 3081 285 3135; x_wconf 84' lang='lat' dir='ltr'>enim</span> <span class='ocrx_word' id='word_1_397' title='bbox 300 3080 420 3142; x_wconf 80' lang='lat' dir='ltr'>volebat,</span> <span class='ocrx_word' id='word_1_398' title='bbox 433 3080 507 3133; x_wconf 89' lang='lat' dir='ltr'>illico</span> <span class='ocrx_word' id='word_1_399' title='bbox 521 3079 692 3150; x_wconf 76' lang='lat' dir='ltr'>perficiebat,</span> <span class='ocrx_word' id='word_1_400' title='bbox 708 3078 775 3148; x_wconf 89' lang='lat' dir='ltr'>quia</span> <span class='ocrx_word' id='word_1_401' title='bbox 788 3077 884 3131; x_wconf 82' lang='lat' dir='ltr'>«dixit</span> <span class='ocrx_word' id='word_1_402' title='bbox 897 3043 1099 3134; x_wconf 69' lang='lat' dir='ltr'>etCEtcrura</span> <span class='ocrx_word' id='word_1_403' title='bbox 1113 3079 1207 3150; x_wconf 72' lang='lat' dir='ltr'>sponsi</span> <span class='ocrx_word' id='word_1_404' title='bbox 1221 3080 1358 3135; x_wconf 69' lang='lat' dir='ltr'>columnas</span> <span class='ocrx_word' id='word_1_405' title='bbox 1364 3090 1528 3137; x_wconf 77' lang='lat' dir='ltr'>marmoreae</span> <span class='ocrx_word' id='word_1_406' title='bbox 1542 3078 1617 3149; x_wconf 74' lang='lat' dir='ltr'>sunt,</span> <span class='ocrx_word' id='word_1_407' title='bbox 1626 3084 1692 3158; x_wconf 79' lang='lat' dir='ltr'>quia</span> <span class='ocrx_word' id='word_1_408' title='bbox 1703 3088 1765 3145; x_wconf 80' lang='lat' dir='ltr'>&#39;olii-</span> 
     </span>
     <span class='ocr_line' id='line_1_33' title="bbox 155 3164 1765 3249; baseline 0.009 -31"><span class='ocrx_word' id='word_1_409' title='bbox 155 3164 298 3235; x_wconf 55' lang='lat' dir='ltr'>bruscam</span> <span class='ocrx_word' id='word_1_410' title='bbox 314 3189 326 3220; x_wconf 74' lang='lat' dir='ltr'>n</span> <span class='ocrx_word' id='word_1_411' title='bbox 344 3169 418 3222; x_wconf 89' lang='lat' dir='ltr'>etde</span> <span class='ocrx_word' id='word_1_412' title='bbox 433 3184 487 3239; x_wconf 89' lang='lat' dir='ltr'>qao</span> <span class='ocrx_word' id='word_1_413' title='bbox 503 3168 689 3237; x_wconf 80' lang='lat' dir='ltr'>Evangelista‚</span> <span class='ocrx_word' id='word_1_414' title='bbox 707 3165 925 3235; x_wconf 80' lang='lat' dir='ltr'>‹Dratqnasiin</span> <span class='ocrx_word' id='word_1_415' title='bbox 967 3167 1015 3221; x_wconf 87' lang='lat' dir='ltr'>nia</span> <span class='ocrx_word' id='word_1_416' title='bbox 1028 3168 1131 3221; x_wconf 88' lang='lat' dir='ltr'>itinera</span> <span class='ocrx_word' id='word_1_417' title='bbox 1144 3168 1257 3221; x_wconf 87' lang='lat' dir='ltr'>Domini</span> <span class='ocrx_word' id='word_1_418' title='bbox 1276 3174 1304 3222; x_wconf 82' lang='lat' dir='ltr'>et</span> <span class='ocrx_word' id='word_1_419' title='bbox 1317 3169 1441 3225; x_wconf 76' lang='lat' dir='ltr'>ioniaet</span> <span class='ocrx_word' id='word_1_420' title='bbox 1454 3178 1533 3226; x_wconf 80' lang='lat' dir='ltr'>recta</span> <span class='ocrx_word' id='word_1_421' title='bbox 1547 3178 1624 3229; x_wconf 85' lang='lat' dir='ltr'>sunt.</span> <span class='ocrx_word' id='word_1_422' title='bbox 1649 3166 1689 3230; x_wconf 75' lang='lat' dir='ltr'>Dc</span> <span class='ocrx_word' id='word_1_423' title='bbox 1704 3179 1765 3249; x_wconf 69' lang='lat' dir='ltr'>ejus</span> 
     </span>
     <span class='ocr_line' id='line_1_34' title="bbox 155 3254 1765 3337; baseline 0.007 -27"><span class='ocrx_word' id='word_1_424' title='bbox 155 3254 388 3323; x_wconf 68' lang='lat' dir='ltr'>manutenens</span> <span class='ocrx_word' id='word_1_425' title='bbox 403 3270 572 3310; x_wconf 84' lang='lat' dir='ltr'>sermonem.</span> <span class='ocrx_word' id='word_1_426' title='bbox 588 3272 600 3306; x_wconf 76' lang='lat' dir='ltr'>s</span> <span class='ocrx_word' id='word_1_427' title='bbox 626 3257 726 3309; x_wconf 72' lang='lat' dir='ltr'>aureae</span> <span class='ocrx_word' id='word_1_428' title='bbox 740 3255 815 3308; x_wconf 88' lang='lat' dir='ltr'>enim</span> <span class='ocrx_word' id='word_1_429' title='bbox 834 3262 923 3318; x_wconf 87' lang='lat' dir='ltr'>erant,</span> <span class='ocrx_word' id='word_1_430' title='bbox 967 3255 1131 3310; x_wconf 82' lang='lat' dir='ltr'>fortitudine</span> <span class='ocrx_word' id='word_1_431' title='bbox 1147 3256 1214 3309; x_wconf 88' lang='lat' dir='ltr'>dicit</span> <span class='ocrx_word' id='word_1_432' title='bbox 1228 3255 1377 3311; x_wconf 81' lang='lat' dir='ltr'>Psalmista</span> <span class='ocrx_word' id='word_1_433' title='bbox 1393 3256 1583 3316; x_wconf 76' lang='lat' dir='ltr'>:cExsultaiii&#39;t</span> <span class='ocrx_word' id='word_1_434' title='bbox 1593 3267 1626 3318; x_wconf 89' lang='lat' dir='ltr'>ut</span> <span class='ocrx_word' id='word_1_435' title='bbox 1639 3264 1718 3337; x_wconf 67' lang='lat' dir='ltr'>gigas</span> <span class='ocrx_word' id='word_1_436' title='bbox 1728 3257 1765 3322; x_wconf 82' lang='lat' dir='ltr'>ad</span> 
     </span>
     <span class='ocr_line' id='line_1_35' title="bbox 155 3338 1763 3425; baseline 0.007 -27"><span class='ocrx_word' id='word_1_437' title='bbox 155 3346 202 3411; x_wconf 73' lang='lat' dir='ltr'>aaa</span> <span class='ocrx_word' id='word_1_438' title='bbox 210 3346 333 3416; x_wconf 88' lang='lat' dir='ltr'>operatio</span> <span class='ocrx_word' id='word_1_439' title='bbox 342 3346 417 3399; x_wconf 86' lang='lat' dir='ltr'>illius</span> <span class='ocrx_word' id='word_1_440' title='bbox 427 3338 581 3399; x_wconf 83' lang='lat' dir='ltr'>divinitatis</span> <span class='ocrx_word' id='word_1_441' title='bbox 592 3343 779 3415; x_wconf 83' lang='lat' dir='ltr'>peragebatur</span> <span class='ocrx_word' id='word_1_442' title='bbox 789 3343 923 3414; x_wconf 88' lang='lat' dir='ltr'>potentia:</span> <span class='ocrx_word' id='word_1_443' title='bbox 968 3345 1137 3398; x_wconf 87' lang='lat' dir='ltr'>currendam</span> <span class='ocrx_word' id='word_1_444' title='bbox 1148 3344 1235 3408; x_wconf 77' lang='lat' dir='ltr'>aiam,</span> <span class='ocrx_word' id='word_1_445' title='bbox 1259 3361 1277 3398; x_wconf 84' lang='lat' dir='ltr'>a</span> <span class='ocrx_word' id='word_1_446' title='bbox 1300 3352 1411 3400; x_wconf 83' lang='lat' dir='ltr'>summo</span> <span class='ocrx_word' id='word_1_447' title='bbox 1437 3348 1506 3403; x_wconf 73' lang='lat' dir='ltr'>caelo</span> <span class='ocrx_word' id='word_1_448' title='bbox 1528 3352 1763 3425; x_wconf 68' lang='lat' dir='ltr'>egressionibus</span> 
     </span>
     <span class='ocr_line' id='line_1_36' title="bbox 154 3424 1765 3511; baseline 0.007 -24"><span class='ocrx_word' id='word_1_449' title='bbox 154 3445 201 3487; x_wconf 75' lang='lat' dir='ltr'>nm</span> <span class='ocrx_word' id='word_1_450' title='bbox 213 3435 240 3488; x_wconf 91' lang='lat' dir='ltr'>in</span> <span class='ocrx_word' id='word_1_451' title='bbox 254 3449 325 3489; x_wconf 85' lang='lat' dir='ltr'>auro</span> <span class='ocrx_word' id='word_1_452' title='bbox 340 3433 470 3487; x_wconf 83' lang='lat' dir='ltr'>divinitas</span> <span class='ocrx_word' id='word_1_453' title='bbox 486 3435 638 3504; x_wconf 82' lang='lat' dir='ltr'>liguratur,</span> <span class='ocrx_word' id='word_1_454' title='bbox 656 3432 722 3501; x_wconf 91' lang='lat' dir='ltr'>quia</span> <span class='ocrx_word' id='word_1_455' title='bbox 735 3432 810 3485; x_wconf 89' lang='lat' dir='ltr'>sicut</span> <span class='ocrx_word' id='word_1_456' title='bbox 825 3446 926 3485; x_wconf 89' lang='lat' dir='ltr'>aurum</span> <span class='ocrx_word' id='word_1_457' title='bbox 969 3433 1009 3486; x_wconf 90' lang='lat' dir='ltr'>De</span> <span class='ocrx_word' id='word_1_458' title='bbox 1022 3432 1190 3486; x_wconf 89' lang='lat' dir='ltr'>rectitudine</span> <span class='ocrx_word' id='word_1_459' title='bbox 1205 3432 1272 3486; x_wconf 90' lang='lat' dir='ltr'>alibi</span> <span class='ocrx_word' id='word_1_460' title='bbox 1290 3449 1316 3486; x_wconf 81' lang='lat' dir='ltr'>:r</span> <span class='ocrx_word' id='word_1_461' title='bbox 1337 3424 1435 3489; x_wconf 74' lang='lat' dir='ltr'>iustus</span> <span class='ocrx_word' id='word_1_462' title='bbox 1447 3436 1583 3493; x_wconf 83' lang='lat' dir='ltr'>Dominus</span> <span class='ocrx_word' id='word_1_463' title='bbox 1597 3446 1625 3495; x_wconf 93' lang='lat' dir='ltr'>et</span> <span class='ocrx_word' id='word_1_464' title='bbox 1636 3434 1765 3511; x_wconf 74' lang='lat' dir='ltr'>&#39;jusiitias</span> 
     </span>
     <span class='ocr_line' id='line_1_37' title="bbox 154 3520 1765 3595; baseline 0.007 -19"><span class='ocrx_word' id='word_1_465' title='bbox 154 3529 232 3578; x_wconf 72' lang='lat' dir='ltr'>cetera</span> <span class='ocrx_word' id='word_1_466' title='bbox 245 3524 362 3579; x_wconf 88' lang='lat' dir='ltr'>metalla</span> <span class='ocrx_word' id='word_1_467' title='bbox 375 3523 527 3588; x_wconf 81' lang='lat' dir='ltr'>antecellit,</span> <span class='ocrx_word' id='word_1_468' title='bbox 537 3531 566 3577; x_wconf 89' lang='lat' dir='ltr'>et</span> <span class='ocrx_word' id='word_1_469' title='bbox 580 3522 729 3592; x_wconf 81' lang='lat' dir='ltr'>pretiosius</span> <span class='ocrx_word' id='word_1_470' title='bbox 744 3527 796 3582; x_wconf 87' lang='lat' dir='ltr'>est,</span> <span class='ocrx_word' id='word_1_471' title='bbox 807 3522 847 3575; x_wconf 86' lang='lat' dir='ltr'>ita</span> <span class='ocrx_word' id='word_1_472' title='bbox 861 3520 928 3574; x_wconf 81' lang='lat' dir='ltr'>diri·</span> <span class='ocrx_word' id='word_1_473' title='bbox 969 3521 1239 3590; x_wconf 70' lang='lat' dir='ltr'>dilexitaerpuitatem</span> <span class='ocrx_word' id='word_1_474' title='bbox 1249 3521 1318 3575; x_wconf 82' lang='lat' dir='ltr'>vidit</span> <span class='ocrx_word' id='word_1_475' title='bbox 1327 3521 1419 3578; x_wconf 86' lang='lat' dir='ltr'>vultus</span> <span class='ocrx_word' id='word_1_476' title='bbox 1433 3526 1494 3595; x_wconf 85' lang='lat' dir='ltr'>ejus</span> <span class='ocrx_word' id='word_1_477' title='bbox 1507 3544 1513 3593; x_wconf 90' lang='lat'>;</span> <span class='ocrx_word' id='word_1_478' title='bbox 1525 3533 1585 3593; x_wconf 75' lang='lat' dir='ltr'>t‘et,</span> <span class='ocrx_word' id='word_1_479' title='bbox 1598 3540 1611 3581; x_wconf 79' lang='lat' dir='ltr'>t</span> <span class='ocrx_word' id='word_1_480' title='bbox 1622 3526 1765 3588; x_wconf 70' lang='lat' dir='ltr'>annena</span> 
     </span>
     <span class='ocr_line' id='line_1_38' title="bbox 154 3609 1766 3682; baseline 0.008 -17"><span class='ocrx_word' id='word_1_481' title='bbox 154 3610 272 3668; x_wconf 72' lang='lat' dir='ltr'>a&#39;tssst&#39;s</span> <span class='ocrx_word' id='word_1_482' title='bbox 288 3611 421 3667; x_wconf 88' lang='lat' dir='ltr'>omnibns</span> <span class='ocrx_word' id='word_1_483' title='bbox 431 3611 561 3682; x_wconf 90' lang='lat' dir='ltr'>operibus</span> <span class='ocrx_word' id='word_1_484' title='bbox 571 3609 704 3664; x_wconf 75' lang='lat' dir='ltr'>ineffabili</span> <span class='ocrx_word' id='word_1_485' title='bbox 719 3610 801 3662; x_wconf 91' lang='lat' dir='ltr'>modo</span> <span class='ocrx_word' id='word_1_486' title='bbox 817 3610 928 3680; x_wconf 75' lang='lat' dir='ltr'>pracel·</span> <span class='ocrx_word' id='word_1_487' title='bbox 969 3611 1021 3664; x_wconf 81' lang='lat' dir='ltr'>viae</span> <span class='ocrx_word' id='word_1_488' title='bbox 1035 3611 1147 3664; x_wconf 89' lang='lat' dir='ltr'>Domini</span> <span class='ocrx_word' id='word_1_489' title='bbox 1157 3610 1349 3664; x_wconf 86' lang='lat' dir='ltr'>misericordia</span> <span class='ocrx_word' id='word_1_490' title='bbox 1361 3612 1390 3665; x_wconf 80' lang='lat' dir='ltr'>e&#39;t</span> <span class='ocrx_word' id='word_1_491' title='bbox 1403 3613 1515 3667; x_wconf 67' lang='lat' dir='ltr'>ueritas.</span> <span class='ocrx_word' id='word_1_492' title='bbox 1530 3610 1611 3671; x_wconf 71' lang='lat' dir='ltr'>»ilaee</span> <span class='ocrx_word' id='word_1_493' title='bbox 1622 3626 1709 3675; x_wconf 83' lang='lat' dir='ltr'>&#39;crura</span> <span class='ocrx_word' id='word_1_494' title='bbox 1720 3632 1766 3678; x_wconf 83' lang='lat' dir='ltr'>su·</span> 
     </span>
     <span class='ocr_line' id='line_1_39' title="bbox 155 3694 1766 3783; baseline 0.011 -35"><span class='ocrx_word' id='word_1_495' title='bbox 155 3694 182 3755; x_wconf 81' lang='lat' dir='ltr'>lit.</span> <span class='ocrx_word' id='word_1_496' title='bbox 195 3701 305 3756; x_wconf 74' lang='lat' dir='ltr'>cPlena,</span> <span class='ocrx_word' id='word_1_497' title='bbox 316 3699 485 3771; x_wconf 84' lang='lat' dir='ltr'>hyacinthis.</span> <span class='ocrx_word' id='word_1_498' title='bbox 500 3719 516 3751; x_wconf 82' lang='lat' dir='ltr'>n</span> <span class='ocrx_word' id='word_1_499' title='bbox 532 3698 706 3769; x_wconf 85' lang='lat' dir='ltr'>llyacinthns</span> <span class='ocrx_word' id='word_1_500' title='bbox 721 3696 792 3768; x_wconf 83' lang='lat' dir='ltr'>lapis</span> <span class='ocrx_word' id='word_1_501' title='bbox 806 3704 849 3750; x_wconf 86' lang='lat' dir='ltr'>est</span> <span class='ocrx_word' id='word_1_502' title='bbox 858 3695 928 3749; x_wconf 88' lang='lat' dir='ltr'>aerii</span> <span class='ocrx_word' id='word_1_503' title='bbox 970 3713 1020 3767; x_wconf 88' lang='lat' dir='ltr'>per</span> <span class='ocrx_word' id='word_1_504' title='bbox 1031 3698 1114 3751; x_wconf 90' lang='lat' dir='ltr'>bases</span> <span class='ocrx_word' id='word_1_505' title='bbox 1127 3714 1228 3752; x_wconf 90' lang='lat' dir='ltr'>aureas</span> <span class='ocrx_word' id='word_1_506' title='bbox 1239 3699 1357 3753; x_wconf 81' lang='lat' dir='ltr'>lundata</span> <span class='ocrx_word' id='word_1_507' title='bbox 1374 3702 1629 3772; x_wconf 80' lang='lat' dir='ltr'>sunt‚qniaomnia</span> <span class='ocrx_word' id='word_1_508' title='bbox 1643 3718 1704 3778; x_wconf 77' lang='lat' dir='ltr'>quae</span> <span class='ocrx_word' id='word_1_509' title='bbox 1712 3710 1766 3783; x_wconf 85' lang='lat' dir='ltr'>pel·</span> 
     </span>
     <span class='ocr_line' id='line_1_40' title="bbox 154 3787 1765 3862; baseline 0.007 -18"><span class='ocrx_word' id='word_1_510' title='bbox 154 3793 239 3848; x_wconf 80' lang='lat' dir='ltr'>oloris.</span> <span class='ocrx_word' id='word_1_511' title='bbox 256 3793 331 3857; x_wconf 87' lang='lat' dir='ltr'>Quid</span> <span class='ocrx_word' id='word_1_512' title='bbox 346 3806 414 3862; x_wconf 81' lang='lat' dir='ltr'>orgo</span> <span class='ocrx_word' id='word_1_513' title='bbox 429 3790 457 3845; x_wconf 93' lang='lat' dir='ltr'>in</span> <span class='ocrx_word' id='word_1_514' title='bbox 473 3791 641 3861; x_wconf 87' lang='lat' dir='ltr'>hyacinthis,</span> <span class='ocrx_word' id='word_1_515' title='bbox 657 3788 713 3843; x_wconf 90' lang='lat' dir='ltr'>nisi</span> <span class='ocrx_word' id='word_1_516' title='bbox 726 3806 790 3859; x_wconf 86' lang='lat' dir='ltr'>spes</span> <span class='ocrx_word' id='word_1_517' title='bbox 812 3795 841 3842; x_wconf 88' lang='lat' dir='ltr'>et</span> <span class='ocrx_word' id='word_1_518' title='bbox 854 3788 928 3842; x_wconf 87' lang='lat' dir='ltr'>desi·</span> <span class='ocrx_word' id='word_1_519' title='bbox 971 3787 1112 3840; x_wconf 81' lang='lat' dir='ltr'>Christum</span> <span class='ocrx_word' id='word_1_520' title='bbox 1129 3787 1173 3840; x_wconf 88' lang='lat' dir='ltr'>vel</span> <span class='ocrx_word' id='word_1_521' title='bbox 1195 3788 1223 3841; x_wconf 90' lang='lat' dir='ltr'>in</span> <span class='ocrx_word' id='word_1_522' title='bbox 1247 3788 1359 3842; x_wconf 86' lang='lat' dir='ltr'>Christo</span> <span class='ocrx_word' id='word_1_523' title='bbox 1374 3791 1482 3858; x_wconf 83' lang='lat' dir='ltr'>agenda</span> <span class='ocrx_word' id='word_1_524' title='bbox 1497 3799 1588 3858; x_wconf 87' lang='lat' dir='ltr'>erant,</span> <span class='ocrx_word' id='word_1_525' title='bbox 1610 3790 1765 3855; x_wconf 83' lang='lat' dir='ltr'>divinitatis</span> 
     </span>
     <span class='ocr_line' id='line_1_41' title="bbox 155 3875 1767 3951; baseline 0.009 -22"><span class='ocrx_word' id='word_1_526' title='bbox 155 3875 243 3936; x_wconf 81' lang='lat' dir='ltr'>lenam</span> <span class='ocrx_word' id='word_1_527' title='bbox 255 3882 370 3936; x_wconf 84' lang='lat' dir='ltr'>coeleste</span> <span class='ocrx_word' id='word_1_528' title='bbox 385 3879 543 3950; x_wconf 81' lang='lat' dir='ltr'>accipitur?</span> <span class='ocrx_word' id='word_1_529' title='bbox 554 3878 590 3933; x_wconf 79' lang='lat' dir='ltr'>Et</span> <span class='ocrx_word' id='word_1_530' title='bbox 601 3893 700 3932; x_wconf 91' lang='lat' dir='ltr'>manus</span> <span class='ocrx_word' id='word_1_531' title='bbox 714 3877 826 3932; x_wconf 89' lang='lat' dir='ltr'>Domini</span> <span class='ocrx_word' id='word_1_532' title='bbox 841 3878 928 3948; x_wconf 88' lang='lat' dir='ltr'>plenae</span> <span class='ocrx_word' id='word_1_533' title='bbox 970 3875 1086 3930; x_wconf 88' lang='lat' dir='ltr'>consilio</span> <span class='ocrx_word' id='word_1_534' title='bbox 1101 3882 1166 3929; x_wconf 89' lang='lat' dir='ltr'>ante</span> <span class='ocrx_word' id='word_1_535' title='bbox 1179 3876 1278 3930; x_wconf 88' lang='lat' dir='ltr'>mundi</span> <span class='ocrx_word' id='word_1_536' title='bbox 1292 3877 1521 3933; x_wconf 89' lang='lat' dir='ltr'>constitutionem</span> <span class='ocrx_word' id='word_1_537' title='bbox 1536 3876 1724 3951; x_wconf 68' lang='lat' dir='ltr'>praeordinata</span> <span class='ocrx_word' id='word_1_538' title='bbox 1734 3888 1767 3944; x_wconf 75' lang='lat' dir='ltr'>‘et</span> 
     </span>
     <span class='ocr_line' id='line_1_42' title="bbox 153 3963 1765 4042; baseline 0.004 -18"><span class='ocrx_word' id='word_1_539' title='bbox 153 3977 201 4024; x_wconf 82' lang='lat' dir='ltr'>mr</span> <span class='ocrx_word' id='word_1_540' title='bbox 215 3969 384 4042; x_wconf 81' lang='lat' dir='ltr'>hyacinthis,</span> <span class='ocrx_word' id='word_1_541' title='bbox 399 3968 467 4039; x_wconf 88' lang='lat' dir='ltr'>quia</span> <span class='ocrx_word' id='word_1_542' title='bbox 480 3967 572 4022; x_wconf 91' lang='lat' dir='ltr'>omnis</span> <span class='ocrx_word' id='word_1_543' title='bbox 587 3968 649 4037; x_wconf 86' lang='lat' dir='ltr'>ejus</span> <span class='ocrx_word' id='word_1_544' title='bbox 669 3966 794 4037; x_wconf 87' lang='lat' dir='ltr'>operatio</span> <span class='ocrx_word' id='word_1_545' title='bbox 816 3981 867 4019; x_wconf 91' lang='lat' dir='ltr'>nos</span> <span class='ocrx_word' id='word_1_546' title='bbox 893 3966 928 4019; x_wconf 92' lang='lat' dir='ltr'>ad</span> <span class='ocrx_word' id='word_1_547' title='bbox 970 3963 1108 4035; x_wconf 80' lang='lat' dir='ltr'>praefinita</span> <span class='ocrx_word' id='word_1_548' title='bbox 1121 3969 1196 4017; x_wconf 86' lang='lat' dir='ltr'>sunt.</span> <span class='ocrx_word' id='word_1_549' title='bbox 1211 3966 1320 4017; x_wconf 77' lang='lat' dir='ltr'>Aurum</span> <span class='ocrx_word' id='word_1_550' title='bbox 1333 3964 1409 4017; x_wconf 86' lang='lat' dir='ltr'>&#39;euim</span> <span class='ocrx_word' id='word_1_551' title='bbox 1425 3966 1498 4035; x_wconf 84' lang='lat' dir='ltr'>quod</span> <span class='ocrx_word' id='word_1_552' title='bbox 1511 3971 1558 4039; x_wconf 87' lang='lat' dir='ltr'>(ut</span> <span class='ocrx_word' id='word_1_553' title='bbox 1568 3970 1765 4042; x_wconf 74' lang='lat' dir='ltr'>sae‘pe&#39;dic‘tu&#39;m</span> 
     </span>
     <span class='ocr_line' id='line_1_43' title="bbox 149 4050 1767 4129; baseline 0.004 -17"><span class='ocrx_word' id='word_1_554' title='bbox 149 4066 212 4125; x_wconf 71' lang='lat' dir='ltr'>pan</span> <span class='ocrx_word' id='word_1_555' title='bbox 222 4067 249 4114; x_wconf 87' lang='lat' dir='ltr'>et</span> <span class='ocrx_word' id='word_1_556' title='bbox 258 4058 432 4114; x_wconf 86' lang='lat' dir='ltr'>desiderium</span> <span class='ocrx_word' id='word_1_557' title='bbox 443 4070 630 4127; x_wconf 90' lang='lat' dir='ltr'>supernorum</span> <span class='ocrx_word' id='word_1_558' title='bbox 640 4054 930 4125; x_wconf 80' lang='lat' dir='ltr'>excitatllyacinthus</span> <span class='ocrx_word' id='word_1_559' title='bbox 972 4058 1025 4116; x_wconf 79' lang='lat' dir='ltr'>est)</span> <span class='ocrx_word' id='word_1_560' title='bbox 1035 4050 1209 4122; x_wconf 79' lang='lat' dir='ltr'>splendidius</span> <span class='ocrx_word' id='word_1_561' title='bbox 1223 4057 1252 4106; x_wconf 91' lang='lat' dir='ltr'>et</span> <span class='ocrx_word' id='word_1_562' title='bbox 1260 4051 1411 4123; x_wconf 86' lang='lat' dir='ltr'>pretiosius</span> <span class='ocrx_word' id='word_1_563' title='bbox 1421 4054 1582 4111; x_wconf 59' lang='lat' dir='ltr'>educamus</span> <span class='ocrx_word' id='word_1_564' title='bbox 1589 4052 1767 4129; x_wconf 68' lang='lat' dir='ltr'>maclian-</span> 
     </span>
     <span class='ocr_line' id='line_1_44' title="bbox 147 4140 1767 4218; baseline 0.005 -17"><span class='ocrx_word' id='word_1_565' title='bbox 147 4155 182 4201; x_wconf 70' lang='lat' dir='ltr'>tit</span> <span class='ocrx_word' id='word_1_566' title='bbox 196 4149 279 4203; x_wconf 60' lang='lat' dir='ltr'>mam</span> <span class='ocrx_word' id='word_1_567' title='bbox 289 4149 344 4202; x_wconf 85' lang='lat' dir='ltr'>llos</span> <span class='ocrx_word' id='word_1_568' title='bbox 353 4147 533 4209; x_wconf 85' lang='lat' dir='ltr'>aromaticus,</span> <span class='ocrx_word' id='word_1_569' title='bbox 544 4146 645 4200; x_wconf 92' lang='lat' dir='ltr'>coloris</span> <span class='ocrx_word' id='word_1_570' title='bbox 660 4143 794 4216; x_wconf 81' lang='lat' dir='ltr'>purpurei</span> <span class='ocrx_word' id='word_1_571' title='bbox 809 4141 930 4212; x_wconf 88' lang='lat' dir='ltr'>bonique</span> <span class='ocrx_word' id='word_1_572' title='bbox 972 4141 1028 4194; x_wconf 88' lang='lat' dir='ltr'>vini</span> <span class='ocrx_word' id='word_1_573' title='bbox 1043 4140 1152 4194; x_wconf 87' lang='lat' dir='ltr'>consilii</span> <span class='ocrx_word' id='word_1_574' title='bbox 1170 4140 1392 4196; x_wconf 85' lang='lat' dir='ltr'>sincerissimum</span> <span class='ocrx_word' id='word_1_575' title='bbox 1408 4140 1547 4199; x_wconf 80' lang='lat' dir='ltr'>secretum</span> <span class='ocrx_word' id='word_1_576' title='bbox 1561 4146 1708 4218; x_wconf 77' lang='lat' dir='ltr'>signillcat.</span> <span class='ocrx_word' id='word_1_577' title='bbox 1723 4152 1767 4209; x_wconf 82' lang='lat' dir='ltr'>Do</span> 
     </span>
     <span class='ocr_line' id='line_1_45' title="bbox 143 4228 1765 4310; baseline 0.004 -19"><span class='ocrx_word' id='word_1_578' title='bbox 143 4232 345 4292; x_wconf 73' lang='lat' dir='ltr'>⁰dorisl&#39;ianus</span> <span class='ocrx_word' id='word_1_579' title='bbox 351 4235 461 4290; x_wconf 87' lang='lat' dir='ltr'>Domini</span> <span class='ocrx_word' id='word_1_580' title='bbox 469 4232 561 4306; x_wconf 77' lang='lat' dir='ltr'>plena</span> <span class='ocrx_word' id='word_1_581' title='bbox 570 4240 636 4288; x_wconf 87' lang='lat' dir='ltr'>sunt</span> <span class='ocrx_word' id='word_1_582' title='bbox 643 4232 812 4305; x_wconf 82' lang='lat' dir='ltr'>hyacinthis,</span> <span class='ocrx_word' id='word_1_583' title='bbox 824 4232 889 4302; x_wconf 90' lang='lat' dir='ltr'>quia</span> <span class='ocrx_word' id='word_1_584' title='bbox 900 4232 931 4285; x_wconf 91' lang='lat' dir='ltr'>in</span> <span class='ocrx_word' id='word_1_585' title='bbox 974 4228 1085 4283; x_wconf 84' lang='lat' dir='ltr'>basibus</span> <span class='ocrx_word' id='word_1_586' title='bbox 1096 4230 1270 4285; x_wconf 87' lang='lat' dir='ltr'>enimaureis</span> <span class='ocrx_word' id='word_1_587' title='bbox 1280 4231 1417 4287; x_wconf 80' lang='lat' dir='ltr'>columna</span> <span class='ocrx_word' id='word_1_588' title='bbox 1425 4232 1765 4310; x_wconf 63' lang='lat' dir='ltr'>incimmemmaum,</span> 
     </span>
     <span class='ocr_line' id='line_1_46' title="bbox 137 4318 1768 4396; baseline 0.004 -16"><span class='ocrx_word' id='word_1_589' title='bbox 137 4318 217 4381; x_wconf 61' lang='lat' dir='ltr'>e&#39;&#39;arce</span> <span class='ocrx_word' id='word_1_590' title='bbox 231 4325 317 4380; x_wconf 85' lang='lat' dir='ltr'>claris</span> <span class='ocrx_word' id='word_1_591' title='bbox 328 4324 487 4396; x_wconf 74' lang='lat' dir='ltr'>perforata,</span> <span class='ocrx_word' id='word_1_592' title='bbox 497 4330 526 4376; x_wconf 91' lang='lat' dir='ltr'>et</span> <span class='ocrx_word' id='word_1_593' title='bbox 532 4322 635 4377; x_wconf 85' lang='lat' dir='ltr'>rubore</span> <span class='ocrx_word' id='word_1_594' title='bbox 643 4322 686 4376; x_wconf 86' lang='lat' dir='ltr'>sui</span> <span class='ocrx_word' id='word_1_595' title='bbox 696 4320 842 4391; x_wconf 83' lang='lat' dir='ltr'>sanguinis</span> <span class='ocrx_word' id='word_1_596' title='bbox 851 4319 931 4390; x_wconf 84' lang='lat' dir='ltr'>quasi</span> <span class='ocrx_word' id='word_1_597' title='bbox 973 4319 1039 4389; x_wconf 88' lang='lat' dir='ltr'>quia</span> <span class='ocrx_word' id='word_1_598' title='bbox 1048 4318 1083 4371; x_wconf 85' lang='lat' dir='ltr'>ab</span> <span class='ocrx_word' id='word_1_599' title='bbox 1094 4318 1175 4373; x_wconf 89' lang='lat' dir='ltr'>initio</span> <span class='ocrx_word' id='word_1_600' title='bbox 1181 4319 1278 4373; x_wconf 83' lang='lat' dir='ltr'>saeculi</span> <span class='ocrx_word' id='word_1_601' title='bbox 1290 4319 1478 4390; x_wconf 80' lang='lat' dir='ltr'>praeordinata</span> <span class='ocrx_word' id='word_1_602' title='bbox 1487 4330 1530 4377; x_wconf 85' lang='lat' dir='ltr'>est</span> <span class='ocrx_word' id='word_1_603' title='bbox 1536 4322 1704 4395; x_wconf 79' lang='lat' dir='ltr'>insumatis,</span> <span class='ocrx_word' id='word_1_604' title='bbox 1720 4338 1768 4387; x_wconf 85' lang='lat' dir='ltr'>aa·</span> 
     </span>
     <span class='ocr_line' id='line_1_47' title="bbox 134 4392 1767 4490; baseline 0.01 -31"><span class='ocrx_word' id='word_1_605' title='bbox 134 4415 228 4470; x_wconf 64' lang='lat' dir='ltr'>colom</span> <span class='ocrx_word' id='word_1_606' title='bbox 239 4428 386 4488; x_wconf 64' lang='lat' dir='ltr'>purpureo</span> <span class='ocrx_word' id='word_1_607' title='bbox 396 4428 531 4484; x_wconf 78' lang='lat' dir='ltr'>respersa</span> <span class='ocrx_word' id='word_1_608' title='bbox 546 4416 620 4466; x_wconf 86' lang='lat' dir='ltr'>sunt.</span> <span class='ocrx_word' id='word_1_609' title='bbox 634 4410 689 4464; x_wconf 88' lang='lat' dir='ltr'>Sed</span> <span class='ocrx_word' id='word_1_610' title='bbox 703 4410 832 4480; x_wconf 87' lang='lat' dir='ltr'>superior</span> <span class='ocrx_word' id='word_1_611' title='bbox 850 4392 1075 4479; x_wconf 81' lang='lat' dir='ltr'>erpo-Dtivitas,</span> <span class='ocrx_word' id='word_1_612' title='bbox 1092 4407 1196 4478; x_wconf 78' lang='lat' dir='ltr'>passio.</span> <span class='ocrx_word' id='word_1_613' title='bbox 1207 4409 1414 4463; x_wconf 84' lang='lat' dir='ltr'>etresurrectio</span> <span class='ocrx_word' id='word_1_614' title='bbox 1431 4409 1594 4480; x_wconf 78' lang='lat' dir='ltr'>salvatoris,</span> <span class='ocrx_word' id='word_1_615' title='bbox 1610 4420 1767 4490; x_wconf 81' lang='lat' dir='ltr'>caeteraque</span> 
     </span>
     <span class='ocr_line' id='line_1_48' title="bbox 129 4493 1769 4575; baseline 0.002 -16"><span class='ocrx_word' id='word_1_616' title='bbox 129 4496 202 4559; x_wconf 66' lang='lat' dir='ltr'>*iao</span> <span class='ocrx_word' id='word_1_617' title='bbox 218 4505 254 4559; x_wconf 91' lang='lat' dir='ltr'>de</span> <span class='ocrx_word' id='word_1_618' title='bbox 273 4503 426 4575; x_wconf 81' lang='lat' dir='ltr'>hyacintho</span> <span class='ocrx_word' id='word_1_619' title='bbox 448 4501 552 4572; x_wconf 85' lang='lat' dir='ltr'>lapide,</span> <span class='ocrx_word' id='word_1_620' title='bbox 569 4500 670 4555; x_wconf 88' lang='lat' dir='ltr'>melius</span> <span class='ocrx_word' id='word_1_621' title='bbox 684 4499 730 4552; x_wconf 91' lang='lat' dir='ltr'>hic</span> <span class='ocrx_word' id='word_1_622' title='bbox 743 4498 882 4552; x_wconf 81' lang='lat' dir='ltr'>convenit.</span> <span class='ocrx_word' id='word_1_623' title='bbox 898 4499 931 4552; x_wconf 93' lang='lat' dir='ltr'>ln</span> <span class='ocrx_word' id='word_1_624' title='bbox 973 4496 1218 4569; x_wconf 74' lang='lat' dir='ltr'>mysteria&#39;piibus</span> <span class='ocrx_word' id='word_1_625' title='bbox 1229 4497 1384 4552; x_wconf 90' lang='lat' dir='ltr'>humanum</span> <span class='ocrx_word' id='word_1_626' title='bbox 1391 4493 1769 4569; x_wconf 70' lang='lat' dir='ltr'>genusreaimereturiinas</span> 
     </span>
     <span class='ocr_line' id='line_1_49' title="bbox 127 4582 1766 4661; baseline 0.004 -17"><span class='ocrx_word' id='word_1_627' title='bbox 127 4587 195 4645; x_wconf 55' lang='grc' dir='ltr'>Ἦ</span> <span class='ocrx_word' id='word_1_628' title='bbox 205 4591 391 4647; x_wconf 80' lang='lat' dir='ltr'>tmnslatione</span> <span class='ocrx_word' id='word_1_629' title='bbox 407 4590 505 4661; x_wconf 80' lang='lat' dir='ltr'>«lapis</span> <span class='ocrx_word' id='word_1_630' title='bbox 522 4609 533 4641; x_wconf 81' lang='grc' dir='ltr'><strong>ι</strong></span> <span class='ocrx_word' id='word_1_631' title='bbox 549 4588 678 4643; x_wconf 89' lang='lat' dir='ltr'>habetur.</span> <span class='ocrx_word' id='word_1_632' title='bbox 698 4587 837 4642; x_wconf 90' lang='lat' dir='ltr'>Dicuntur</span> <span class='ocrx_word' id='word_1_633' title='bbox 856 4587 931 4640; x_wconf 90' lang='lat' dir='ltr'>enim</span> <span class='ocrx_word' id='word_1_634' title='bbox 974 4590 1003 4640; x_wconf 86' lang='lat' dir='ltr'>e&#39;t</span> <span class='ocrx_word' id='word_1_635' title='bbox 1017 4585 1157 4656; x_wconf 86' lang='lat' dir='ltr'>Propheta</span> <span class='ocrx_word' id='word_1_636' title='bbox 1171 4586 1290 4640; x_wconf 86' lang='lat' dir='ltr'>laudans</span> <span class='ocrx_word' id='word_1_637' title='bbox 1302 4586 1394 4640; x_wconf 84' lang='lat' dir='ltr'>Deum</span> <span class='ocrx_word' id='word_1_638' title='bbox 1408 4587 1518 4642; x_wconf 80' lang='lat' dir='ltr'>dicebat</span> <span class='ocrx_word' id='word_1_639' title='bbox 1534 4608 1540 4642; x_wconf 77' lang='grc' dir='ltr'><strong><em>ε</em></strong></span> <span class='ocrx_word' id='word_1_640' title='bbox 1557 4582 1675 4647; x_wconf 82' lang='lat' dir='ltr'>Domino</span> <span class='ocrx_word' id='word_1_641' title='bbox 1690 4594 1766 4650; x_wconf 86' lang='lat' dir='ltr'>Deus</span> 
     </span>
     <span class='ocr_line' id='line_1_50' title="bbox 124 4673 1769 4755; baseline 0.003 -21"><span class='ocrx_word' id='word_1_642' title='bbox 124 4678 309 4751; x_wconf 59' lang='lat' dir='ltr'>anmejus</span> <span class='ocrx_word' id='word_1_643' title='bbox 318 4679 477 4742; x_wconf 82' lang='lat' dir='ltr'>tornatiles,</span> <span class='ocrx_word' id='word_1_644' title='bbox 496 4678 587 4749; x_wconf 83' lang='lat' dir='ltr'>plenae</span> <span class='ocrx_word' id='word_1_645' title='bbox 599 4676 713 4730; x_wconf 89' lang='lat' dir='ltr'>tharsis.</span> <span class='ocrx_word' id='word_1_646' title='bbox 729 4675 844 4729; x_wconf 81' lang='lat' dir='ltr'>Tharais</span> <span class='ocrx_word' id='word_1_647' title='bbox 861 4674 932 4745; x_wconf 86' lang='lat' dir='ltr'>lapis</span> <span class='ocrx_word' id='word_1_648' title='bbox 974 4673 1261 4734; x_wconf 74' lang='lat' dir='ltr'>meashonorlucabo</span> <span class='ocrx_word' id='word_1_649' title='bbox 1273 4679 1311 4740; x_wconf 88' lang='lat' dir='ltr'>te,</span> <span class='ocrx_word' id='word_1_650' title='bbox 1321 4675 1419 4729; x_wconf 88' lang='lat' dir='ltr'>laudes</span> <span class='ocrx_word' id='word_1_651' title='bbox 1432 4676 1522 4729; x_wconf 82' lang='lat' dir='ltr'>dicam</span> <span class='ocrx_word' id='word_1_652' title='bbox 1537 4674 1644 4735; x_wconf 81' lang='lat' dir='ltr'>nomini</span> <span class='ocrx_word' id='word_1_653' title='bbox 1659 4676 1769 4755; x_wconf 76' lang='lat' dir='ltr'>tuo&#39;qui</span> 
     </span>
     <span class='ocr_line' id='line_1_51' title="bbox 125 4762 1770 4839; baseline 0.003 -17"><span class='ocrx_word' id='word_1_654' title='bbox 125 4766 185 4823; x_wconf 49' lang='grc' dir='ltr'>ἢ</span> <span class='ocrx_word' id='word_1_655' title='bbox 199 4782 280 4839; x_wconf 77' lang='lat' dir='ltr'>quern</span> <span class='ocrx_word' id='word_1_656' title='bbox 292 4782 346 4824; x_wconf 86' lang='lat' dir='ltr'>nos</span> <span class='ocrx_word' id='word_1_657' title='bbox 359 4767 569 4823; x_wconf 86' lang='lat' dir='ltr'>chalcedonium</span> <span class='ocrx_word' id='word_1_658' title='bbox 580 4766 712 4823; x_wconf 83' lang='lat' dir='ltr'>dicimus.</span> <span class='ocrx_word' id='word_1_659' title='bbox 730 4765 859 4818; x_wconf 75' lang='lat' dir='ltr'>«Venter</span> <span class='ocrx_word' id='word_1_660' title='bbox 873 4764 934 4834; x_wconf 80' lang='lat' dir='ltr'>ejus</span> <span class='ocrx_word' id='word_1_661' title='bbox 975 4763 1044 4817; x_wconf 86' lang='lat' dir='ltr'>facis</span> <span class='ocrx_word' id='word_1_662' title='bbox 1059 4762 1201 4817; x_wconf 85' lang='lat' dir='ltr'>mirabiles</span> <span class='ocrx_word' id='word_1_663' title='bbox 1214 4778 1260 4817; x_wconf 82' lang='lat' dir='ltr'>res</span> <span class='ocrx_word' id='word_1_664' title='bbox 1276 4781 1281 4815; x_wconf 92' lang='lat'>:</span> <span class='ocrx_word' id='word_1_665' title='bbox 1302 4763 1454 4817; x_wconf 75' lang='lat' dir='ltr'>consiliam</span> <span class='ocrx_word' id='word_1_666' title='bbox 1467 4769 1549 4818; x_wconf 85' lang='lat' dir='ltr'>tuum</span> <span class='ocrx_word' id='word_1_667' title='bbox 1560 4766 1709 4838; x_wconf 79' lang='lat' dir='ltr'>aufiquum</span> <span class='ocrx_word' id='word_1_668' title='bbox 1725 4774 1770 4827; x_wconf 79' lang='lat' dir='ltr'>va·</span> 
     </span>
     <span class='ocr_line' id='line_1_52' title="bbox 123 4848 1768 4926; baseline 0.005 -14"><span class='ocrx_word' id='word_1_669' title='bbox 123 4848 287 4914; x_wconf 52' lang='lat' dir='ltr'>‘harneas</span> <span class='ocrx_word' id='word_1_670' title='bbox 297 4876 314 4911; x_wconf 74' lang='lat' dir='ltr'>a</span> <span class='ocrx_word' id='word_1_671' title='bbox 331 4858 364 4914; x_wconf 84' lang='lat' dir='ltr'>ln</span> <span class='ocrx_word' id='word_1_672' title='bbox 374 4856 509 4911; x_wconf 84' lang='lat' dir='ltr'>membris</span> <span class='ocrx_word' id='word_1_673' title='bbox 518 4855 634 4910; x_wconf 86' lang='lat' dir='ltr'>humani</span> <span class='ocrx_word' id='word_1_674' title='bbox 647 4854 773 4926; x_wconf 85' lang='lat' dir='ltr'>corporis</span> <span class='ocrx_word' id='word_1_675' title='bbox 786 4853 856 4907; x_wconf 90' lang='lat' dir='ltr'>nihil</span> <span class='ocrx_word' id='word_1_676' title='bbox 870 4868 935 4907; x_wconf 76' lang='lat' dir='ltr'>ren·</span> <span class='ocrx_word' id='word_1_677' title='bbox 975 4866 1038 4906; x_wconf 86' lang='lat' dir='ltr'>rum</span> <span class='ocrx_word' id='word_1_678' title='bbox 1051 4852 1110 4905; x_wconf 82' lang='lat' dir='ltr'>liat.</span> <span class='ocrx_word' id='word_1_679' title='bbox 1129 4870 1142 4902; x_wconf 80' lang='lat' dir='ltr'>c</span> <span class='ocrx_word' id='word_1_680' title='bbox 1157 4851 1268 4922; x_wconf 78' lang='lat' dir='ltr'>Species</span> <span class='ocrx_word' id='word_1_681' title='bbox 1280 4851 1498 4921; x_wconf 65' lang='lat' dir='ltr'>eibsu&#39;tIaibsstlb</span> <span class='ocrx_word' id='word_1_682' title='bbox 1509 4853 1615 4909; x_wconf 56' lang='lat' dir='ltr'>efficitis</span> <span class='ocrx_word' id='word_1_683' title='bbox 1625 4850 1768 4916; x_wconf 66' lang='lat' dir='ltr'>arcam»</span> 
     </span>
     <span class='ocr_line' id='line_1_53' title="bbox 125 4934 1771 5019; baseline 0.004 -21"><span class='ocrx_word' id='word_1_684' title='bbox 125 4934 186 4999; x_wconf 51' lang='lat' dir='ltr'>bs</span> <span class='ocrx_word' id='word_1_685' title='bbox 197 4943 334 5019; x_wconf 64' lang='lat' dir='ltr'>treffl&#39;lius,</span> <span class='ocrx_word' id='word_1_686' title='bbox 351 4945 422 5000; x_wconf 87' lang='lat' dir='ltr'>nihil</span> <span class='ocrx_word' id='word_1_687' title='bbox 436 4945 562 5000; x_wconf 84' lang='lat' dir='ltr'>tenerius</span> <span class='ocrx_word' id='word_1_688' title='bbox 579 4964 586 4999; x_wconf 72' lang='grc' dir='ltr'><strong><em>ε</em></strong></span> <span class='ocrx_word' id='word_1_689' title='bbox 605 4944 724 5015; x_wconf 84' lang='lat' dir='ltr'>ideoque</span> <span class='ocrx_word' id='word_1_690' title='bbox 742 4958 792 5014; x_wconf 89' lang='lat' dir='ltr'>per</span> <span class='ocrx_word' id='word_1_691' title='bbox 809 4949 935 4997; x_wconf 85' lang='lat' dir='ltr'>ventrem</span> <span class='ocrx_word' id='word_1_692' title='bbox 977 4938 1100 4994; x_wconf 81' lang='lat' dir='ltr'>Libanus</span> <span class='ocrx_word' id='word_1_693' title='bbox 1111 4938 1305 4993; x_wconf 70' lang='lat' dir='ltr'>Phaenim&#39;sest</span> <span class='ocrx_word' id='word_1_694' title='bbox 1323 4952 1414 5004; x_wconf 84' lang='lat' dir='ltr'>mons,</span> <span class='ocrx_word' id='word_1_695' title='bbox 1434 4939 1574 5017; x_wconf 82' lang='lat' dir='ltr'>termlnus</span> <span class='ocrx_word' id='word_1_696' title='bbox 1585 4938 1771 5005; x_wconf 70' lang='lat' dir='ltr'>tabescan-</span> 
     </span>
     <span class='ocr_line' id='line_1_54' title="bbox 133 5022 1771 5105; baseline 0.005 -17"><span class='ocrx_word' id='word_1_697' title='bbox 133 5022 624 5105; x_wconf 69' lang='lat' dir='ltr'>rlapllitasaasumptahumanitatis</span> <span class='ocrx_word' id='word_1_698' title='bbox 633 5030 779 5086; x_wconf 83' lang='lat' dir='ltr'>inchristo</span> <span class='ocrx_word' id='word_1_699' title='bbox 789 5031 934 5102; x_wconf 81' lang='lat' dir='ltr'>accipitur.</span> <span class='ocrx_word' id='word_1_700' title='bbox 977 5035 1022 5083; x_wconf 89' lang='lat' dir='ltr'>tra</span> <span class='ocrx_word' id='word_1_701' title='bbox 1031 5027 1488 5100; x_wconf 75' lang='lat' dir='ltr'>septentrionemetesterceisior</span> <span class='ocrx_word' id='word_1_702' title='bbox 1497 5026 1771 5097; x_wconf 72' lang='lat' dir='ltr'>catrmmonnbus.</span> 
     </span>
     <span class='ocr_line' id='line_1_55' title="bbox 139 5108 1773 5194; baseline 0.007 -18"><span class='ocrx_word' id='word_1_703' title='bbox 139 5108 218 5177; x_wconf 68' lang='lat' dir='ltr'>Ebur</span> <span class='ocrx_word' id='word_1_704' title='bbox 229 5132 324 5179; x_wconf 80' lang='lat' dir='ltr'>autem</span> <span class='ocrx_word' id='word_1_705' title='bbox 344 5130 389 5178; x_wconf 83' lang='lat' dir='ltr'>est</span> <span class='ocrx_word' id='word_1_706' title='bbox 408 5132 440 5177; x_wconf 85' lang='lat' dir='ltr'>os</span> <span class='ocrx_word' id='word_1_707' title='bbox 454 5120 621 5193; x_wconf 80' lang='lat' dir='ltr'>elephantis,</span> <span class='ocrx_word' id='word_1_708' title='bbox 635 5121 708 5192; x_wconf 87' lang='lat' dir='ltr'>quod</span> <span class='ocrx_word' id='word_1_709' title='bbox 721 5121 826 5174; x_wconf 88' lang='lat' dir='ltr'>animal</span> <span class='ocrx_word' id='word_1_710' title='bbox 840 5121 937 5174; x_wconf 87' lang='lat' dir='ltr'>dicunt</span> <span class='ocrx_word' id='word_1_711' title='bbox 978 5117 1098 5174; x_wconf 82' lang='lat' dir='ltr'>Arbores</span> <span class='ocrx_word' id='word_1_712' title='bbox 1115 5117 1191 5171; x_wconf 88' lang='lat' dir='ltr'>illius</span> <span class='ocrx_word' id='word_1_713' title='bbox 1201 5116 1304 5170; x_wconf 90' lang='lat' dir='ltr'>montis</span> <span class='ocrx_word' id='word_1_714' title='bbox 1314 5122 1342 5171; x_wconf 89' lang='lat' dir='ltr'>et</span> <span class='ocrx_word' id='word_1_715' title='bbox 1356 5117 1522 5188; x_wconf 87' lang='lat' dir='ltr'>proceritate</span> <span class='ocrx_word' id='word_1_716' title='bbox 1535 5126 1567 5175; x_wconf 77' lang='lat' dir='ltr'>ct</span> <span class='ocrx_word' id='word_1_717' title='bbox 1580 5120 1671 5194; x_wconf 81' lang='lat' dir='ltr'>specie</span> <span class='ocrx_word' id='word_1_718' title='bbox 1686 5140 1773 5186; x_wconf 90' lang='lat' dir='ltr'>acro·</span> 
     </span>
     <span class='ocr_line' id='line_1_56' title="bbox 150 5205 1774 5281; baseline 0.008 -18"><span class='ocrx_word' id='word_1_719' title='bbox 150 5218 207 5264; x_wconf 59' lang='lat' dir='ltr'>«aa</span> <span class='ocrx_word' id='word_1_720' title='bbox 219 5213 418 5275; x_wconf 84' lang='lat' dir='ltr'>castissimam,</span> <span class='ocrx_word' id='word_1_721' title='bbox 434 5209 780 5280; x_wconf 78' lang='lat' dir='ltr'>etnaturresrigidissimae</span> <span class='ocrx_word' id='word_1_722' title='bbox 796 5229 802 5263; x_wconf 91' lang='lat'>:</span> <span class='ocrx_word' id='word_1_723' title='bbox 819 5209 938 5263; x_wconf 87' lang='lat' dir='ltr'>undeet</span> <span class='ocrx_word' id='word_1_724' title='bbox 978 5207 1045 5262; x_wconf 87' lang='lat' dir='ltr'>bore</span> <span class='ocrx_word' id='word_1_725' title='bbox 1067 5213 1230 5261; x_wconf 71' lang='lat' dir='ltr'>ceterarum</span> <span class='ocrx_word' id='word_1_726' title='bbox 1254 5205 1395 5276; x_wconf 83' lang='lat' dir='ltr'>sylvarum</span> <span class='ocrx_word' id='word_1_727' title='bbox 1412 5207 1488 5279; x_wconf 79' lang='lat' dir='ltr'>ligna</span> <span class='ocrx_word' id='word_1_728' title='bbox 1506 5208 1681 5281; x_wconf 78' lang='lat' dir='ltr'>praecclhint.</span> <span class='ocrx_word' id='word_1_729' title='bbox 1695 5218 1774 5276; x_wconf 81' lang='lat' dir='ltr'>Sicut</span> 
     </span>
     <span class='ocr_line' id='line_1_57' title="bbox 153 5292 1775 5378; baseline 0.007 -28"><span class='ocrx_word' id='word_1_730' title='bbox 153 5305 176 5346; x_wconf 65' lang='lat' dir='ltr'>t</span> <span class='ocrx_word' id='word_1_731' title='bbox 185 5298 303 5358; x_wconf 86' lang='lat' dir='ltr'>dracone.</span> <span class='ocrx_word' id='word_1_732' title='bbox 323 5300 372 5372; x_wconf 85' lang='lat' dir='ltr'>qui</span> <span class='ocrx_word' id='word_1_733' title='bbox 386 5301 484 5356; x_wconf 76' lang='lat' dir='ltr'>calide</span> <span class='ocrx_word' id='word_1_734' title='bbox 498 5306 607 5354; x_wconf 75' lang='lat' dir='ltr'>natura</span> <span class='ocrx_word' id='word_1_735' title='bbox 622 5305 674 5363; x_wconf 82' lang='lat' dir='ltr'>est,</span> <span class='ocrx_word' id='word_1_736' title='bbox 691 5299 873 5352; x_wconf 80' lang='lat' dir='ltr'>uehementer</span> <span class='ocrx_word' id='word_1_737' title='bbox 887 5312 937 5368; x_wconf 90' lang='lat' dir='ltr'>ap·</span> <span class='ocrx_word' id='word_1_738' title='bbox 980 5296 1088 5367; x_wconf 76' lang='lat' dir='ltr'>linquit·</span> <span class='ocrx_word' id='word_1_739' title='bbox 1101 5296 1224 5350; x_wconf 86' lang='lat' dir='ltr'>Libanus</span> <span class='ocrx_word' id='word_1_740' title='bbox 1234 5294 1342 5349; x_wconf 82' lang='lat' dir='ltr'>caeteris</span> <span class='ocrx_word' id='word_1_741' title='bbox 1353 5296 1494 5352; x_wconf 83' lang='lat' dir='ltr'>montibus</span> <span class='ocrx_word' id='word_1_742' title='bbox 1502 5292 1604 5355; x_wconf 73' lang='lat' dir='ltr'>tubas</span> <span class='ocrx_word' id='word_1_743' title='bbox 1611 5297 1696 5361; x_wconf 75' lang='lat' dir='ltr'>&#39;tarrae</span> <span class='ocrx_word' id='word_1_744' title='bbox 1706 5320 1775 5378; x_wconf 71' lang='lat' dir='ltr'>pra·-</span> 
     </span>
     <span class='ocr_line' id='line_1_58' title="bbox 161 5382 1776 5460; baseline 0.01 -24"><span class='ocrx_word' id='word_1_745' title='bbox 161 5388 260 5450; x_wconf 50' lang='grc' dir='ltr'>μαίων.</span> <span class='ocrx_word' id='word_1_746' title='bbox 273 5391 378 5445; x_wconf 75' lang='lat' dir='ltr'>Venter</span> <span class='ocrx_word' id='word_1_747' title='bbox 397 5404 464 5460; x_wconf 63' lang='lat' dir='ltr'>erpo</span> <span class='ocrx_word' id='word_1_748' title='bbox 478 5388 573 5460; x_wconf 86' lang='lat' dir='ltr'>sponsi</span> <span class='ocrx_word' id='word_1_749' title='bbox 592 5387 732 5442; x_wconf 77' lang='lat' dir='ltr'>eburneus</span> <span class='ocrx_word' id='word_1_750' title='bbox 745 5391 798 5451; x_wconf 85' lang='lat' dir='ltr'>cst,</span> <span class='ocrx_word' id='word_1_751' title='bbox 813 5386 879 5457; x_wconf 88' lang='lat' dir='ltr'>quia</span> <span class='ocrx_word' id='word_1_752' title='bbox 892 5400 938 5439; x_wconf 88' lang='lat' dir='ltr'>as-</span> <span class='ocrx_word' id='word_1_753' title='bbox 981 5384 1081 5440; x_wconf 84' lang='lat' dir='ltr'>celsior</span> <span class='ocrx_word' id='word_1_754' title='bbox 1095 5390 1146 5445; x_wconf 81' lang='lat' dir='ltr'>est,</span> <span class='ocrx_word' id='word_1_755' title='bbox 1159 5383 1202 5436; x_wconf 85' lang='lat' dir='ltr'>ita</span> <span class='ocrx_word' id='word_1_756' title='bbox 1211 5382 1652 5460; x_wconf 78' lang='lat' dir='ltr'>Redemptarnost&#39;er&#39;speciosior</span> <span class='ocrx_word' id='word_1_757' title='bbox 1664 5390 1707 5449; x_wconf 79' lang='lat' dir='ltr'>est</span> <span class='ocrx_word' id='word_1_758' title='bbox 1717 5404 1776 5451; x_wconf 75' lang='lat' dir='ltr'>o&#39;nl&#39;·</span> 
     </span>
     <span class='ocr_line' id='line_1_59' title="bbox 166 5468 1775 5550; baseline 0.005 -20"><span class='ocrx_word' id='word_1_759' title='bbox 166 5472 258 5549; x_wconf 51' lang='lat' dir='ltr'>&amp;apta</span> <span class='ocrx_word' id='word_1_760' title='bbox 284 5479 447 5535; x_wconf 80' lang='lat' dir='ltr'>humanitas</span> <span class='ocrx_word' id='word_1_761' title='bbox 470 5468 679 5549; x_wconf 72' lang='lat' dir='ltr'>Redemptoris,</span> <span class='ocrx_word' id='word_1_762' title='bbox 707 5477 814 5530; x_wconf 88' lang='lat' dir='ltr'>nullam</span> <span class='ocrx_word' id='word_1_763' title='bbox 839 5490 941 5530; x_wconf 85' lang='lat' dir='ltr'>corrn-</span> <span class='ocrx_word' id='word_1_764' title='bbox 980 5472 1711 5550; x_wconf 68' lang='lat' dir='ltr'>nibuselectisquiasperiosas‘edtformapraelliiis</span> <span class='ocrx_word' id='word_1_765' title='bbox 1727 5480 1775 5537; x_wconf 79' lang='lat' dir='ltr'>llo·-</span> 
     </span>
     <span class='ocr_line' id='line_1_60' title="bbox 167 5554 1775 5638; baseline 0.004 -18"><span class='ocrx_word' id='word_1_766' title='bbox 167 5563 940 5633; x_wconf 59' lang='lat' dir='ltr'>Mem‚mllamlttbemadmislt.l²csscc&#39;atitmenimnoa</span> <span class='ocrx_word' id='word_1_767' title='bbox 981 5563 1101 5618; x_wconf 88' lang='lat' dir='ltr'>minum.</span> <span class='ocrx_word' id='word_1_768' title='bbox 1117 5564 1153 5619; x_wconf 89' lang='lat' dir='ltr'>Et</span> <span class='ocrx_word' id='word_1_769' title='bbox 1165 5554 1393 5635; x_wconf 64' lang='lat' dir='ltr'>sicutpulfflior</span> <span class='ocrx_word' id='word_1_770' title='bbox 1412 5557 1775 5638; x_wconf 66' lang='lat' dir='ltr'>estdtptbcatldrsaltaiis</span> 
     </span>
    </p>
   </div>
   <div class='ocr_carea' id='block_1_3' title="bbox 0 0 1942 6100">
    <p class='ocr_par' dir='ltr' id='par_1_3' title="bbox 0 0 1942 6100">
     <span class='ocr_line' id='line_1_61' title="bbox 0 0 1942 6100; baseline 0 0"><span class='ocrx_word' id='word_1_771' title='bbox 0 0 1942 6100; x_wconf 95' lang='lat' dir='ltr'> </span> 
     </span>
    </p>
   </div>
  </div>
 </body>
</html>
