3818 6104
128 230 181 295 aaa
364 227 555 295 maraonis
568 228 814 293 maneres.
831 210 945 289 anso.
960 229 1041 288 oar.
1056 231 1150 290 rans
1164 231 1187 289 1.
1204 260 1237 277 -
1254 230 1442 290 camur.
1459 235 1553 293 arat.
1699 245 1737 303 ra

130 359 299 415 discretione
308 355 460 420 exanimes,
472 360 501 417 et
510 355 653 411 discernas
661 359 757 411 utrum
766 354 924 413 iaciendum
932 360 959 419 Δ
967 358 1140 430 Scripturam
1148 361 1308 432 permaiam
1316 361 1590 432 interpretationem:
1602 368 1740 435 semideae

132 449 170 502 sit
183 465 235 501 nec
250 463 295 501 ne.
969 452 1049 501 irruis
1069 450 1104 502 ad
1120 450 1249 512 invicem,
1266 448 1333 520 quia
1347 466 1420 504 unns
1436 453 1598 523 suspicatur
1612 436 1688 510 alium
1699 475 1740 515 non

168 539 267 593 Mortes
277 541 330 592 cito
340 539 448 593 nentini
458 534 726 602 inrpomrcris,doncc
736 534 928 605 probesritam
970 544 1044 591 recte
1055 537 1212 608 intelligere
1227 542 1442 605 circillictationcr
1456 543 1602 596 homanum
1617 550 1741 600 arenlecor·

132 626 209 683 illius
220 625 347 687 etiidern,
359 630 454 679 utrum
465 628 569 679 rectam
581 622 665 677 sidem
676 628 771 679 teneat
783 631 867 693 atquc
882 625 930 676 do·
972 632 1062 693 rupim
1071 643 1129 691 arrii,
1137 628 1385 697 quiaconiligendo
1396 629 1507 683 interae
1515 631 1550 683 de
1560 632 1740 701 quaestionibus.

133 712 253 773 ctrinam
268 713 343 769 iliius
359 718 390 767 ut
409 713 497 782 possit
518 711 653 781 populum
672 712 781 767 docere.
804 713 870 766 Sine
887 713 930 766 his
971 725 1153 786 corrumpunt
1170 717 1316 771 hominum
1330 722 1481 782 incatenat
1495 718 1620 772 illitales
1634 726 1742 777 armate

132 800 766 870 tribusnuliuscstordinandusepiacopusaut
775 800 930 871 presbyter,
969 805 1743 876 prirutisaratidestiongeseparatisunt,caisiimontiun

134 889 164 951 id
188 895 231 945 est
247 889 308 945 sine
331 889 386 945 lide
405 889 552 951 catholica,
573 889 784 944 conversatione
806 889 889 954 bona,
904 896 933 945 et
973 898 1107 961 quactum
1132 894 1191 947 sire
1212 895 1321 951 lucrum
1337 896 1493 965 temporale
1506 912 1561 949 aare
1573 899 1695 965 pictatem
1707 900 1744 954 sin

134 979 262 1035 doctrina
277 992 355 1037 sana.
973 982 1211 1052 praedicationem,
1228 982 1256 1035 id
1271 988 1314 1035 est
1324 982 1373 1053 qui
1382 983 1446 1037 ideo
1455 984 1611 1054 praedicant
1620 989 1651 1039 ot
1662 985 1744 1042 laena

171 1069 261 1136 li'equc
275 1070 522 1123 rorrrrnunicoceris
543 1069 659 1135 pcccatis
676 1069 785 1121 olienis.
808 1067 933 1121 Peccatis
973 1071 1129 1142 temporale
1144 1071 1253 1140 possint
1266 1071 1394 1142 accipere
1407 1071 1443 1125 ab
1457 1072 1645 1127 auditoribus.

134 1157 325 1212 communicat
338 1157 495 1227 episcopus,
507 1155 588 1209 idest
601 1156 738 1227 particeps
753 1162 795 1209 est
805 1161 932 1225 peccato·
1012 1161 1056 1214 Est
1066 1164 1285 1226 cutemquoectur
1293 1165 1513 1235 mopnuapiehm
1522 1176 1586 1214 cum
1596 1164 1745 1229 conspicientis.

135 1263 200 1301 rum
215 1247 344 1315 alicujus,
362 1246 474 1315 quando
495 1245 638 1314 cognoscit
659 1244 782 1314 aliquem
799 1245 935 1298 veraciter
975 1249 1015 1303 Ac
1029 1248 1052 1301 si
1071 1247 1176 1302 diceret
1194 1265 1200 1300 :
1216 1248 1264 1302 ilis
1279 1248 1360 1313 scire,
1381 1265 1398 1302 o
1421 1248 1581 1310 Timotheo,
1599 1250 1669 1320 qnod
1679 1251 1746 1306 sitin

136 1336 319 1391 criminosurn
332 1351 403 1392 esse.
418 1334 460 1391 rei
471 1333 551 1389 audit
567 1334 670 1387 maiam
684 1332 786 1386 faniam
806 1334 890 1396 illius,
907 1340 934 1387 et
976 1353 1054 1391 crum
1074 1352 1207 1406 magnum
1222 1353 1271 1391 seu
1289 1337 1429 1406 quaestus?
1446 1339 1550 1401 Pietas,
1567 1338 1595 1392 id
1612 1344 1653 1392 est
1666 1340 1746 1396 iideset

136 1423 250 1478 ordinat
261 1423 340 1476 illum
356 1422 517 1492 episcopum
531 1421 574 1473 rol
594 1419 799 1491 presbyterum·
826 1421 855 1474 Si
870 1437 935 1474 vero
976 1426 1098 1496 cognitio
1113 1431 1216 1480 sancte
1229 1425 1375 1481 Trinitatis
1388 1431 1432 1480 est
1444 1428 1555 1481 lucrum
1570 1440 1745 1499 magnonem

137 1510 250 1580 ignorat
260 1516 373 1579 peccata
381 1509 521 1567 illius,nec
530 1508 609 1563 audit
620 1508 696 1563 iilius
707 1509 808 1565 malam
819 1510 933 1575 lainam,
976 1513 1154 1577 sufficientia,
1165 1513 1277 1583 quondo
1290 1510 1376 1566 homo
1384 1528 1440 1567 non
1452 1513 1663 1584 desideratpius
1671 1500 1747 1570 babere

136 1614 229 1668 neque
239 1598 312 1653 ridet
325 1598 404 1651 iilum
414 1599 571 1651 contessum
581 1596 794 1651 autconrictum
804 1596 934 1659 testibus,
977 1618 1061 1672 quam
1076 1619 1190 1657 necesse
1205 1608 1248 1656 est
1261 1602 1297 1655 ad
1309 1603 1435 1674 corporis
1448 1603 1644 1657 necessitatem
1658 1603 1746 1674 impiae

139 1686 247 1740 licetsit
254 1690 381 1756 peccator
390 1685 436 1755 qui
445 1685 661 1750 ordinatur,non
669 1685 863 1756 estepiscopus
873 1702 936 1757 par-
945 1672 968 1734 B
976 1691 1052 1745 dam,

136 1776 225 1846 ticeps
240 1782 419 1845 peccatorum
435 1775 504 1843 eius-
1012 1782 1086 1835 lirim
1100 1783 1150 1847 (μα’
1163 1781 1261 1835 diuites
1271 1785 1368 1836 oolam
1382 1783 1445 1848 aare
1454 1782 1588 1835 ranconi
1605 1783 1636 1834 in
1649 1784 1745 1836 tauta

172 1866 238 1921 Noli
251 1865 341 1919 orthaea
355 1879 457 1931 mucan.
472 1864 570 1928 bibere,
586 1863 630 1917 scd
655 1864 760 1917 modico
782 1867 846 1916 eino
861 1868 937 1917 attere
977 1869 1248 1939 natationesque
1265 1869 1314 1924 diu
1328 1879 1470 1939 noctuque
1487 1871 1614 1940 cogitant
1635 1869 1747 1940 quomodo

123 1956 126 1961 '
134 1952 938 2023 proptcrstomochomtuumctsrcqucntcstuorinlirmito·
978 1957 1086 2028 possint
1100 1958 1194 2022 ditari,
1208 1964 1238 2012 et
1249 1957 1378 2013 incidunt
1391 1960 1478 2013 etiam
1492 1959 1520 2013 in
1537 1962 1674 2028 taqueum,
1685 1958 1707 2013 id
1718 1963 1747 2012 re

138 2042 287 2101 tholent
299 2041 427 2097 homines
441 2041 490 2110 qui
504 2057 568 2101 curn
586 2041 650 2096 rino
664 2040 765 2095 nutriti
774 2047 849 2104 sunt,
859 2041 938 2094 iniir·
978 2047 1008 2100 in
1018 2047 1229 2100 damnationem
1244 2046 1359 2101 diaboii.
1414 2107 1420 2113 ‚

140 2131 213 2184 mari
229 2131 340 2201 quando
356 2129 499 2182 abstinent
512 2129 683 2199 arinequia
698 2129 777 2198 quasi
788 2131 938 2184 naturaest
1015 2137 1103 2190 haiim
1114 2137 1172 2189 sive
1187 2135 1299 2189 nmium
1315 2139 1442 2189 omnem„
1460 2139 1603 2190 maim-„m
1618 2141 1655 2190 ,η
1667 2137 1748 2204 mppr.

141 2221 198 2277 illis
212 2218 424 2275 rinumbibere.
443 2218 579 2273 Similiter
593 2219 627 2272 de
647 2218 754 2273 caeteris
777 2217 860 2271 rebus
875 2234 939 2272 cum
981 2229 1030 2285 iae,
1048 2223 1076 2276 id
1100 2229 1142 2277 est
1164 2238 1245 2277 amor
1258 2224 1440 2294 pecuniarum
1467 2229 1495 2277 et
1516 2224 1632 2278 honoris
1649 2244 1656 2278 :
1673 2228 1749 2294 quaet

143 2309 245 2380 quibus
257 2309 341 2362 honio
357 2307 481 2363 nutritus
496 2312 547 2370 est,
559 2314 587 2361 et
601 2322 663 2371 oure
676 2308 705 2361 in
718 2324 770 2361 usu
786 2306 885 2359 habuit
899 2305 939 2360 :si
980 2312 1097 2365 avaritia
1111 2312 1283 2374 nominatur,
1297 2312 1363 2380 quia
1378 2312 1472 2365 omnia
1488 2313 1564 2366 mala
1576 2312 1612 2366 de
1626 2312 1672 2366 illa
1681 2327 1749 2383 proce

141 2398 253 2468 quando
267 2397 302 2450 ab
317 2397 372 2450 illis
389 2396 521 2457 abstinet,
538 2395 700 2449 debilitatur
715 2411 824 2465 corpus,
841 2400 868 2448 et
883 2410 939 2448 non
980 2400 1051 2454 dunt
1074 2400 1226 2453 Videamus
1237 2400 1394 2470 quomodo?
1410 2399 1485 2453 verbi
1499 2401 1593 2470 gratia
1609 2394 1750 2454 :Voloadul

143 2486 217 2543 valet
238 2487 351 2555 explere
375 2484 415 2538 ita
429 2484 553 2539 divinum
570 2484 702 2546 oisrcium,
719 2488 747 2538 et
761 2483 812 2538 Dei
826 2483 939 2537 servitio
981 2488 1083 2541 terium
1100 2494 1272 2557 perpetrare,
1289 2486 1384 2541 occido
1412 2487 1504 2541 virum
1528 2488 1663 2550 mulieris,
1681 2486 1750 2540 etbot

142 2589 202 2629 esse
217 2573 562 2643 deditusQuapropterne
575 2573 738 2626 Timotheus
750 2572 868 2626 nimium
880 2570 941 2624 abs-
981 2574 1120 2645 cupiditas
1135 2574 1207 2645 egit3
1217 2575 1278 2628 volo
1289 2574 1433 2628 abundare
1447 2573 1749 2644 divitiis,auieroequun

142 2662 258 2723 tincndo
272 2679 289 2717 a
303 2663 367 2717 rino
383 2662 575 2717 infirmaretur
588 2661 717 2731 amplius,
734 2666 763 2714 et
776 2676 833 2714 non
846 2664 942 2729 posset
982 2662 1110 2730 alicujus,
1127 2667 1156 2715 et
1174 2661 1296 2731 exspolio
1315 2661 1395 2722 alios,
1412 2668 1441 2714 et
1456 2661 1485 2714 in
1500 2661 1554 2714 hoc
1567 2660 1698 2732 cupiditas
1710 2665 1749 2725 cti,

142 2751 322 2822 postmodum
338 2750 431 2805 divino
446 2750 524 2821 operi
534 2749 674 2811 insistere,
691 2748 816 2818 precipit
828 2749 853 2801 ei
868 2750 941 2818 Apo·
982 2751 1113 2807 similiter
1133 2751 1168 2804 de
1183 2750 1292 2804 caeteris
1318 2750 1392 2803 vitiis
1415 2749 1633 2820 intelligendum
1658 2757 1701 2805 est
1713 2747 1752 2804 sa

142 2839 941 2909 atoluemodicorinouti.quoniamsirinumcumtem-
983 2839 1201 2909 quaestioestin
1220 2838 1344 2892 hocloco
1368 2856 1373 2891 :
1403 2854 1491 2908 quare
1515 2837 1593 2894 dicat
1611 2839 1751 2910 Apostolos}

142 2929 272 3001 perantia
282 2936 310 2983 ct
320 2928 471 2983 sobrietate
487 2929 549 2999 quis
562 2927 673 2982 biberit.
686 2927 812 2981 levamen
829 2930 942 2997 prestat
984 2928 1074 2982 Radix
1089 2929 1215 2982 omnium
1232 2929 1371 2987 malorum
1383 2927 1639 2998 estoupiditassivc
1649 2924 1752 2982 amathi

142 3018 394 3088 corporisedqoid
406 3023 447 3072 est
458 3017 531 3087 quod
541 3025 648 3086 patrem
660 3016 751 3070 Publii
767 3015 942 3087 dyssenteria
984 3035 1047 3071 cnm
1074 3017 1214 3086 sapientia
1239 3016 1340 3071 dicat:
1369 3016 1482 3070 initium
1504 3017 1564 3070 sire
1588 3017 1665 3070 radix
1687 3013 1752 3069 ontis

143 3106 319 3163 laborantem
331 3107 390 3160 solo
405 3105 488 3159 rerba
498 3105 775 3175 sanaritiipostolus,
787 3110 815 3157 et
825 3104 944 3174 discipu·
985 3105 1091 3178 peccati
1106 3103 1236 3175 superbia
1253 3121 1258 3156 :
1276 3104 1417 3174 quomodo
1431 3120 1498 3174 ergo
1518 3105 1573 3158 erit
1590 3105 1753 3174 utmmqueel

144 3195 294 3247 lumsuum
302 3194 481 3247 Timotheum
493 3211 548 3246 non
561 3193 943 3253 sanarit.niaitanturnmodo
986 3195 1103 3249 avaritia
1118 3192 1195 3246 radix
1209 3193 1324 3264 peccati,
1341 3198 1370 3246 et
1388 3192 1520 3264 superbia
1546 3194 1656 3247 initium
1665 3187 1752 3264 pecudi

147 3282 316 3337 medicinam
331 3281 538 3351 quodammodo
551 3282 683 3340 ostendit.
693 3298 743 3351 per
759 3299 841 3351 quom
856 3281 944 3350 possit
985 3285 1144 3354 Utrumque
1157 3296 1252 3335 rerum
1269 3288 1320 3347 est,
1331 3282 1396 3352 quin
1408 3281 1463 3335 ista
1479 3283 1536 3335 duo
1546 3282 1751 3352 conjunctamat

146 3370 253 3440 aliquid
267 3386 367 3440 corpus
381 3370 517 3423 allevare?
533 3370 615 3422 Pater
637 3369 727 3423 l'ublii
742 3370 809 3439 quia
823 3369 944 3423 inlidelis
985 3380 1108 3428 etunum
1124 3372 1184 3426 sine
1199 3373 1288 3425 altero
1299 3386 1477 3441 nequaquam
1491 3371 1537 3425 sit.
1548 3368 1752 3425 rtraritiaetenin

147 3464 216 3523 erat,
235 3475 348 3514 neccsse
361 3457 483 3513 habebat
492 3457 586 3512 sanari
600 3473 650 3529 per
661 3457 837 3521 miraculum,
853 3464 884 3511 ut
895 3474 945 3528 per
986 3478 1041 3516 non
1055 3462 1144 3515 solum
1161 3461 1322 3514 divitiarum
1339 3465 1392 3527 est,
1407 3461 1456 3513 sed
1476 3460 1636 3514 altitudinis
1650 3465 1675 3514 et
1686 3455 1752 3527 digni·

145 3547 488 3618 sanitatcmcorporissrbi
500 3546 653 3616 praestitam
665 3547 946 3616 pertenirctadsani·
987 3551 1062 3604 tatis.
1076 3550 1175 3603 (inanis
1196 3566 1318 3618 namque
1339 3548 1477 3620 superbus
1497 3549 1561 3602 ideo
1585 3566 1615 3603 se
1630 3548 1721 3602 extollit
1733 3550 1753 3597 nt

146 3644 234 3693 tatem
249 3638 349 3692 sninrae
361 3636 540 3692 :Timotheus
556 3651 621 3689 reru
636 3636 684 3704 qui
699 3635 791 3689 tidelis
806 3644 876 3695 erat,
889 3652 944 3689 non
988 3641 1079 3708 major
1090 3644 1226 3708 appareat
1239 3637 1312 3697 allis,
1324 3643 1352 3690 ot
1365 3652 1467 3690 avarus
1480 3636 1545 3691 ideo
1555 3640 1698 3707 congregat
1708 3632 1753 3717 din·

147 3725 292 3796 indigebat
306 3726 401 3781 sanari
421 3741 471 3796 per
485 3723 665 3791 miraculum,
681 3723 747 3793 quia
766 3723 945 3777 fidelissimus
987 3729 1041 3782 tias
1057 3732 1089 3781 ut
1102 3727 1186 3781 altior
1200 3733 1228 3780 et
1243 3726 1385 3796 potentior
1404 3725 1441 3779 sit
1461 3723 1524 3779 aliis
1547 3725 1576 3779 in
1599 3723 1753 3794 dignitates

147 3821 217 3871 erat.
987 3817 1126 3889 praecellat
1136 3833 1184 3870 eos
1198 3816 1226 3869 in
1239 3803 1606 3880 multitudinedivitiarnm3
1619 3806 1754 3882 quaestui

1004 3905 1086 3959 audis
1105 3904 1286 3975 cupiditatem
1309 3904 1367 3957 sire
1394 3902 1552 3965 avaritiam,
1577 3904 1687 3971 paidom
1701 3908 1755 3966 appe

450 3958 567 4017 CAPUT
587 3958 636 4017 VI·
989 3999 1082 4060 untes,
1098 3993 1127 4047 id
1142 3999 1186 4047 est
1199 3994 1274 4048 ultra
1297 3992 1413 4046 modum
1437 3998 1606 4062 quaerentes,
1623 3989 1755 4045 emunit

181 4087 214 4144 Si
227 4090 290 4155 qrric
301 4090 385 4143 aliter
397 4087 480 4146 docet,
496 4085 631 4139 subaudis
649 4099 733 4155 quam
749 4099 800 4137 nos
810 4082 947 4153 praedicn·
989 4087 1077 4152 anile,
1091 4091 1144 4137 etc.

149 4192 223 4238 mus,
240 4192 296 4229 non
308 4175 410 4229 debera
421 4191 515 4228 servos
526 4172 737 4227 lideiesservire
749 4172 870 4226 dominis
882 4171 948 4224 inti·
1025 4172 1204 4240 appretianda
1226 4172 1314 4223 ollam
1340 4174 1483 4228 eternum,
1505 4174 1582 4224 recte
1609 4165 1720 4223 docendo
1738 4165 1757 4214 tt

150 4263 303 4331 delibus3et
314 4279 369 4317 raon
379 4264 526 4330 acquiescit
540 4265 616 4314 sortia
626 4263 683 4313 sire
693 4261 766 4314 reris
776 4263 948 4314 rorationibus
990 4260 1201 4323 benevivendo,
1219 4261 1255 4313 od
1278 4274 1361 4326 apuam
1376 4257 1587 4329 percipiendam
1606 4252 1758 4311 recoluisset

150 4355 264 4406 Domini
279 4355 367 4405 nostra·
375 4354 438 4404 dosa
450 4351 564 4409 Girririi,
580 4355 604 4402 cl
614 4350 731 4402 eietinm
747 4350 880 4403 doctrinm
893 4366 949 4403 non
991 4353 1127 4416 coinsertus
1139 4350 1237 4401 bonurn
1253 4348 1446 4414 coriscrsionem
1459 4363 1552 4400 corom.
1562 4349 1658 4400 muilr'r
1668 4342 1758 4398 ostile.

151 4440 312 4511 acquiescit,
325 4456 383 4508 qaia
393 4440 544 4491 serrandum
552 4440 692 4504 pictatem,
705 4439 732 4491 id
743 4445 785 4492 est
795 4438 950 4492 secundum
991 4438 1167 4506 Appia-herulo
1196 4438 1283 4488 to'lorn
1315 4440 1456 4488 ater-nom.
1484 4432 1648 4487 Timotheus
1675 4424 1759 4501 quando

151 4530 317 4600 religionem
331 4534 383 4592 esi,
399 4526 533 4581 subaudis
546 4525 580 4579 de
590 4526 655 4579 vita.
669 4527 699 4579 ln
709 4527 761 4579 hoc
771 4526 950 4580 iocoiudaeos
991 4527 1152 4597 baptizatus
1165 4529 1215 4583 est.
1233 4530 1319 4578 tnntae
1347 4523 1438 4576 etatis
1462 4529 1533 4587 erat,
1550 4531 1582 4577 ut
1604 4523 1761 4588 interrogato

151 4625 240 4685 notat,
258 4618 306 4691 qui
321 4617 452 4672 dicebant
465 4632 521 4669 non
534 4621 640 4669 temere
655 4631 764 4668 servum
784 4616 812 4668 in
838 4616 951 4669 serritlo
994 4622 1089 4670 utrum
1107 4613 1233 4667 crederet
1257 4612 1346 4666 licum
1361 4612 1598 4682 omnipotentem,
1613 4602 1762 4681 ecquomodo

152 4709 242 4765 maeri
258 4709 374 4763 nisiaea
394 4707 486 4763 annis.
511 4703 666 4758 secundum
681 4704 752 4772 legis
769 4712 950 4774 praeceptum.
993 4705 1130 4767 crederet,
1156 4704 1215 4773 ipsc
1240 4717 1288 4754 ore
1312 4700 1425 4771 proprio
1459 4702 1643 4754 confiteretur
1672 4712 1699 4751 se
1719 4704 1762 4747 crt-

153 4801 208 4854 Sed
227 4799 294 4854 dicit
308 4799 406 4852 beatus
425 4796 601 4866 Augustinus
624 4793 688 4864 quia
704 4793 771 4846 iliud
787 4793 953 4863 spiritaliter
994 4793 1072 4845 dere.

152 4894 196 4943 est
209 4888 627 4958 intelligendum‚magnumque
637 4882 802 4954 mysterium
813 4882 841 4935 in
850 4898 880 4935 se
889 4897 952 4935 con
1032 4880 1219 4948 Priaripr'otibi
1228 4891 1319 4930 corum
1329 4878 1381 4930 [leo
1392 4876 1475 4930 Patre
1492 4880 1543 4944 qui
1552 4879 1671 4943 oirdllrot
1684 4872 1763 4932 anoth

153 4977 234 5039 tinet,
247 4978 322 5046 quod
336 4977 374 5029 illi
390 4975 542 5031 carnaliter
552 4972 746 5036 observabant,
757 4977 785 5025 et
795 4970 863 5024 dicit
877 4971 954 5024 ouini
995 4968 1129 5023 subaudis
1143 4984 1205 5038 quae
1223 4966 1410 5029 vivificantur,
1426 4969 1450 5018 ci
1469 4979 1566 5019 ruram
1590 4966 1693 5020 Christo
1711 4963 1764 5017 len,

154 5070 280 5133 tompore
295 5081 349 5134 quo
361 5064 460 5119 vixerit
470 5081 578 5126 servus,
590 5062 692 5115 debere
703 5060 824 5114 dominis
834 5060 955 5113 suisser·
995 5061 1045 5126 qui
1065 5060 1253 5110 testimonium
1268 5056 1388 5109 reddidit
1402 5055 1453 5107 cub
1465 5055 1566 5107 Pontro
1580 5056 1677 5114 Pilato,
1693 5054 1766 5105 marn

154 5152 223 5216 rire,
239 5151 292 5204 nisi
307 5152 342 5204 ab
357 5153 396 5204 oia
410 5152 568 5205 libertatern
584 5149 781 5221 promeruerit.
996 5149 1199 5214 consessionem.
1216 5144 1294 5208 Quod
1310 5142 1364 5196 suit
1375 5141 1444 5195 illud
1458 5142 1665 5212 testimonium,
1676 5141 1725 5194 sire
1735 5133 1769 5189 ih

192 5241 331 5307 aiuperbur
351 5245 387 5291 est
407 5240 454 5292 ille
466 5241 529 5293 talis
545 5241 592 5309 qui
607 5240 688 5293 alitor
703 5239 784 5292 docet
800 5237 873 5291 niihil
888 5237 953 5291 honi
996 5235 1154 5289 consessio?
1165 5235 1236 5304 quod
1249 5248 1337 5287 unum
1351 5230 1770 5300 esnistodeiiocointerrogaatt.

155 5334 251 5391 ariciae,
261 5329 305 5381 scd
320 5332 454 5394 torrprrens
465 5327 493 5379 in
509 5329 601 5381 caniano
616 5331 689 5381 circo
701 5330 891 5394 attractionrsai
906 5340 956 5394 pu·
999 5331 1093 5377 utrum
1105 5325 1165 5394 ipse
1180 5330 1254 5377 esset
1278 5338 1324 5375 rex
1347 5320 1507 5374 Judaeorum
1528 5322 1541 5374 l
1565 5323 1606 5376 ait
1624 5340 1631 5376 t
1647 5323 1687 5378 Tu
1701 5316 1771 5373 oieb:

159 5435 229 5487 praua
245 5416 481 5486 verborumque!
497 5431 584 5468 unum
599 5422 650 5468 est.
667 5418 814 5483 Errprcibns
824 5413 956 5484 quaestio·
999 5415 1066 5467 Ecce
1076 5412 1279 5466 testimonium.
1293 5410 1427 5465 Similiter
1436 5409 1550 5478 quando
1561 5411 1646 5466 dixit:
1661 5402 1776 5480 agatae

158 5490 243 5565 nibus
256 5504 956 5575 amentorblasphemasqueblasphematsoomm
997 5503 1123 5557 monium
1138 5500 1271 5573 perhibeo
1292 5497 1413 5553 veritati.
1435 5498 1470 5552 Et
1492 5499 1561 5569 quid
1583 5489 1778 5575 precipitabit
