3840 6098
70 104 122 164 osa
416 105 1358 166 aneosmvomsrasmum.-mrrtsmraouoa.
1654 98 1706 170 sti

103 233 246 299 Quoniam
268 235 341 288 debet
362 238 394 290 in
416 251 471 304 spe,
498 237 632 292 subaudis
653 240 759 293 fructus
779 235 993 308 perci-Anibus
1013 235 1157 307 quaerobat
1180 235 1209 289 in
1223 235 1367 306 praesenti,
1381 236 1485 293 timaus
1502 237 1600 294 audire
1613 239 1643 294 in
1661 240 1708 293 die

58 319 178 392 piendi,
188 325 239 390 qui
252 328 316 376 arat
329 338 422 382 orare,
908 324 1028 392 judicii:
1045 326 1174 391 decepisti
1189 325 1337 377 mercedem
1357 330 1444 389 tuam,
1464 325 1647 382 allaborasti.
1668 329 1708 381 Va

101 410 201 465 Sinos
219 413 293 464 cobis
307 416 458 479 spiritalia,
476 414 610 470 subaudis
623 415 707 480 bona,
721 418 870 469 saisiriaci·
911 416 983 466 cnim
993 413 1119 474 rniltiest,
1136 412 1164 465 id
1177 418 1221 466 est
1230 413 1384 483 indigentia
1394 430 1439 468 me
1447 415 1596 486 opprimet,
1612 420 1641 470 et
1658 432 1708 486 pe·

54 515 145 563 erius,
163 499 339 569 praedicando
353 503 476 572 gratiam
492 504 621 558 videlicet
635 504 700 558 tidei
724 511 752 558 et
766 503 870 558 doctri·
911 501 1021 553 nariam
1036 501 1119 554 tauns
1130 501 1284 564 sustinebo,
1295 506 1320 555 si
1336 519 1392 556 non
1406 507 1635 570 aaapelizaoero.
1645 506 1708 559 Nou

45 603 120 648 nae,
142 603 277 654 inaquam
292 595 339 649 est,
357 593 382 643 si
395 608 444 644 nos
458 597 548 645 cestra
562 595 692 646 carnalia
709 599 844 646 metamus
860 597 871 643 ?
911 604 944 642 ex
958 605 1010 643 sua
1024 604 1142 658 persona
1156 590 1224 642 talia
1240 590 1315 656 dicit,
1329 591 1377 644 sod
1390 592 1523 661 potiusex
1537 592 1649 646 illorum
1660 592 1709 663 qui
1799 606 1802 613 '

44 676 168 739 idest,
186 682 219 730 ut
241 693 258 730 a
278 676 356 730 vobis
380 679 549 749 accipiamus
574 680 750 752 temporalia,
771 679 872 751 quibus
911 678 1013 731 idcirco
1027 677 1216 748 praedicabant
1229 679 1296 748 quia
1314 696 1369 733 non
1386 680 1527 735 habebant
1543 681 1617 735 unde
1637 681 1709 736 vive·

38 762 244 820 contulimus
258 766 383 819 aeterna?
395 767 458 820 Non
472 766 526 820 hoc
540 782 676 834 conpotum
695 773 734 821 est
747 767 872 837 increpa·
912 771 976 819 rent
989 765 1043 819 uisi
1058 782 1091 819 ex
1101 765 1307 835 predicatione,
1317 768 1436 837 ideoque
1448 768 1578 823 favebant
1588 770 1647 824 suis
1657 785 1709 824 au·

35 852 118 910 tiva
135 853 290 921 legendum
303 858 356 918 est,
366 854 415 908 sed
431 855 639 925 interrogative.
912 853 1058 909 ditoribus.

91 941 134 995 Si
151 944 217 1005 atii,
241 942 269 994 id
289 948 333 995 cst
356 943 592 1014 pseudoapostoli,
614 948 754 1012 potestatis
768 949 870 1009 vestra,
948 943 979 997 Si
993 945 1069 995 enirn
1082 943 1173 995 colens
1188 942 1246 996 sive
1260 947 1360 1011 sponte
1376 945 1425 997 hoc
1435 962 1494 1011 opo,
1509 946 1538 1000 id
1552 947 1639 1015 est‚si
1652 963 1709 1002 nou

29 1035 113 1090 hoc
132 1034 182 1083 est
198 1030 338 1085 facultatis
352 1031 652 1103 vestraebonorumque
662 1033 870 1103 temporalium,
913 1030 1101 1102 pradicavero
1118 1036 1233 1101 propter
1247 1036 1378 1102 sumptus
1392 1034 1530 1098 carnales,
1545 1039 1573 1088 et
1587 1036 1708 1090 admini-

23 1121 223 1195 participes
237 1125 312 1185 suat,
323 1136 410 1187 qua-re
423 1137 480 1174 noa
491 1125 584 1189 potius
596 1127 663 1175 ocos?
677 1120 875 1184 subaudis,de·
914 1123 1038 1172 stravam
1053 1118 1237 1187 Evangelium
1252 1118 1312 1172 sine
1327 1120 1456 1173 mercede
1471 1122 1710 1190 temporalimer·

27 1211 171 1266 bemus
188 1206 358 1279 participare
373 1208 455 1262 bonis
476 1209 585 1272 vestris,
602 1210 649 1280 qui
672 1226 752 1263 sacra
768 1209 876 1263 monita
915 1209 1003 1261 cedem
1019 1207 1101 1260 babeo
1121 1212 1247 1275 paratam
1268 1223 1284 1259 a
1306 1207 1427 1272 Christo,
1453 1210 1712 1264 remunerationem

27 1294 221 1364 Evangelii
234 1294 311 1350 vobis
326 1297 520 1367 praedicamus.
536 1298 641 1352 Verum
660 1299 755 1352 omnia
767 1298 875 1352 incom-
915 1295 1045 1350 videlicet
1067 1299 1213 1360 aetemam,
1234 1295 1384 1351 auditurus
1408 1297 1443 1350 ab
1468 1298 1530 1369 ipso
1554 1301 1661 1353 :Intra
1680 1301 1713 1353 in

29 1383 157 1448 moda
176 1384 351 1439 sustinemus
367 1402 419 1455 ego
434 1391 462 1440 et
476 1386 629 1452 barnabas,
646 1386 720 1441 sitim
736 1386 874 1448 videlicet,
915 1386 1050 1451 paudiiun
1062 1386 1175 1438 bantini
1189 1387 1242 1437 tui.

27 1479 190 1539 samem,
204 1472 363 1527 nuditatem
375 1491 544 1546 omnemque
553 1475 747 1545 indigentiam,
760 1492 792 1528 ne
805 1475 876 1543 quod
953 1473 1015 1539 Otia
1028 1477 1065 1525 est
1084 1488 1147 1539 erpo
1171 1488 1271 1526 merces
1290 1480 1372 1527 raca?
1386 1474 1547 1545 Interrogat
1564 1476 1714 1546 Apostolus

30 1562 276 1632 offendiculum
290 1563 385 1616 desitus
398 1564 545 1631 annpelio
560 1564 672 1626 Christi,
685 1564 713 1617 id
725 1569 777 1628 est,
788 1579 823 1616 ne
836 1543 905 1616 di·B
917 1560 1040 1630 seipsum
1056 1577 1117 1631 quae
1132 1560 1168 1615 sit
1180 1577 1288 1615 merces
1302 1562 1507 1632 predicationis
1522 1565 1584 1634 ejus
1597 1565 1626 1618 in
1646 1581 1715 1636 pra·

30 1655 153 1716 antur
168 1649 207 1704 de
222 1649 313 1713 uobis,
325 1650 400 1721 quod
414 1668 500 1705 causa
509 1656 632 1722 quastus
645 1656 674 1706 et
683 1668 756 1706 cura
768 1657 876 1721 tempo·
918 1649 1000 1713 senti,
1016 1656 1044 1702 et
1058 1648 1134 1715 dicit,
1144 1650 1203 1718 jam
1219 1650 1349 1719 inquiens
1361 1669 1367 1703 :
1379 1651 1555 1722 Valosponte
1565 1653 1715 1722 praedicare
1745 1678 1749 1682 ·

35 1739 139 1806 nelis
158 1738 259 1810 potius
273 1739 458 1810 praedicamus
480 1741 671 1809 Evangelium,
693 1757 778 1809 quam
792 1756 877 1793 causa
918 1737 1111 1806 Evangelium,
1125 1754 1187 1808 qua
1201 1743 1245 1791 est
1259 1754 1366 1793 merces
1385 1755 1449 1793 mea
1468 1740 1496 1793 in
1510 1742 1640 1810 prasenti
1654 1742 1666 1794 l
1682 1741 1716 1796 Et

34 1826 179 1895 salutis
193 1827 354 1881 animarum
363 1832 391 1882 et
398 1826 878 1892 remunerationisaete1·noo,habeat
919 1825 1070 1895 respondet
1080 1825 1139 1895 ipse
1149 1825 1211 1890 sibi,
1229 1830 1278 1880 aut
1297 1827 1379 1881 alicui
1393 1828 1578 1898 interroganti
1592 1845 1654 1899 qua
1673 1834 1717 1884 est

39 1932 123 1996 que
140 1914 331 1985 Evangelium
345 1916 452 1970 venale.
917 1930 1026 1967 merces
1037 1913 1108 1967 tua?
1123 1914 1188 1967 Haec
1205 1919 1248 1967 est
1262 1931 1370 1968 merces
1382 1932 1444 1969 mea
1454 1916 1483 1969 in
1498 1918 1665 1987 praesentiat
1676 1917 1718 1970 in·

99 2006 230 2058 Nescitis
245 2007 435 2072 quoniamqui
446 2009 476 2058 in
486 2006 622 2067 sacrario,
634 2003 662 2057 id
676 2007 720 2056 est
732 2002 878 2071 intemplo
917 2003 1015 2067 tentio,
1030 2008 1060 2055 ut
1070 2003 1410 2070 Etaapeliumpradicoas
1422 2003 1562 2070 fidelibus,
1575 2004 1719 2059 amnibus·

45 2092 231 2156 idolorum,
242 2092 573 2160 operantur,excoriando
584 2091 710 2146 victimas
721 2096 750 2144 et
760 2106 880 2161 conque·
920 2106 974 2160 que
988 2089 1086 2144 audire
1099 2090 1267 2154 volentibus,
1282 2093 1341 2144 siae
1355 2096 1468 2160 sarapta
1481 2107 1585 2160 ponam
1595 2092 1720 2161 tisanae·

49 2179 250 2248 eanquue
263 2181 428 2233 desacrario
438 2182 597 2234 sitrttedout
608 2180 656 2233 tid
671 2184 713 2233 est
728 2179 763 2233 de
778 2180 822 2233 his
842 2178 879 2231 vi·
921 2182 1003 2244 litem,
1023 2179 1158 2234 subaudis
1177 2179 1206 2232 in
1221 2178 1351 2234 cordibus
1367 2195 1475 2242 eorum,
1491 2187 1522 2235 at
1534 2197 1590 2235 non
1604 2183 1717 2246 abutar,

51 2274 146 2326 vuut
161 2284 227 2338 quae
240 2267 277 2321 ibi
294 2268 458 2332 olleruntur,
472 2274 500 2322 et
516 2285 578 2339 quae
592 2268 736 2338 pertinent
745 2267 779 2321 ad
788 2283 880 2322 sacra·
920 2268 978 2322 sive
991 2284 1048 2322 non
1060 2274 1125 2322 utar
1137 2272 1268 2335 potestate
1280 2284 1340 2321 mea
1353 2271 1385 2321 in
1401 2269 1548 2335 lloanpelio
1561 2286 1646 2340 quam
1656 2286 1721 2325 cum

55 2360 164 2422 rium,
181 2361 206 2410 ct
221 2359 272 2424 qui
283 2356 519 2421 altari,subaudis
527 2356 590 2420 Dei,
602 2357 759 2410 deserviant
768 2357 797 2411 in
807 2357 879 2426 lege,
921 2356 985 2410 aliis
1000 2357 1134 2426 apostolis
1148 2354 1248 2422 habeo,
1264 2355 1293 2409 id
1307 2361 1397 2410 estne
1412 2356 1545 2427 accipiam
1563 2357 1669 2427 aliquid
1684 2357 1720 2412 ab

60 2447 101 2501 id
122 2450 168 2498 est
182 2444 279 2498 Veteri
293 2445 482 2510 Testamenta,
506 2461 570 2498 cuin
592 2447 680 2499 altari
696 2448 879 2513 participant.
923 2444 1108 2508 auditoribus,
1125 2444 1258 2514 quoniam
1274 2460 1377 2515 magna
1392 2461 1498 2498 merces
1513 2445 1584 2499 mihi
1598 2462 1722 2500 reserva·

64 2534 105 2588 si
126 2532 243 2604 quaudo
256 2532 450 2587 holocaustum
464 2533 634 2587 offerebatur
647 2535 676 2587 in
691 2534 774 2588 altari
782 2534 882 2590 domus
923 2539 999 2588 tura
1014 2533 1134 2587 Christo¹

65 2620 208 2690 Domini,
232 2625 323 2674 totum
347 2621 453 2675 animal
477 2620 530 2675 sibi
548 2622 706 2676 vindicabat
729 2624 836 2689 altare;
858 2621 882 2676 si
959 2623 1032 2676 Nam
1046 2637 1110 2674 cum
1122 2621 1294 2687 liberassem,
1307 2624 1464 2685 nousolum
1477 2623 1723 2678 secundumnatu·

66 2709 195 2778 quaudo
205 2725 271 2763 vero
281 2709 401 2764 victima
411 2710 521 2781 aliaque
534 2711 671 2765 sacrificia
682 2711 881 2779 atterebantur,
924 2727 995 2775 ram,
1012 2714 1109 2780 utpote
1128 2710 1162 2764 de
1178 2726 1282 2780 genere
1297 2711 1520 2781 patriarcharum
1539 2711 1721 2776 descendens,

64 2797 187 2864 partim
211 2797 411 2853 cremabantur
433 2798 462 2853 in
486 2800 579 2865 altari,
605 2799 709 2870 partim
735 2799 884 2854 sumebant
925 2815 1019 2852 verum
1036 2797 1121 2851 etiam
1137 2799 1723 2869 eaorrinibusnegotiishominum,nihilab

63 2885 231 2941 servitores
246 2886 276 2940 iu
290 2902 356 2942 suos
367 2903 445 2943 usus.
925 2887 966 2942 eis
979 2886 1150 2956 accipiendo,
1160 2889 1298 2953 omnium,
1308 2887 1443 2942 subaudis
1449 2888 1605 2955 hominum,
1617 2905 1660 2943 me
1669 2904 1725 2943 ser-

114 2975 163 3028 Ita
173 2979 200 3028 et
213 2976 350 3029 Dominus
360 2977 511 3043 ordinauit,
523 2976 552 3030 id
564 2982 607 3030 est
621 2976 759 3047 disposuit
770 2981 798 3030 et
807 2981 884 3046 pote·
924 2992 990 3030 oum
1001 2978 1053 3042 feci
1067 2974 1258 3045 supportando
1268 2991 1376 3038 omnes,
1385 2976 1470 3030 veluti
1484 2976 1574 3032 bonus
1589 2993 1724 3048 procura-

66 3063 187 3118 statem
202 3062 289 3117 dedit.
925 3069 978 3130 tor,
994 3063 1114 3118 subaudi
1128 3067 1277 3135 supportat
1288 3064 1425 3131 intirmos,
1441 3065 1561 3120 maxime
1576 3082 1634 3130 vos,
1646 3083 1662 3120 o
1673 3065 1724 3121 Oo-

113 3153 175 3220 Epo
189 3157 284 3207 aulem
294 3152 358 3207 licet
367 3156 535 3224 patestatem
548 3152 680 3207 haberem
691 3153 726 3206 de
735 3153 884 3221 Evangelio
925 3152 1041 3206 rinthii!
1058 3168 1109 3222 per
1119 3168 1211 3206 meam
1226 3153 1401 3224 patientiam.
1416 3154 1479 3209 Feci
1493 3161 1587 3210 autem
1601 3155 1654 3209 hoc
1668 3169 1725 3209 non

67 3235 409 3304 accomodatiorem
434 3258 495 3311 quae
517 3240 882 3312 superiusdixiusussum,
925 3238 1088 3293 calliditatis
1113 3239 1226 3302 astutia,
1259 3240 1308 3294 sed
1328 3241 1527 3312 compatientis
1551 3242 1662 3309 allecta,
1692 3247 1723 3296 ut

68 3327 152 3393 quia
161 3329 256 3385 nullos
269 3334 400 3400 sumptus
421 3328 525 3383 avobis
539 3330 642 3399 accepi,
657 3335 689 3383 ut
703 3329 885 3399 Evangelium
923 3329 1018 3394 plures
1034 3328 1226 3393 lucrifacerem
1241 3328 1363 3382 Christo.

67 3425 141 3471 non
162 3419 287 3473 iacerem
311 3418 418 3484 venale,
445 3423 474 3472 et
496 3435 544 3471 ros
560 3417 648 3472 libere
663 3434 773 3488 possem
792 3417 887 3471 redar·
962 3416 996 3468 lit
1007 3417 1097 3483 sactus
1111 3431 1174 3468 sum
1187 3416 1287 3469 Judais
1303 3422 1438 3485 tanquam
1452 3420 1573 3484 iudans,
1588 3417 1723 3474 subaudis

66 3514 183 3567 gaece.
198 3508 262 3561 Νοη
274 3511 368 3560 autem
377 3509 476 3573 scripsi
486 3507 579 3560 itacui
591 3510 631 3560 ita
641 3510 710 3574 fiarel
726 3509 757 3560 in
772 3523 824 3560 rire.
837 3505 887 3560 Po·
927 3503 996 3573 legis
1011 3502 1184 3572 observator,
1197 3503 1289 3558 adhuc
1302 3505 1724 3578 tondendocaputinCenchris,

69 3592 181 3650 terant
192 3594 235 3649 illi
245 3594 355 3649 dicere:
371 3594 444 3648 Vere
459 3595 522 3649 ideo
533 3595 684 3665 Apostolus
695 3594 763 3648 talia
775 3594 888 3664 scripsit
929 3597 1040 3661 quaeest
1049 3590 1290 3661 portusCorinthi,
1303 3592 1570 3649 otlerendamunera
1579 3595 1608 3649 in
1619 3596 1725 3667 templo

71 3679 176 3750 nobis,
194 3689 226 3738 ut
240 3684 315 3754 quod
328 3688 413 3738 antea
425 3699 481 3738 non
496 3683 603 3754 accepit
616 3701 633 3738 a
646 3683 735 3750 nobis,
752 3683 834 3737 ruodo
845 3699 887 3737 ac·
928 3678 1140 3750 Hierosolymis,
1156 3679 1310 3733 secundum
1325 3682 1398 3750 quod
1410 3682 1439 3736 in
1453 3682 1569 3737 Actibus
1584 3685 1726 3754 apostolo·

73 3763 419 3843 eiplacutdemuseiquae
429 3773 588 3827 necessaria
600 3778 674 3828 sunt.
689 3773 733 3826 Ad
749 3774 807 3827 hac
823 3772 884 3826 illc:
929 3784 991 3823 rum
1007 3766 1135 3832 habetur,
1152 3767 1264 3837 quando
1280 3770 1446 3835 purificatus
1462 3772 1585 3824 ascendit
1608 3775 1640 3824 in
1661 3778 1726 3825 tem·

81 3849 234 3927 Nasidio,
243 3860 346 3931 inquit,
356 3860 411 3915 ista
422 3861 495 3927 dico,
512 3862 626 3933 utquod
636 3863 771 3916 hactenus
787 3860 889 3914 nonie-
926 3860 1006 3926 plum
1022 3856 1091 3922 (Act.
1103 3858 1170 3920 cxl),
1187 3859 1216 3908 et
1229 3855 1453 3911 circumcidendo
1467 3858 1645 3913 Timotheum
1663 3875 1726 3931 pro·

84 3938 127 4007 ci,
147 3964 223 4002 nunc
241 3948 333 4002 facere
351 3948 496 4020 incipiam,
511 3949 560 4003 sed
573 3955 661 4003 utvos
671 3948 708 4002 ad
722 3948 888 4003 charitatem
929 3950 992 4017 pter
1007 3944 1127 4009 ludaeos,
1145 3948 1176 3996 ut
1189 3945 1295 3998 Judaos
1310 3947 1437 4000 lucrarer
1449 3946 1570 4013 Christo,
1586 3948 1726 4004 accitura

85 4039 251 4094 provocem.
262 4039 368 4091 boream
383 4043 419 4091 est
431 4041 506 4092 enim
520 4039 592 4091 milri
604 4040 693 4105 magis
709 4040 842 4091 conmori
852 4036 891 4089 sa·
930 4033 1060 4087 videlicet
1082 4032 1162 4102 legis,
1188 4031 1224 4085 ad
1242 4032 1363 4102 gratiam
1379 4034 1556 4105 perducendo
1572 4037 1726 4109 Evangelii.

90 4127 150 4185 ¹110,
172 4125 229 4191 siti,
255 4125 391 4191 nuditate,
408 4141 493 4194 qaam
513 4130 544 4178 ut
558 4128 788 4192 pluriamrnearu,
805 4140 889 4193 quam
966 4124 1015 4177 llis
1024 4124 1074 4188 qui
1081 4122 1131 4173 sub
1143 4123 1196 4187 lopo
1213 4126 1289 4184 suut,
1305 4122 1333 4175 id
1350 4129 1393 4177 est
1405 4140 1423 4176 a
1436 4122 1633 4194 Samaritanis,
1649 4129 1729 4198 quin·

93 4215 175 4274 Spero
189 4229 235 4268 roa
254 4218 433 4283 recepturum
450 4230 501 4284 pro
524 4212 653 4267 mercede
673 4212 888 4284 praedicationis,
899 4201 985 4282 une
999 4208 1084 4262 libros
1097 4208 1168 4278 logis
1183 4207 1362 4276 habentibus,
1384 4212 1496 4267 veniens
1510 4215 1545 4268 ad
1560 4216 1623 4270 illos
1637 4217 1728 4273 iactus

94 4301 159 4355 qais
169 4306 275 4356 maaet
285 4301 486 4367 sivedestruat,
499 4302 591 4356 dando
599 4302 669 4356 mihi
680 4302 891 4356 muneraTunc
931 4315 992 4354 sum
1007 4298 1046 4352 eis
1058 4299 1140 4366 quasi
1151 4299 1202 4351 sub
1214 4301 1268 4365 lepe
1282 4315 1375 4367 essem,
1386 4300 1415 4354 id
1426 4308 1469 4356 est
1482 4304 1562 4373 quasi
1577 4307 1729 4360 carnaliter

97 4385 171 4443 elliu
183 4390 273 4461 gloria
294 4390 371 4444 illius
394 4396 586 4454 evacuaretur,
606 4390 629 4444 si
646 4389 802 4444 mercedem
817 4389 888 4443 acci·
932 4388 987 4458 legi
1001 4386 1145 4452 servirem,
1162 4403 1224 4440 caim
1239 4390 1295 4456 ipse
1313 4404 1369 4442 stoa
1392 4406 1474 4444 assem
1496 4393 1546 4444 sub
1561 4395 1615 4460 lepe
1639 4394 1730 4465 Moysi

97 4468 176 4531 pisa
187 4479 216 4534 in
228 4480 434 4551 praesentaneo
444 4485 570 4551 speraret
586 4479 741 4533 mercedem
753 4478 838 4531 aliam
848 4494 892 4532 ac-
933 4476 1037 4541 animo,
1053 4475 1102 4528 sed
1117 4474 1169 4529 sub
1182 4476 1275 4545 gratia
1289 4477 1440 4546 Evangelii,
1452 4484 1482 4530 ut
1494 4483 1597 4546 eosqui
1610 4483 1660 4534 sub
1675 4485 1729 4550 iope

98 4555 189 4630 cillere
206 4569 235 4624 in
256 4570 396 4632 futurum,
420 4584 471 4622 uec
490 4568 672 4638 redargueret
686 4567 891 4638 delinquentes.
933 4565 1730 4632 eraatlucrifaceremFeciautemhocnonsimulaudiver·

141 4650 196 4710 liam
215 4663 239 4712 et
264 4660 290 4711 si
311 4660 544 4725 evangelizavero,
566 4656 699 4711 subaudis
717 4655 893 4710 solummodo
933 4653 1017 4720 sutia,
1032 4652 1483 4723 sedcompatiendimisericordia.
1497 4657 1731 4730 Hisqaisinelepe

95 4736 211 4810 Propter
222 4745 285 4809 hoc,
300 4750 334 4800 ut
345 4750 461 4815 propter
475 4745 671 4799 assiduitatem
687 4743 894 4813 pradicatioois
934 4741 1053 4804 erant,id
1065 4739 1449 4810 estgentilibus‚factussum,
1459 4748 1661 4813 tanquamsine
1676 4752 1731 4818 leae

93 4824 253 4887 ¹1liviadem
267 4833 439 4904 iupraesenti
453 4831 895 4904 accipiam,el.laudemabhomi·
935 4847 1038 4887 essem:
1062 4829 1262 4883 consentiendo
1288 4829 1436 4898 gentilium
1461 4832 1635 4906 philosophis
1656 4841 1732 4910 apud

91 4909 294 4986 1¹ibaanonost
305 4920 892 4989 mihiploria,subaudisaeternainfuturo:
934 4919 1069 4984 Athenas,
1080 4934 1168 4972 unum
1178 4917 1267 4971 Deum
1275 4933 1335 4972 esse
1341 4919 1495 4989 quicuncta
1502 4923 1617 4991 fecerat,
1632 4933 1660 4982 et
1674 4930 1734 4986 ani-

93 4999 239 5064 &castras
248 5013 336 5074 enim,
345 5009 479 5065 subaudis
494 5010 694 5077 manducandi,
709 5007 832 5074 bibendi,
850 5024 895 5063 ve·
936 5023 997 5061 ruas
1007 5005 1259 5070 immortalesesse,
1274 5010 1302 5059 ot
1310 5006 1439 5064 homines
1448 5009 1484 5063 ab
1494 5027 1550 5066 uuo
1561 5015 1618 5070 Deo
1628 5018 1733 5087 princi·

86 5086 297 5164 Silanianum
313 5101 459 5154 incumbit.
480 5099 602 5170 Ideoque
619 5098 750 5169 praedico,
762 5097 896 5168 quoniam
937 5093 1185 5168 piumsumpsissa‚
1196 5093 1373 5149 visusesteis
1383 5099 1462 5168 quusi
1472 5116 1545 5156 unus
1558 5120 1590 5157 ex
1603 5104 1682 5176 ipsis,
1697 5107 1734 5161 li·

82 5170 286 5248 ¹1adevivam,
303 5187 417 5243 aliunde
432 5204 489 5242 non
498 5187 595 5243 habeo.
612 5189 676 5242 Haec
686 5188 715 5240 in
728 5186 896 5257 quibusdam
937 5190 981 5239 cet
990 5183 1065 5237 idola
1078 5181 1284 5251 nonadoraret,
1299 5184 1491 5259 paulatimque
1498 5192 1630 5247 trahebat
1639 5210 1686 5248 eas
1700 5193 1736 5248 ad

80 5248 212 5342 tiebttrvt,
228 5276 303 5331 sicut
316 5275 347 5331 in
361 5277 613 5349 pseudoapostolis,
631 5277 680 5331 sed
694 5277 723 5329 in
738 5275 826 5329 Paulo
840 5289 897 5327 non
937 5272 987 5326 illa
1000 5288 1061 5343 qua
1071 5271 1165 5324 minus
1179 5270 1340 5340 credebant,
1352 5276 1473 5332 suadens
1483 5279 1554 5333 utin
1568 5298 1631 5336 eum
1642 5281 1737 5335 crede·

81 5351 331 5437 “ratquimque
344 5366 613 5438 mercedem,neque
628 5365 740 5419 laudem
754 5363 790 5418 ab
804 5361 897 5418 homi-
938 5365 1011 5427 rent,
1025 5375 1075 5431 por
1087 5376 1168 5429 quem
1180 5363 1275 5416 ornata
1294 5362 1456 5432 factasunt,
1473 5365 1501 5420 id
1519 5372 1563 5421 est
1575 5367 1604 5422 in
1619 5367 1738 5448 Filium·

220 5466 357 5528 Piraei.
382 5465 501 5530 axvll.
1576 5459 1614 5521 ¹⁸
