3818 6104
201 228 254 311 ris
404 246 594 305 navuonrs
613 243 857 302 amnaasrar.
878 210 991 296 narso.
1012 239 1091 295 oar.
1112 240 1205 295 raas
1224 240 1246 294 r.
1269 269 1300 280 -
1320 238 1506 296 connum.
1527 239 1620 296 amu.
1787 241 1837 301 ror

201 356 274 430 rum'.
290 390 303 425 a
318 372 486 444 Egrediatur
513 386 632 444 sponsus
653 370 688 425 de
701 368 786 424 cubili
798 371 877 421 suoet
895 365 1174 436 sponsahrotinum,
1189 364 1338 434 utriusque
1347 364 1520 419 Testamenti
1530 363 1754 420 benedictionem
1771 366 1842 422 divi-

200 462 236 517 de
249 462 375 516 thalamo
389 478 450 516 suo.
466 460 545 514 Intra
568 460 733 515 vestibulum
762 463 791 511 et
804 457 892 510 altare
912 455 1002 525 plora·
1043 454 1119 507 nitus
1132 453 1161 507 in
1176 453 1287 507 Christo
1297 452 1427 506 collatam
1441 453 1517 506 dicit.

199 545 272 603 bunt
284 549 443 603 sacerdotes
459 546 580 601 ministri
595 545 716 609 Domini,
727 550 756 598 ει
769 543 871 597 dicent.
888 561 901 593 n
916 542 1003 611 Spon-
1081 560 1093 594 r
1107 543 1140 596 Et
1153 542 1345 612 implebuntur
1355 557 1427 596 arcae
1441 542 1593 607 frumento,
1604 548 1632 596 et
1643 544 1846 599 redundabunt

202 654 250 693 sus
266 638 394 692 Christus
402 637 437 691 (ιε
452 634 536 689 cubili
546 652 607 693 suo,
615 635 666 689 hoc
679 638 721 687 εει
735 632 770 686 de
783 633 846 686 sinu
858 630 958 693 Patris,
968 628 1003 682 ad
1045 631 1198 684 torcularia
1217 630 1280 684 vino
1298 637 1327 684 et
1341 631 1412 692 olen,
1431 650 1443 681 n
1461 631 1489 684 id
1513 630 1597 685 estin
1614 633 1735 696 Christo,
1749 633 1792 687 vel
1812 634 1843 689 in

203 725 344 797 publicum
361 723 592 794 humanigeneris
602 724 922 792 egressusSponsacaro
932 720 1004 788 ejus·
1046 719 1182 789 principio
1196 720 1274 789 regni
1291 719 1455 790 spiritualis,
1469 737 1541 774 areae
1556 720 1684 776 Ecclesiae
1695 738 1712 774 a
1724 723 1846 777 creden·

202 813 504 868 demChristiexutero
525 811 619 865 Mariae
627 810 741 881 virginis
751 809 869 863 velutdc
879 808 1003 861 thalamo
1047 807 1121 862 tibus
1144 808 1253 878 populis
1272 809 1395 878 repletae,
1411 810 1468 862 sire
1484 809 1568 862 corda
1593 809 1745 864 electorum
1760 812 1847 866 variis

202 918 254 957 suo
268 902 409 973 prodiens.
428 901 552 970 Sponsus
566 914 658 953 sermo
672 898 791 964 divinus,
801 895 1004 967 sponsaanima
1045 898 1195 952 virtutibus
1208 915 1258 969 per
1271 898 1389 952 imbrem
1401 898 1499 968 gratiae
1510 899 1632 968 Spiritus
1642 899 1733 953 sancti
1743 900 1848 954 redun-

202 991 302 1045 lidelis.
319 991 483 1045 Sacerdotes
503 988 624 1042 ministri
639 987 759 1049 Domini,
789 985 907 1056 apostoli
927 991 1003 1048 sunt,
1046 987 1152 1041 dantia.

202 1095 254 1150 pro
266 1079 374 1132 delictis
388 1078 484 1149 populi
496 1076 746 1131 intervenientes«
759 1076 855 1139 Parce,
869 1073 998 1134 Domine,
1079 1096 1089 1124 ι
1103 1076 1139 1130 Ει
1152 1074 1352 1129 reddamrobis
1366 1092 1455 1129 annos
1465 1093 1534 1146 quos
1548 1076 1671 1130 comedit
1685 1077 1803 1141 locusta,
1817 1081 1848 1130 ει

202 1184 286 1239 parce
299 1168 401 1238 populo
417 1173 476 1232 tuo,
493 1171 522 1220 et
536 1182 571 1219 ne
590 1165 639 1218 des
661 1165 853 1219 haereditatem
873 1167 951 1216 tuam
972 1161 1000 1215 in
1041 1163 1174 1225 bruchus,
1192 1169 1221 1218 et
1236 1164 1344 1234 rubigo,
1357 1170 1386 1218 et
1399 1165 1645 1219 erucaFortitudo
1656 1182 1846 1235 meamagna,

203 1256 395 1328 opprobrium,
412 1262 445 1309 ut
458 1254 640 1309 dominentur
655 1254 696 1308 cis
706 1253 845 1307 nationes.
856 1274 867 1303 r
881 1252 999 1305 Hocest:
1043 1269 1127 1324 quam
1139 1253 1203 1306 misi
1219 1252 1246 1306 in
1257 1269 1313 1306 vos.
1331 1254 1479 1316 »Quatuor
1490 1254 1531 1307 hae
1540 1262 1631 1323 pestes
1645 1261 1769 1326 quatuor
1779 1270 1847 1324 per-

203 1349 236 1400 ut
250 1346 376 1399 mitteret
390 1344 438 1414 qui
453 1360 514 1397 eam
530 1342 672 1401 liberaret,
692 1347 721 1396 ct
735 1341 811 1396 misit
827 1346 854 1394 et
876 1338 1002 1411 pepercit
1042 1341 1227 1399 turbationes.
1245 1357 1294 1412 per
1304 1358 1375 1412 quas
1389 1341 1518 1396 diabolus
1533 1343 1688 1396 humanum
1699 1343 1848 1412 genusde·

202 1434 306 1505 populo
320 1449 371 1487 suo
383 1451 390 1500 ς
401 1432 491 1496 idest,
507 1432 535 1485 in
552 1433 673 1486 adventu
687 1428 998 1492 Christi,remissionem
1046 1436 1134 1494 vorat,
1152 1430 1322 1500 significant.
1339 1431 1392 1485 hoc
1404 1437 1447 1484 est
1466 1431 1667 1501 :cupiditatem
1686 1438 1714 1486 et
1724 1438 1844 1499 metum,

203 1522 323 1593 largitas
336 1527 379 1576 est
393 1528 581 1593 pcccatorum,
593 1526 625 1575 ut
639 1536 695 1574 non
709 1519 890 1573 dominentur
902 1516 942 1570 eis
953 1533 1001 1570 na·
1041 1520 1170 1574 laetitiam
1184 1524 1269 1591 atque
1284 1518 1440 1574 tristitiam.

204 1610 305 1677 tiones,
321 1611 350 1664 id
364 1615 407 1663 est
417 1610 566 1663 demones.
581 1627 594 1660 «
608 1608 701 1673 Quare
716 1608 855 1661 dicuntia
870 1605 997 1677 populis:
1079 1625 1092 1658 a
1107 1608 1141 1661 Et
1155 1607 1307 1661 comedetis
1318 1613 1505 1673 vescentes,et
1519 1607 1724 1673 saturabimini,
1734 1614 1763 1662 et
1776 1609 1841 1664 lau-

204 1698 259 1754 Ubi
276 1703 319 1754 est
332 1699 405 1753 Deus
420 1697 541 1752 eorum‘l
555 1698 666 1751 Zelatus
680 1702 723 1751 est
743 1695 879 1750 Dominus
896 1675 1145 1751 terramssdabitis
1160 1711 1262 1750 nomen
1277 1696 1388 1751 Domini
1399 1697 1608 1768 Dcivestri,qui
1618 1697 1684 1751 lecit
1696 1696 1845 1753 vobiscum

205 1804 296 1852 suam,
308 1793 336 1841 et
345 1787 470 1858 pepercit
482 1788 584 1858 populo
600 1803 664 1842 suo.
680 1786 797 1839 »Zelare
810 1785 872 1838 ideo
888 1784 1000 1847 dicitur,
1043 1784 1194 1839 mirabilia.
1212 1804 1223 1835 i
1241 1785 1346 1839 Omnes
1358 1785 1432 1839 enim
1449 1785 1497 1857 qui
1514 1786 1844 1857 leguntScripturascar·

206 1874 524 1948 quiaubieunquezelus
534 1879 585 1939 cst,
602 1874 706 1929 amoris
724 1873 855 1928 indicium
875 1878 927 1926 est.
944 1871 1002 1927 Re·
1042 1873 1155 1937 naliter,
1165 1874 1237 1928 sieut
1250 1872 1349 1936 Judaei,
1360 1879 1389 1928 et
1400 1875 1435 1929 ad
1446 1875 1663 1944 inteDigentiam
1678 1891 1735 1929 non
1746 1892 1843 1946 perve-

204 1963 447 2036 sponsioDornini,
456 1963 621 2034 pollicitatio
633 1964 694 2033 ejus
704 1979 755 2034 per
764 1962 850 2016 libros
858 1961 929 2031 legis
940 1977 1003 2031 pro·
1044 1962 1127 2017 niunt
1140 1950 1327 2033 spirituale'm,
1341 1962 1387 2016 isti
1407 1969 1474 2017 sunt
1487 1970 1638 2026 vescentes,
1656 1970 1685 2018 et
1698 1980 1843 2036 nunquam

205 2054 365 2125 phetarum.
387 2052 480 2106 ahoe
495 2068 546 2122 ego
562 2051 672 2105 mittam
688 2050 764 2104 robis
776 2050 960 2112 trumentum,
975 2053 1004 2103 ct
1044 2051 1078 2104 ad
1104 2051 1282 2106 saturitatem
1297 2051 1500 2121 pervenientes.
1519 2052 1553 2106 Et
1571 2052 1724 2106 laudabitis
1740 2069 1843 2108 nomen

120 2200 130 2215 ο
203 2141 309 2207 vinum,
325 2146 354 2195 et
368 2142 472 2198 oleum.
489 2146 517 2194 et
531 2139 706 2211 replebimini
721 2140 750 2192 in
760 2139 810 2203 eis,
823 2144 916 2193 etnon
931 2137 1002 2191 dabo
1045 2140 1156 2194 Domini
1168 2140 1218 2194 Dei
1229 2139 1484 2205 vestri,hocest:si
1501 2140 1721 2195 miscricordiam
1733 2141 1783 2196 Dei
1795 2158 1844 2212 per

203 2245 253 2285 vos
277 2230 353 2284 ultra
367 2228 548 2300 opprobrium
571 2228 755 2299 ingentibus.
777 2247 789 2280 a
806 2228 1001 2293 Frumentum,
1043 2228 1261 2298 intelligentiam
1277 2228 1453 2299 spiritualem
1476 2228 1585 2282 fueritis
1605 2231 1758 2287 consecuti.
1777 2249 1791 2283 a
1810 2231 1844 2285 Et

205 2317 345 2380 Christus,
362 2317 451 2389 quiin
466 2317 600 2372 Zacharia
624 2316 795 2372 trumentum
812 2315 914 2370 dicitur
929 2315 1002 2369 elec·
1044 2333 1100 2370 non
1115 2317 1302 2371 contundetur
1317 2317 1435 2388 populus
1449 2333 1530 2371 meus
1542 2317 1571 2370 in
1586 2318 1800 2389 sempiternum,
1816 2325 1844 2374 et

204 2412 314 2473 torum3
327 2407 535 2477 vinum,gratia
551 2405 671 2477 Spiritus
686 2404 795 2470 sancti,
813 2405 918 2472 oleum,
935 2404 1003 2457 cha·
1044 2405 1259 2475 scietis,quiain
1273 2405 1365 2459 medio
1379 2406 1465 2460 lsrael
1476 2422 1527 2476 ego
1542 2423 1633 2465 sum.»
1645 2406 1673 2460 id
1689 2407 1773 2462 estin
1784 2424 1844 2461 me-

203 2495 330 2559 rismata,
348 2511 410 2566 quae
427 2512 444 2549 a
462 2495 574 2549 Christo
585 2511 635 2565 per
646 2494 750 2547 donum
774 2493 895 2564 Spiritus
914 2492 1003 2547 sancti
1044 2494 1090 2548 dio
1105 2494 1261 2548 videntium
1275 2492 1366 2547 Deum
1378 2510 1411 2547 ex
1426 2495 1490 2549 side.
1501 2496 1612 2565 ›Etego
1623 2496 1760 2551 Dominus
1770 2496 1844 2551 Deus

204 2583 235 2640 in
248 2585 335 2639 corda
353 2584 508 2640 electorum
525 2583 732 2647 diffunduntur,
742 2582 794 2636 hoc
808 2588 851 2636 est
866 2601 872 2635 z
890 2581 1003 2636 bencdi-
1046 2589 1147 2648 vester,
1165 2589 1193 2636 et
1207 2599 1262 2636 non
1278 2588 1321 2637 cst
1336 2583 1466 2653 amplius,
1483 2589 1512 2639 et
1526 2600 1581 2637 non
1596 2583 1784 2639 contundetur
1797 2602 1845 2656 po·

204 2673 298 2728 ctione
312 2689 376 2728 mea
391 2680 513 2728 veterem
531 2671 758 2727 maledictionem
774 2671 948 2742 abstergam.
1045 2673 1129 2743 pulus
1150 2688 1229 2725 meus
1244 2671 1273 2724 in
1288 2677 1435 2726 aeternum.
1452 2691 1463 2721 i
1483 2672 1541 2741 Ego
1564 2689 1628 2726 sum
1652 2672 1792 2735 Christus
1814 2679 1842 2728 et

1045 2777 1097 2831 ego
1117 2760 1254 2815 Dominus
1267 2766 1366 2827 vester,
1380 2760 1456 2814 idem
1468 2760 1527 2831 ipse
1538 2760 1677 2830 Christus,
1687 2761 1845 2833 etamplius

1045 2855 1147 2921 preater
1158 2849 1311 2903 Christum.

1083 2958 1094 2989 r
1120 2938 1222 2993 Eterit
1237 2938 1381 3009 posthaec,
1398 2942 1427 2991 et
1440 2938 1581 2993 ellundanr
1603 2938 1733 3008 spiritum
1750 2955 1846 2993 mcum

1048 3043 1133 3098 super·
1148 3043 1260 3080 ornnem
1275 3042 1399 3092 carnem,
1410 3031 1438 3080 et
1448 3026 1655 3097 prophetabunt
1663 3027 1712 3081 alii
1723 3028 1808 3083 vestri
1818 3034 1846 3083 et

1046 3117 1110 3170 silice
1125 3122 1234 3170 vestrae.
1249 3116 1335 3170 Senes
1346 3115 1431 3169 vestri
1441 3116 1550 3169 somnia
1560 3115 1751 3184 somniabunt,
1763 3125 1792 3171 et
1800 3118 1845 3188 ju-

1045 3221 1128 3259 venes
1143 3204 1262 3260 visiones
1272 3203 1415 3259 videbunt.
1434 3224 1446 3257 »
1471 3204 1568 3272 Senes,
1586 3205 1747 3276 prophetas,
1763 3207 1845 3277 juve·

1045 3309 1104 3354 nes,
1122 3293 1262 3365 apostolos
1277 3294 1409 3364 appellat.

1082 3401 1096 3433 a
1115 3383 1210 3438 Sedet
1224 3399 1309 3454 super
1323 3399 1418 3437 servos
1437 3398 1515 3436 meos
1540 3387 1569 3436 et
1590 3383 1706 3437 ancillas
1721 3399 1800 3437 meas
1815 3383 1846 3439 in

242 2828 255 2861 a
272 2808 384 2862 Etcum
396 2806 443 2879 qui
460 2805 496 2860 ab
514 2805 645 2877 aquilone
660 2809 714 2873 cst,
727 2806 825 2876 procul
840 2805 972 2877 abjiciam
987 2822 1004 2860 a

203 2897 291 2964 vobis,
307 2902 336 2950 ct
350 2895 487 2966 expellam
502 2912 565 2949 euru
581 2895 728 2949 interram
748 2895 852 2948 inviam
867 2900 895 2948 et
908 2894 1003 2949 deser-

203 2991 273 3042 tam.
291 3005 303 3037 s
318 2985 484 3056 Aquilonem
498 2984 639 3039 diabolum
651 2983 731 3037 dicit:
745 2988 850 3037 terram
864 2983 968 3037 inviam
977 2990 1035 3050 etc

206 3076 358 3136 desertam,
375 3072 507 3144 reprobos
522 3089 619 3127 ornnes
634 3072 662 3126 in
677 3072 778 3143 quibus
796 3078 896 3143 regnat
911 3073 1004 3144 appel-

206 3164 255 3218 lat.
271 3182 282 3212 ι
299 3162 409 3216 Faciem
421 3162 482 3233 ejus
497 3165 593 3215 contra
610 3178 687 3215 marc
702 3161 847 3224 orientale,
868 3167 897 3216 ct
916 3168 1005 3216 extre-

206 3267 283 3306 mum
297 3250 357 3320 ejus
370 3250 405 3304 ad
424 3265 502 3304 marc
516 3248 709 3303 novissimum.
724 3247 877 3303 »Diabolus
886 3265 942 3303 non
952 3249 1003 3302 ha-

205 3336 276 3395 bens
291 3336 391 3393 taciem
406 3336 442 3391 ad
461 3337 548 3391 solem
568 3337 747 3408 justitiae,sed
769 3353 934 3408 quocunque
957 3353 1003 3391 rc·

206 3425 1003 3499 spexerit,sempermarcistiussaeculirespicit.0rientale

205 3524 300 3572 autern
315 3521 343 3571 et
358 3514 551 3578 novissimum,
568 3514 833 3585 principiumruinae
845 3515 904 3583 ejus
923 3514 1003 3568 intel-

204 3605 341 3677 ligitur«
364 3605 397 3659 Et
421 3604 553 3658 ascendet
572 3604 645 3658 letor
669 3604 741 3673 ejus,
758 3608 786 3656 et
807 3603 940 3657 ascendet
953 3619 1004 3674 pu-

205 3695 286 3749 tredo
301 3694 373 3763 rjus,
384 3692 452 3763 quia
465 3691 584 3763 superbe
598 3692 665 3762 egit.
683 3692 777 3746 »Cum
786 3691 861 3745 idem
874 3691 1001 3745 diabolus

202 3782 348 3855 jugulatus
358 3782 386 3835 in
398 3782 454 3836 sme
466 3780 564 3834 mundi
579 3780 673 3834 fuerit.
690 3785 758 3834 tunc
780 3779 852 3834 letor
864 3782 935 3851 ejus,
952 3780 1004 3834 hoc

206 3876 250 3926 est
262 3870 354 3943 qualis
364 3869 410 3937 sit,
425 3867 556 3925 omnibus
565 3869 722 3941 apparebit.

1044 3469 1143 3524 diebus
1157 3470 1212 3524 illis
1224 3470 1366 3524 effundam
1380 3471 1510 3541 spiritum
1524 3486 1629 3524 meum.
1649 3490 1662 3523 a
1676 3471 1735 3526 Hoc
1745 3489 1846 3528 sccun-

1044 3559 1112 3613 dum
1127 3559 1271 3614 historiam
1288 3559 1517 3614 manifestissime
1530 3560 1638 3613 dictum
1653 3565 1682 3614 et
1695 3561 1845 3633 impletum

1044 3653 1087 3701 est
1113 3647 1213 3702 Servos
1228 3665 1315 3716 meos,
1331 3650 1406 3704 viros
1420 3649 1580 3721 spirituales
1595 3656 1680 3719 atque
1695 3650 1843 3705 doctores:

1045 3735 1161 3790 ancillas
1184 3752 1258 3802 vero,
1284 3737 1423 3805 ecclesias,
1455 3738 1498 3792 vel
1531 3736 1641 3791 animas
1668 3738 1846 3794 credentium

1045 3827 1126 3884 dicit.

1083 3934 1096 3968 a
1106 3916 1140 3970 Et
1152 3915 1223 3970 dabo
1238 3915 1365 3988 prodigia
1377 3916 1405 3971 in
1421 3917 1490 3970 coelo
1502 3922 1530 3971 et
1538 3918 1843 3991 interraaanguinem,

243 4005 331 4061 «Noli
342 4005 451 4072 timere,
459 4009 544 4070 terra,
554 4005 698 4059 exsultaet
708 4002 886 4075 laetare‚quia
896 4003 1003 4075 magni·
1044 4011 1072 4061 et
1086 4005 1191 4076 ignem,
1207 4011 1236 4061 et
1249 4021 1379 4075 vaporem
1399 4005 1476 4059 turni.
1494 4024 1507 4059 r
1525 4005 1657 4079 Prodigia
1667 4008 1846 4075 incoe10,hoc

204 4096 298 4151 llcevit
313 4094 447 4149 Dominus
460 4100 493 4149 ut
506 4094 610 4148 faceret
626 4112 632 4146 z
649 4095 735 4148 nolite
753 4093 854 4148 timere
869 4092 1003 4147 animalia
1044 4101 1087 4150 est
1099 4095 1129 4149 in
1139 4094 1260 4155 sanctis;
1274 4100 1303 4149 et
1320 4093 1449 4157 interra,
1470 4095 1524 4148 hoc
1538 4101 1582 4149 est
1604 4096 1632 4150 in
1652 4096 1846 4167 peccatoribus

111 4242 114 4249 ,
204 4183 407 4254 regionis,quia
417 4181 779 4253 germinaveruntspeciosa
790 4181 903 4235 deserti.
918 4182 1001 4234 »Hoc
1044 4201 1074 4238 se
1090 4184 1225 4238 Dominus
1236 4184 1304 4238 darc
1320 4182 1475 4254 pollicetur.
1499 4185 1534 4239 Et
1544 4184 1609 4256 quid
1625 4186 1764 4256 prodigia,
1788 4185 1842 4241 nisi

205 4275 249 4326 est
260 4270 457 4339 cogitationem
483 4285 574 4332 suam,
590 4285 674 4338 quam
699 4285 749 4340 pro
771 4270 862 4322 salute
885 4269 1003 4323 humani
1045 4272 1125 4342 signa
1140 4277 1168 4325 et
1182 4272 1367 4342 perditionem
1383 4277 1574 4342 peccatorum,
1590 4290 1652 4344 quae
1673 4274 1701 4329 in
1722 4275 1846 4331 adventu

204 4357 317 4431 generis
330 4356 478 4428 disposuit,
492 4357 563 4410 utde
578 4372 675 4410 eorum
687 4356 846 4410 substantia
858 4357 947 4411 Filius
953 4358 1003 4411 Dei
1045 4360 1260 4431 Spiritussancti
1273 4360 1417 4430 patefactae
1432 4362 1518 4417 sunt?
1534 4363 1564 4417 ln
1580 4363 1718 4433 sanguine
1728 4362 1845 4419 interle-

205 4462 319 4502 carnem
335 4450 501 4499 assumeret.
519 4445 588 4498 Eam
600 4460 684 4514 quam
694 4460 780 4515 supra
794 4444 904 4498 dixerat
917 4446 1004 4499 male·
1044 4448 1100 4502 ctio
1115 4448 1289 4516 animarum,
1301 4449 1329 4503 in
1344 4450 1408 4520 igne
1424 4452 1545 4505 calorem
1562 4453 1700 4523 corporis,
1718 4452 1777 4506 sive
1791 4452 1846 4507 ira·

206 4535 320 4601 dictam,
330 4549 405 4589 nunc
418 4533 487 4588 dicit
496 4533 693 4588 benedictione
702 4533 752 4587 Dei
763 4533 927 4587 restaurari.
938 4533 1004 4587 Ani·
1043 4536 1174 4592 cundiam
1190 4537 1294 4604 cordis;
1308 4539 1335 4592 in
1348 4555 1451 4610 vapore
1464 4540 1843 4610 tumicogitationesnoxiae,

206 4625 293 4680 melia
306 4623 438 4695 regionis,
449 4628 548 4695 gentes
562 4621 663 4693 quibus
674 4621 906 4685 verbavirtutem,
918 4622 946 4676 id
961 4629 1004 4677 est
1044 4643 1106 4699 quae
1119 4626 1147 4679 in
1164 4626 1247 4681 corde
1259 4627 1404 4681 hominurn
1429 4634 1559 4695 aestuant,
1575 4629 1780 4705 significantur.
1797 4628 1846 4686 Se-

207 4715 347 4777 Ghristus,
363 4730 414 4786 per
434 4711 579 4784 Virginem
594 4710 794 4781 germinavit·
812 4711 884 4775 Quia
894 4711 1003 4782 lignum
1043 4715 1166 4770 cundum
1183 4715 1330 4770 historiam
1348 4722 1377 4770 et
1392 4718 1583 4788 prophetiam,
1599 4718 1629 4772 in
1643 4723 1773 4790 tempore
1785 4736 1846 4790 pas·

207 4804 303 4859 attulit
312 4803 434 4858 fructum
449 4817 542 4863 suum,
560 4801 627 4855 ficus
637 4806 666 4855 ει
679 4799 759 4855 vinea
773 4798 1003 4855 dederuntvirtu·
1043 4805 1129 4860 sionis
1139 4803 1243 4860 Christi
1258 4806 1353 4860 omnia
1367 4806 1426 4860 haec
1434 4807 1573 4877 completa
1587 4813 1662 4861 sunt.

206 4894 264 4945 tem
278 4905 368 4945 suam.
378 4890 413 4944 Et
427 4889 477 4943 filii
492 4889 568 4948 Sion,
576 4888 714 4943 exsultate
726 4893 754 4943 et
767 4888 900 4942 laetamini
910 4888 938 4943 in
951 4890 1004 4944 Do·
1081 4912 1095 4947 a
1111 4895 1159 4950 Sol
1171 4900 1349 4950 convertetur
1359 4895 1388 4949 in
1405 4894 1545 4962 tenebras,
1563 4904 1593 4950 et
1606 4897 1683 4966 luna·
1689 4896 1716 4950 in
1733 4898 1847 4969 sangui-

122 5058 125 5063 Δ
206 4978 283 5033 mino
298 4978 357 5033 Deo
368 4983 470 5039 vestro,
483 4977 530 5049 qni
543 4978 621 5032 dedit
634 4976 712 5031 vobis
727 4977 868 5032 doctorem
875 4979 1001 5048 justitiae,
1045 4999 1120 5048 nem,
1137 4989 1288 5055 antequam
1305 4984 1399 5039 veniat
1412 4985 1472 5038 dies
1485 4985 1598 5039 Domini
1609 5002 1727 5055 magnus
1740 4994 1769 5041 et
1782 4987 1847 5042 hor·

207 5071 237 5123 et
248 5066 416 5122 descendere
426 5066 551 5121 lacietad
560 5085 607 5121 vos
619 5067 737 5121 imbrem
747 5067 946 5122 matutinum«
960 5068 1004 5123 Li·
1045 5072 1142 5127 ribilis.
1160 5072 1308 5127 allecem:
1326 5073 1458 5145 splendor
1467 5074 1846 5145 quorumdamlirlelinmml·

210 5172 310 5227 gnum,
326 5155 467 5215 Christus,
478 5156 617 5210 sscusvero
630 5154 659 5209 in
668 5172 788 5226 persona
799 5157 936 5229 accipitur
946 5157 1005 5227 Spi·
1045 5161 1117 5215 tima
1131 5160 1312 5216 tribulatione
1326 5162 1458 5217 deficiens
1480 5161 1687 5221 obscurabitur,
1703 5170 1731 5218 et
1752 5163 1845 5219 Eccle-

208 5245 281 5300 ritus
290 5245 396 5311 sanoti;
412 5244 492 5298 vinea
507 5244 580 5298 idem
592 5243 722 5299 Christus
733 5245 851 5316 inplebe
862 5246 1002 5314 fidelium3
1046 5248 1088 5302 sia
1104 5253 1259 5320 martyrum
1275 5251 1411 5321 sanguine
1421 5251 1623 5306 cruentabitur.

207 5333 258 5387 lilii
272 5333 349 5397 Sion,
361 5333 413 5387 tllii
425 5333 557 5387 dicuntur
572 5333 701 5387 Ecclesiae
721 5335 750 5388 in
771 5335 962 5406 speculatione
975 5336 1005 5389 sr-
1083 5358 1093 5387 ι
1107 5338 1141 5392 Ει
1152 5339 1214 5398 erit,
1225 5340 1317 5394 omnis
1328 5340 1487 5411 quicunque
1503 5341 1673 5395 invocaverit
1683 5343 1845 5397 nomenDo·

207 5421 253 5477 dci
269 5421 430 5487 constituti3
447 5420 546 5474 doctor
555 5420 682 5490 justitia,
707 5422 847 5490 Christus,
873 5423 1003 5478 Ecclesiae
1045 5425 1114 5479 mini
1130 5428 1223 5482 salvus
1233 5429 1286 5484 erit
1312 5449 1325 5482 v
1338 5430 1469 5484 lnrocarc
1480 5434 1508 5484 et
1518 5430 1609 5483 dicere
1620 5430 1844 5495 Dominum,non

194 5511 357 5569 ausano
369 5511 453 5567 Patre
467 5510 586 5583 electus,
602 5508 722 5567 imbrem
731 5513 901 5569 matutinum
916 5520 945 5570 et
958 5529 1003 5570 se·
1044 5518 1157 5572 tantum
1166 5517 1301 5594 voee,sed
1315 5535 1399 5592 opere
1415 5517 1654 5594 comprobandum
1669 5525 1714 5576 est
1732 5526 1762 5577 et
1774 5521 1842 5577 etle-
