3818 6104
187 290 240 351 559
395 288 584 346 {carnonis
603 285 848 342 umneasrnr.
869 285 981 342 serso.
1002 283 1082 340 orn.
1102 281 1196 336 ruas
1214 282 1237 337 1.
1261 311 1293 322 -
1313 282 1499 341 counanr.
1520 274 1613 344 asca.
1771 291 1803 347 sc

185 422 312 473 secratur
334 421 364 471 et
385 414 540 486 percipitur
558 413 587 467 in
610 411 745 476 Ecclesia,
765 412 807 464 rel
829 412 895 481 quia
922 407 1140 477 nonAspiritnli
1154 412 1342 476 consequente
1350 406 1482 464 bibebant
1493 410 1545 477 illi,
1562 411 1630 481 quia
1653 412 1803 485 ubicumqu

183 507 326 561 mundana
340 505 401 574 lege
416 509 444 558 et
457 500 658 557 consuetudine
670 505 769 569 parato
779 503 854 563 sunt,
865 500 913 552 sed
923 498 977 552 rir-
1019 494 1166 550 deficiebat
1180 495 1220 548 eis
1234 496 1388 549 humanum
1402 498 1549 565 auxilium,
1566 499 1668 554 aderat
1681 500 1803 557 Christus

132 647 134 651 .
182 602 243 651 tute
253 595 303 650 Dei
313 591 575 648 sinecommistione
586 590 799 644 elementorum.
812 605 891 659 aquae
906 588 979 642 vide-
1019 588 1154 654 praestans
1164 583 1422 654 suffragiumcujus
1433 587 1559 656 potentia
1569 588 1628 658 (qui
1640 596 1685 643 est
1696 589 1803 646 Verbun

181 685 247 739 licet
258 688 288 737 et
300 682 407 736 sarinae.
424 680 465 735 hd
486 685 597 748 tempus
612 677 742 731 videlicet
756 683 851 730 creata
869 681 912 731 est
930 677 978 731 illa
1019 672 1070 725 Dei
1084 671 1182 737 Patris)
1195 671 1306 725 liberati
1321 680 1389 726 sunt
1403 674 1438 727 de
1453 681 1531 729 terra
1545 675 1670 747 AEgypti,
1686 684 1714 731 et
1724 677 1752 732 in
1762 683 1803 735 tet

179 787 242 826 esca
257 769 389 840 atqueeis
402 767 479 833 data,
488 771 517 820 et
530 780 603 836 aqua
618 764 748 819 similiter
762 780 818 820 non
829 770 978 821 consuetu·
1018 776 1079 814 ram
1091 761 1318 833 repromissionis
1327 761 1491 820 introducti.
1508 763 1633 836 Ideoque
1644 766 1803 831 dicitureo·

178 859 244 914 dine
258 857 411 922 mundana,
427 855 476 910 sed
497 854 600 908 virtute
624 853 745 922 spiritali
775 854 975 923 omnipotentis
1017 856 1166 920 sequentes
1180 866 1237 914 eos,
1250 850 1317 920 quia
1329 850 1512 906 subveniebat
1525 853 1576 907 eis.
1588 855 1730 909 Necenim
1740 862 1804 927 pet.)

178 948 239 1013 Dei,
251 948 292 1002 eis
306 945 438 1019 profluxit
448 960 480 998 ex
497 948 585 1013 petra.
598 939 705 995 Idcirco
718 948 747 996 et
756 941 804 995 ille
825 942 906 1012 panis
927 958 976 997 an·
1015 953 1118 1008 aquarn
1134 938 1302 992 dedititiam
1316 955 1374 993 una
1383 939 1450 1005 rice,
1462 942 1513 996 sed
1520 942 1653 998 Christus
1665 961 1716 1014 per
1724 950 1804 1016 potq

175 1037 304 1109 Selorum
315 1030 849 1102 dictusest,quiavirtuteomnipotentis
861 1029 974 1101 lleiqua
1015 1025 1345 1081 tiamsuam.Notandum
1356 1027 1391 1081 ab
1401 1030 1535 1099 hpostalo
1546 1031 1644 1084 omnia
1653 1030 1708 1085 ista
1715 1032 1804 1099 ideis„

175 1127 269 1197 angeli
280 1120 578 1179 vivuntetsubsistunt
587 1119 647 1173 sine
657 1117 752 1173 labore
762 1119 866 1189 aliquo,
880 1119 973 1173 envir-
1014 1130 1075 1169 esse
1089 1115 1173 1181 dicta,
1189 1132 1225 1170 ne
1238 1116 1301 1187 quis
1311 1115 1365 1170 sibi
1380 1116 1409 1170 in
1420 1116 1803 1188 baptismateoonsrdatmutj„

174 1220 236 1271 tute
250 1219 361 1268 creatus
377 1216 421 1265 est
431 1210 478 1264 ille
492 1207 580 1273 cibus,
597 1213 626 1261 et
635 1209 781 1278 appositus
803 1213 846 1261 est
855 1208 895 1261 eis
910 1207 971 1262 sine
1012 1219 1075 1259 esca
1085 1209 1113 1258 et
1126 1209 1195 1274 potu
1209 1204 1338 1275 spiritali,
1355 1210 1387 1259 ut
1400 1205 1490 1260 Deam
1506 1211 1589 1276 putet
1601 1207 1655 1262 sibi
1667 1221 1796 1278 parceres

173 1305 269 1375 aliquo
289 1300 385 1355 labore
397 1297 676 1354 illorumllocetiam
687 1295 926 1367 signittcans,quia
935 1297 970 1352 de
1011 1292 1167 1362 peccaverit
1185 1292 1381 1359 criminaliter,
1398 1294 1453 1347 nisi
1464 1295 1637 1364 ¹poenitentia
1649 1297 1734 1368 digna
1751 1301 1786 1359 ιη

172 1392 250 1447 coelis
262 1394 398 1445 venturus
412 1391 472 1441 erat
490 1385 629 1449 Christus,
645 1385 797 1456 spiritualis
819 1386 909 1457 panis,
921 1386 970 1456 qui
1011 1381 1387 1452 promerueritQuapropter
1398 1382 1531 1438 omnibus
1545 1389 1590 1438 est
1604 1386 1784 1456 vigilandume

172 1479 357 1553 spiritualiter
370 1481 506 1547 pasceret.
520 1474 600 1529 Unde
619 1480 648 1528 et
666 1490 769 1528 manna
782 1475 873 1545 prima
886 1475 965 1539 teria,
1010 1468 1206 1535 laborandum,
1222 1469 1355 1540 quoniam
1369 1478 1480 1542 tempas
1494 1472 1557 1527 vitae
1573 1475 1781 1533 nostrabrerise'-

170 1569 228 1624 sive
242 1568 334 1639 prima
344 1563 462 1626 sabbati,
478 1578 540 1633 quse
550 1577 624 1615 nunc
635 1561 670 1615 ob
682 1561 865 1615 reverentiam
874 1563 967 1617 Domi·
1009 1573 1085 1611 mum
1099 1563 1151 1612 est.

168 1657 238 1711 ΠΜ
252 1652 465 1710 Γθθῦΐΐθθῖὶῡῐὶῑὸ
476 1651 536 1705 dit-'S
549 1649 695 1710 Dominio&
706 1656 830 1712 vocatur.
841 1651 965 1721 primum
1041 1646 1096 1701 Sea
1110 1662 1166 1700 non
1178 1650 1209 1701 in
1220 1649 1353 1715 pluribus
1367 1663 1464 1702 eoram
1476 1650 1678 1718 heneplacitum
1691 1660 1724 1707 est
1734 1656 1776 1713 la,

166 1744 243 1798 venit
256 1745 291 1797 de
305 1741 374 1796 coelo
389 1741 424 1795 ad
437 1740 615 1795 saturitatem
623 1739 861 1810 populidihcbaut
870 1733 1144 1817 auternBQuoniam
1154 1736 1236 1790 multi
1252 1741 1367 1807 propter
1375 1736 1573 1793 infidelitatem
1586 1742 1776 1801 mortuisuntin

167 1834 200 1886 rte
211 1833 344 1900 spiritati,
362 1829 496 1884 subaudis
515 1831 605 1898 petra,
621 1832 797 1895 consequente
811 1844 854 1881 eos
866 1828 964 1883 eadem
1006 1838 1111 1887 eremo,
1132 1839 1189 1876 non
1213 1823 1404 1893 intelligentes
1424 1825 1592 1882 beneficium
1614 1829 1674 1896 Dei,
1688 1831 1776 1901 quadr»

164 1926 254 1990 petra.
272 1920 286 1974 J
289 1917 361 1972 udaei
372 1923 400 1971 et
407 1916 521 1989 quidam
532 1914 701 1987 simplicium
711 1915 857 1970 doctorum
867 1933 901 1970 ex
912 1917 965 1972 hoc
1004 1908 1083 1978 ginta
1095 1909 1227 1964 videlicet
1241 1911 1339 1965 millia.

165 2010 226 2065 loco
247 2007 374 2063 fabulose
398 2006 553 2075 disputant,
577 2003 700 2057 volentes
725 2004 866 2059 affirmare
889 2005 964 2075 quod
1040 1998 1100 2050 llec
1113 2003 1207 2050 autem
1222 1999 1317 2052 omnia
1339 2014 1401 2069 quae
1423 1999 1543 2055 dicimus
1563 2001 1599 2056 de
1621 2003 1701 2069 nube,
1714 2005 1771 2071 man,

164 2103 313 2170 postquam
324 2097 433 2166 Moyses
445 2091 584 2164 percussit
597 2091 674 2160 n'rga
683 2091 726 2145 bis
740 2091 856 2157 silicem,
877 2109 964 2164 popu·
1004 2083 1104 2155 Moysi,
1120 2102 1192 2154 esca,
1209 2092 1277 2157 potu
1290 2093 1318 2141 et
1331 2093 1419 2157 petra,
1436 2091 1466 2142 in
1478 2092 1572 2157 'tyara
1591 2093 1665 2158 saeta
1679 2098 1772 2148 suntoc-

161 2187 261 2256 lusque
274 2183 346 2239 bibit
358 2199 391 2236 oc
404 2182 541 2252 jumenta,
555 2195 667 2251 semper
681 2184 778 2234 secuta
792 2180 829 2233 sit
849 2197 896 2234 eos
913 2181 962 2236 illa
1002 2177 1064 2239 stri,
1082 2174 1110 2227 id
1126 2180 1170 2228 est
1181 2180 1283 2229 nostre
1299 2176 1443 2242 veritatis3
1460 2177 1563 2248 quibus
1573 2180 1604 2234 in
1613 2181 1771 2236 veritam

160 2281 251 2346 petra,
263 2271 460 2341 etubicunque
475 2267 601 2339 figebant
617 2267 749 2335 tentoria,
760 2267 961 2325 volvebaturin
1003 2261 1127 2331 tigerunt
1143 2268 1171 2316 et
1181 2265 1396 2329 manentmodo,
1409 2265 1475 2336 quia
1485 2267 1514 2320 in
1524 2269 1769 2339 exemplumillomu

159 2361 285 2416 medium
309 2363 477 2421 castrorum,
504 2356 581 2410 nullo
606 2354 753 2409 hominum
785 2355 957 2427 impellente,
1000 2351 1093 2405 educti
1106 2367 1204 2406 sumus
1214 2352 1248 2406 de
1261 2353 1392 2424 AEgypto,
1408 2353 1444 2408 de
1458 2370 1554 2410 errore
1568 2356 1692 2413 videlicet
1707 2358 1767 2428 hujus

160 2451 292 2506 emittens
306 2446 478 2518 largissimos
488 2444 593 2499 nrulos
607 2444 642 2499 ad
657 2443 816 2497 satietatem
827 2445 922 2515 populi
931 2452 960 2501 et
1001 2439 1144 2493 mundilit
1153 2457 1209 2494 reon
1218 2443 1306 2495 simas
1316 2445 1533 2511 concupiscentes
1541 2446 1768 2511 mator-amentar-

156 2541 362 2610 jumentorum.
377 2534 482 2590 Dicunt
495 2539 591 2587 autem
606 2532 706 2586 tandiu
714 2532 766 2587 hoc
777 2532 882 2587 iactum
898 2550 959 2591 esse
1000 2527 1176 2582 disciturum
1192 2535 1220 2583 et
1235 2529 1377 2597 vitiorum,
1390 2533 1462 2585 sicut
1471 2536 1558 2594 etitti,
1565 2534 1594 2589 id
1605 2535 1765 2599 cstlsraclits,

158 2645 210 2700 per
223 2624 515 2699 quadragintaannos,
527 2637 617 2692 usque
631 2621 698 2674 dum
714 2621 959 2677 venirentinterra
999 2620 1206 2685 concupierunt,
1222 2635 1321 2673 carnes
1331 2624 1360 2673 et
1371 2635 1504 2690 pepones,
1515 2627 1545 2676 et
1559 2639 1593 2677 ea
1606 2640 1666 2695 quae
1675 2625 1700 2679 tn
1708 2623 1768 2695 Q.

158 2716 281 2783 Madian,
291 2714 340 2770 ubi
353 2713 485 2768 foderunt
493 2714 604 2781 puteos,
618 2709 958 2780 inveneruntaquamdul-
998 2709 1047 2774 pto
1056 2704 1253 2760 habueruntin
1265 2723 1348 2761 usum
1357 2709 1532 2764 comedendi.
1547 2710 1767 2783 lstainsuperiori-

157 2821 218 2860 cem
233 2803 302 2858 satis
315 2798 616 2871 abundequeQuidam
632 2797 716 2851 etiam
731 2798 957 2855 somniandoiin·
999 2791 1051 2847 bus
1066 2794 1193 2864 Apostoli
1208 2795 1299 2849 serbis
1311 2797 1444 2866 pendent,
1461 2797 1508 2851 ubi
1523 2798 1592 2854 dicit
1614 2802 1701 2855 omnia
1723 2815 1765 2871 que

156 2898 229 2964 gunt
242 2890 317 2963 quod
332 2894 417 2944 tantae
427 2887 571 2958 parvitatis
583 2884 669 2939 fuerit
681 2885 729 2938 ille
738 2885 859 2955 lapis‚ut
867 2886 957 2943 Maria
997 2882 1101 2937 Judaeis
1126 2884 1306 2954 contigerunt
1321 2885 1349 2938 in
1378 2892 1475 2940 nostra
1498 2888 1592 2957 ligura
1612 2889 1763 2960 prmum,

157 2997 238 3037 soror
250 2979 341 3051 Moysi
354 2976 525 3033 ferretillum
538 2975 567 3028 in
578 2980 688 3045 pectore
702 2990 753 3028 suo
768 2976 956 3045 perillamva-
998 2970 1071 3024 sicut
1081 2976 1110 3024 et
1116 2973 1263 3042 sequentia
1271 2974 1495 3033 manifestantet
1504 2974 1533 3028 in
1542 2981 1665 3032 nostram
1674 2978 1763 3033 salutm

155 3079 229 3129 stam
243 3069 433 3127 solitudinem.
448 3065 502 3120 Sed
516 3064 557 3118 illi
572 3063 701 3134 quitatio
722 3064 896 3135 confingunt,
913 3063 953 3120 di·
963 3068 984 3127 c
996 3059 1101 3129 scripta
1115 3076 1185 3127 esse,
1201 3065 1296 3115 utnon
1305 3062 1394 3116 simus
1411 3063 1642 3133 concupiscentes
1655 3067 1762 3120 malorum

154 3161 285 3227 cantubi,
297 3156 446 3230 etquando
458 3151 812 3222 relquomodosecundum
823 3152 949 3208 litteram
991 3146 1118 3202 ciborum
1131 3149 1327 3221 vitiorumque.
1347 3151 1471 3214 Quaestio
1488 3158 1541 3219 est,
1556 3152 1764 3209 cumJndeinol
1804 3140 1807 3161 ¹

154 3252 303 3324 impletum
312 3247 357 3310 sit,
373 3240 608 3316 quodsecundum
618 3240 952 3312 Septuaginminterpre-
995 3236 1144 3292 titudinem
1159 3238 1326 3293 animalium
1340 3245 1369 3303 et
1383 3256 1515 3310 pecorum
1530 3258 1627 3296 seeum
1647 3243 1761 3306 heberent,
1803 3250 1807 3275 ι

155 3346 198 3395 tes
207 3339 236 3394 in
244 3336 353 3393 cantico
365 3331 455 3403 Moysi
467 3329 605 3383 habetur:
620 3327 691 3391 Quia
702 3333 839 3382 suxerunt
851 3330 906 3383 rnel
917 3329 952 3384 de
994 3340 1080 3394 quare
1092 3325 1285 3381 desiderarent
1293 3344 1402 3392 carnea,
1417 3335 1445 3383 et
1456 3345 1544 3400 quare
1555 3333 1763 3387 noncomederert
1805 3342 1807 3399 j

155 3434 248 3501 petra,
258 3426 406 3494 oleumque
416 3420 451 3475 de
467 3420 549 3473 firma
563 3422 651 3488 petra,
668 3422 696 3471 et
710 3422 777 3471 tunc
786 3417 953 3487 prebendas
992 3417 1285 3473 carnesanimaliumi
1298 3421 1366 3484 Qua
1377 3421 1430 3476 hoc
1440 3421 1524 3476 modo
1534 3423 1761 3495 solritur,quianm
1804 3410 1807 3419 '

154 3532 287 3573 assensus
293 3512 367 3584 quod
376 3518 473 3566 secuta
484 3508 520 3562 sit
530 3523 578 3561 eos
586 3511 666 3578 petra
676 3505 688 3558 l
698 3507 735 3560 ht
743 3522 952 3576 cumnusquam
993 3501 1190 3559 desiderabant
1199 3505 1239 3559 illi
1252 3522 1351 3562 carnes
1366 3524 1509 3579 pecorum,
1524 3511 1574 3565 sed
1584 3529 1678 3567 carnos
1694 3510 1761 3565 anun

155 3607 185 3660 in
194 3605 290 3660 Veteri
300 3603 479 3657 Testamento
493 3598 546 3651 hoc
570 3596 675 3650 iactum
695 3595 812 3665 reperiri
838 3597 951 3666 poterit,
994 3592 1315 3664 concupiebant‚quibus
1329 3596 1612 3653 solitiiueruntvesci
1624 3599 1760 3670 inAEgypte.

157 3684 954 3756 submittuntvocemctinclinentauremutspiritualiter
994 3678 1075 3733 Nilus
1084 3681 1159 3734 enim
1168 3682 1312 3745 lluvius,in
1322 3683 1529 3740 littoribussuis
1539 3686 1762 3758 etpaluetribmlo

156 3784 212 3838 ista
222 3783 370 3853 penetrare
378 3773 633 3844 valeant,quoniam
645 3773 767 3826 litteram
778 3774 807 3827 in
820 3774 864 3827 his
873 3774 953 3845 sequi
994 3767 1033 3821 cis
1048 3770 1138 3823 multa
1148 3772 1352 3840 generantium
1362 3773 1487 3837 habetet
1496 3775 1764 3847 taliaqualianonha·

156 3888 214 3927 non
226 3873 353 3943 possunt.
369 3867 453 3930 Nam,
464 3863 537 3918 sicut
551 3862 679 3916 teucros
694 3862 897 3928 tradunt,0rob
908 3880 954 3933 pe.
994 3856 1096 3913 bentur
1105 3860 1261 3915 incircuitu
1271 3861 1391 3916 aliorum
1403 3862 1761 3936 fluminum-Fugientem

156 3969 203 4018 tra
217 3977 302 4033 quam
313 3956 424 4028 Moyses
431 3951 580 4026 percussit,
591 3954 722 4005 monsest
732 3950 954 4022 lapideus,cujus
994 3949 1250 4019 concupiscentiam
1260 3951 1407 4017 malam,et
1417 3967 1577 4021 pugnemus
1586 3951 1762 4011 commin

156 4053 231 4107 latus
245 4045 380 4120 percussit
396 4044 514 4114 Moyses.
536 4040 711 4111 Quapropter
734 4039 836 4093 melius
859 4046 902 4094 est
921 4045 953 4095 ut
994 4042 1130 4106 quantum
1140 4039 1275 4104 valemus,
1291 4038 1357 4110 quia
1371 4043 1413 4101 tut
1425 4039 1761 4114 beatushugustiuuadia'tl

155 4137 320 4208 spiritaliter
347 4133 401 4185 ista
420 4130 619 4198 intelligamus,
644 4127 718 4180 sicut
742 4133 770 4181 et
796 4128 950 4198 superiora.
994 4130 1021 4178 ct
1035 4125 1065 4180 in
1079 4125 1280 4197 nobisquoque
1294 4128 1483 4198 experimento
1498 4131 1620 4200 probare
1632 4144 1761 4204 pomona

156 4226 237 4281 Unde
250 4227 279 4276 et
293 4219 444 4291 Apostolus
457 4215 612 4287 spiritalem
627 4213 751 4286 appellat
764 4216 891 4269 eamdem
906 4234 952 4288 pe·
993 4213 1059 4282 quia
1073 4230 1123 4285 per
1132 4214 1384 4286 concupiscentiam
1403 4217 1507 4271 malam
1522 4220 1620 4275 omnia
1628 4220 1698 4275 mla
1710 4218 1762 4271 sm

155 4319 230 4369 tram
247 4309 314 4382 quia
336 4305 501 4377 spiritaliter
523 4306 566 4357 est
586 4302 778 4371 intelligenda.
807 4303 1761 4399 SignificatDutquepatmntur.Concupiscentiamautemmalamidet

154 4402 231 4459 enim
246 4399 400 4460 Chss'slums
416 4394 489 4449 Sicut
498 4391 645 4463 sequentia
654 4391 851 4451 manifestant:
870 4397 951 4450 Petra
991 4390 1058 4454 disi,
1074 4392 1140 4462 quia
1152 4398 1195 4447 est
1213 4398 1242 4447 et
1253 4393 1480 4464 concupiscentia
1500 4394 1585 4464 bona,
1601 4397 1636 4452 de
1653 4414 1703 4468 qua
1713 4391 1761 4449 dic't

154 4497 258 4556 autem,
271 4487 375 4559 inquit,
385 4489 444 4539 erat
458 4482 593 4538 Christus.
609 4480 758 4546 Nondirit
775 4488 856 4552 petra
866 4482 950 4554 signi·
992 4480 1140 4535 Salomon:
1158 4484 1223 4546 Fili,
1240 4486 1396 4551 concupisce
1419 4486 1589 4552 sapientiam
1612 4487 1690 4557 (Eccl-
1702 4480 1760 4552 illl

152 4581 255 4638 srcobat
266 4577 419 4639 Christum,
429 4571 478 4627 sed
490 4576 626 4641 tanquam
638 4571 667 4623 in
677 4569 795 4624 veritate
810 4577 884 4625 esset
898 4589 948 4642 pe·
990 4568 1156 4622 Psalmista:
1174 4570 1334 4639 concupiuit
1344 4573 1443 4625 anima
1453 4588 1515 4626 mea
1524 4570 1760 4644 dmtderarejmtit·

84 4673 87 4682 “
151 4679 197 4727 tra
207 4668 345 4733 Christus,
356 4680 421 4719 cum
437 4662 535 4732 utique
546 4675 596 4730 per
607 4657 793 4713 substantiam
808 4674 864 4713 non
876 4667 950 4717 esset
989 4661 1108 4711 cationes
1128 4664 1190 4712 tuas
1207 4661 1289 4729 (Psat.
1306 4661 1410 4726 exstit).
1433 4661 1668 4733 Concupiscentia
1687 4665 1757 4716 antea

149 4761 198 4816 sed
206 4777 257 4833 per
265 4752 508 4828 significationem.
521 4748 657 4804 Similiter
665 4747 781 4817 loquens
796 4747 830 4801 de
840 4748 948 4804 duobus
988 4746 1064 4799 mala
1073 4751 1190 4817 estque
1201 4748 1328 4818 suggerit
1337 4747 1418 4802 nobis
1429 4747 1755 4823 utconcupiscamurcibtt

149 4848 212 4902 siliis
231 4847 359 4911 Abrahae,
374 4859 429 4897 non
448 4839 526 4904 dixit,
540 4837 599 4891 haec
613 4835 773 4907 significant
787 4836 947 4892 duoTesta-
988 4834 1099 4889 illicitos
1111 4836 1227 4890 etultra
1246 4837 1371 4904 modum,
1389 4842 1422 4892 ut
1435 4837 1573 4895 iaciamus
1593 4838 1751 4897 huntedun.

149 4939 254 5000 menta,
270 4933 334 4987 sed:
358 4933 418 4986 llec
437 4933 503 4984 sunt
526 4928 580 4981 duo
611 4927 789 4980 Testamenta.
817 4924 946 4980 Christus
987 4923 1139 4983 sartumut
1148 4931 1342 4996 perpetremus
1355 4926 1571 4996 adulationes
1583 4926 1751 4996 muratus*

148 5039 214 5091 ergo
225 5038 275 5092 per
287 5019 519 5090 significationem
535 5020 651 5087 propter
663 5015 825 5068 firmitatem
841 5018 884 5067 cst
895 5031 944 5084 pe·
986 5011 1072 5065 modi.
1090 5013 1212 5083 Ideoque
1224 5015 1375 5085 Apostolus
1390 5016 1485 5070 rolens
1507 5033 1560 5074 nos
1578 5010 1751 5075 solhcitesrel·

146 5117 200 5175 tra,
216 5125 272 5162 non
286 5124 337 5179 per
351 5106 551 5173 substantiam
568 5110 597 5159 et
618 5119 693 5174 aqua
719 5103 768 5156 illa
793 5119 855 5174 qum
872 5103 943 5156 llae-
984 5099 1061 5166 dere,
1075 5100 1162 5155 donat
1172 5101 1252 5156 nobis
1266 5103 1425 5174 exemplum
1435 5103 1550 5161 illorum
1563 5096 1751 5173 Judaorunqa'

143 5198 193 5253 bat
204 5214 237 5253 ex
252 5201 334 5268 petra
344 5193 520 5264 significabat
530 5193 687 5247 doctrinam
703 5191 806 5246 Christi
826 5195 855 5246 et
876 5207 942 5261 gra-
983 5205 1033 5258 pcr
1043 5191 1299 5260 concupiscentiam
1315 5192 1493 5248 offenderunt
1506 5191 1751 5256 Deuminerenue

141 5287 211 5342 tiam
222 5283 344 5355 Spiritus
357 5280 457 5346 sancti,
473 5280 507 5334 de
522 5296 577 5348 qua
589 5281 648 5351 ipse
661 5280 689 5334 in
704 5279 872 5348 Evangelio:
889 5280 942 5344 Oui
982 5278 1136 5348 perierunt.

139 5380 209 5443 sitit,
223 5376 316 5429 ueniat
329 5372 366 5424 ad
378 5385 420 5422 rrae
434 5375 457 5422 et
475 5370 548 5421 hibat
564 5369 651 5435 (toan.
661 5370 716 5439 vn),
731 5373 784 5423 etc.
800 5366 940 5438 Spiritalis
1017 5369 1106 5436 lt'eqru
1115 5368 1524 5438 idolotatreesflctamini,sieut
1531 5375 1753 5442 eunomiumne.

137 5481 249 5540 quoque
263 5468 292 5517 et
302 5473 476 5528 consequens
489 5461 570 5528 petra
589 5456 700 5521 dicitur,
715 5457 781 5528 quia
794 5457 938 5513 Christum
981 5457 1120 5512 Subaudis
1135 5458 1183 5529 qui
1198 5458 1317 5514 vitulum
1330 5459 1489 5515 adorabant
1499 5462 1537 5516 ad
1553 5470 1679 5521 montem
1688 5459 1755 5520 sinui

130 5557 354 5631 subsequentem
363 5546 528 5622 spiritaliter
538 5543 722 5626 significabat.
735 5546 777 5602 ile
792 5561 848 5618 qua
857 5550 939 5618 petra
980 5546 1218 5614 Quemadmodum
1227 5552 1365 5618 seriptum
1378 5554 1428 5617 est,
1438 5549 1575 5609 inlixodo
1586 5571 1594 5608 :
1607 5556 1671 5611 idos
1680 5553 1759 5611 Creu
