3818 6104
356 247 548 307 uxrosmo
566 248 608 306 IN
627 251 704 307 EPP.
726 253 753 309 S.
775 253 894 310 PAULI.
916 279 948 295 -
967 251 1007 309 IN
1025 250 1137 308 EPIST.
1156 250 1205 307 An
1224 249 1304 307 GOL.
1597 248 1652 308 758

109 385 146 441 m,
154 371 463 443 quiefactusmediator
472 378 568 429 noster
575 374 690 432 abstulit
697 382 843 450 peccataA
852 396 905 449 qao
920 384 1007 434 totum
1024 393 1122 447 corpas
1136 378 1379 445 subministratur,
1396 377 1426 437 id
1439 381 1484 435 est
1497 376 1648 435 multitudo

121 476 185 533 qua
202 461 283 532 quasi
295 460 325 516 iu
342 461 434 517 medio
447 468 529 518 erant
546 465 657 536 quando
668 483 720 522 nos
732 485 811 540 sepa·
850 473 1012 523 sanctorum
1033 468 1198 538 angelorum
1219 472 1248 522 et
1268 467 1421 523 multitudo
1435 467 1581 522 hominum
1596 482 1648 522 au·

109 563 142 603 ;a
155 547 223 603 Deo.
849 562 1022 627 gmentatur.
1035 558 1070 612 lit
1083 557 1256 613 construitur
1263 572 1316 626 per
1325 572 1421 624 mus,
1436 556 1466 611 id
1480 560 1524 612 est
1536 554 1649 627 copula·

109 638 209 692 totiaco
213 640 401 707 principatus,
410 637 438 693 id
447 639 680 697 estdaemcniacas
688 647 810 715 potesta·
850 646 941 701 hones
957 650 986 701 et
1006 645 1192 701 connexiones
1212 651 1243 703 et
1263 646 1485 717 conjunctiones,
1500 647 1649 713 crescitque

109 725 233 799 vpoliavit
249 726 396 783 animabus
418 729 563 784 hominum
579 736 765 798 mortuorum,
781 737 810 788 et
849 735 906 789 sive
920 739 1041 806 augetur
1052 738 1083 790 in
1101 739 1283 804 augmentum
1300 736 1359 790 Dei.
1373 734 1452 789 Sicut
1464 749 1532 806 ergo
1546 749 1648 807 corpus

109 819 178 872 vtem
200 814 235 869 de
250 817 303 870 hoc
322 816 427 872 mundo
448 818 610 886 auferendo,
627 827 652 874 ct
667 827 809 890 potestates
849 824 1021 879 construitur
1034 841 1066 879 ex
1081 824 1178 880 multis
1190 823 1325 879 membris
1339 823 1491 895 multisque
1502 824 1648 896 compngi-

109 904 151 971 n't,
160 904 191 962 id
201 909 244 960 est
253 906 396 976 superavit
405 923 469 961 curn
479 907 591 972 fiducia,
600 912 697 977 potam
709 913 808 965 triom-
849 911 910 980 bus,
924 913 965 968 ita
976 929 1009 968 ex
1025 913 1120 969 multis
1132 912 1276 985 gentibus,
1289 912 1442 985 multisque
1451 912 1600 985 provinciis
1612 929 1646 969 ac

111 993 175 1049 illos
189 996 221 1047 io
235 997 384 1064 semetipso,
401 995 466 1066 quia
480 1013 531 1068 per
544 1013 574 1051 se
588 998 656 1053 vixit
673 998 808 1054 innocen·
850 1001 946 1056 multis
959 1000 1110 1073 generibus
1122 1001 1267 1056 hominum
1282 1007 1482 1072 augmentatur
1493 1007 1523 1058 st
1535 1002 1644 1070 meant,

111 1080 206 1155 palam
219 1088 262 1137 est
270 1083 428 1138 crucifixus.
439 1084 636 1157 Triumphum,
649 1088 806 1154 devincens,
849 1089 960 1160 quando
972 1089 1097 1160 quotidie
1112 1105 1246 1145 numerus
1260 1088 1385 1144 fidelium
1400 1089 1509 1145 crescit.

109 1185 146 1226 ns
154 1169 185 1225 in
194 1170 345 1242 semetipso
355 1172 456 1227 iisdem
466 1173 557 1229 modis
567 1175 807 1245 quibusdixirnus.
884 1175 917 1230 Si
926 1179 1032 1230 mortui
1042 1179 1104 1231 estis
1114 1192 1177 1230 curn
1186 1174 1648 1249 Christasubaudisternporebap«

109 1274 128 1327 o
141 1274 207 1328 erpo
218 1276 262 1313 cos
270 1263 387 1330 judicet,
400 1260 429 1315 id
444 1267 487 1317 est
499 1263 604 1318 nullius
615 1264 752 1335 judicium
763 1270 807 1320 at·
847 1262 978 1328 tismatis,
989 1265 1025 1318 cb
1033 1266 1172 1318 sternentis
1187 1263 1272 1334 hujus
1288 1265 1398 1332 mandi,
1411 1264 1440 1319 id
1449 1270 1493 1319 est
1501 1264 1644 1321 erroribus

109 1345 181 1403 isin
202 1348 254 1403 hac
275 1355 355 1420 parte
370 1367 376 1402 :
394 1355 425 1404 ut
448 1349 614 1407 abstineatis
634 1351 670 1406 ab
687 1353 807 1426 hisquae
848 1352 1022 1424 pompisque,
1031 1354 1099 1422 quid
1108 1352 1339 1421 adhortonqacm
1354 1356 1470 1407 viventes
1482 1357 1514 1407 in
1528 1355 1645 1424 mondo,

109 1437 319 1493 laudavitNam
328 1441 806 1512 nonqoodintrctinos,coinquinat
847 1439 982 1496 subaudis
995 1441 1025 1497 in
1037 1441 1151 1503 mundo,
1169 1442 1325 1509 demendis,
1339 1440 1369 1495 id
1382 1445 1426 1496 est
1439 1457 1489 1496 cur
1498 1441 1646 1498 dometic-

109 1542 147 1582 tm
160 1528 270 1596 (liutto.
288 1528 343 1597 xv).
365 1531 398 1583 In
413 1529 472 1583 cibo
493 1535 543 1583 aut
561 1533 593 1584 io
609 1535 687 1599 potu,
703 1537 753 1586 out
775 1535 806 1586 in
848 1546 913 1584 nem
933 1529 1024 1584 facitis
1044 1529 1119 1584 inter
1137 1528 1221 1584 cibos.
1238 1527 1349 1584 Aliter:
1365 1528 1395 1584 Si
1409 1529 1514 1584 mortui
1528 1529 1596 1585 estis
1610 1528 1646 1585 ab

109 1614 156 1669 liei
168 1614 240 1683 sesti,
257 1615 382 1670 dicentes
396 1616 467 1671 alios
482 1616 542 1671 dies
556 1617 642 1672 testes
655 1634 725 1673 esse.
742 1619 807 1674 Dies
848 1618 994 1673 elementis
1004 1617 1208 1690 hujusmundi:
1222 1618 1363 1672 elementa
1370 1618 1469 1673 mundi
1478 1618 1647 1685 suntomnia

109 1708 154 1759 :et
166 1703 282 1759 sabbata
297 1704 446 1760 observant
458 1707 628 1777 quiescendo
643 1725 660 1762 a
681 1708 765 1775 vitiis,
779 1713 838 1788 etB
848 1707 1005 1778 corporalia
1020 1712 1050 1762 et
1069 1705 1190 1762 visibilia
1204 1711 1233 1761 et
1256 1706 1430 1762 transitoria.
1447 1706 1565 1771 Quando
1578 1723 1646 1764 vero

109 1791 177 1849 indo
192 1792 227 1849 de
242 1791 314 1847 vitiis
329 1793 365 1847 ad
378 1792 507 1849 virtutes.
846 1797 965 1867 gentiles
980 1796 1070 1851 Deum
1082 1796 1292 1867 ignoraverunt,
1311 1795 1458 1851 elementis
1472 1796 1571 1851 mundi
1584 1812 1644 1852 ser·

116 1888 183 1939 sont
200 1886 300 1938 urnbro
316 1886 491 1952 futurorum,
503 1885 638 1941 subaudis
651 1887 747 1942 omnia
761 1904 807 1943 sn·
845 1885 1034 1958 vieruntquia
1043 1885 1098 1939 illis
1108 1882 1268 1938 serviebant
1278 1883 1648 1941 eteaadorabant.Venien·

112 1970 190 2028 dicta
203 1973 238 2027 de
252 1972 313 2028 cibo
327 1979 356 2029 et
367 1979 446 2045 potu,
463 1991 524 2047 quae
538 1975 567 2030 in
580 1976 642 2046 lege
655 1975 805 2044 habentur,
846 1978 888 2028 tes
911 1979 1005 2029 autem
1026 1973 1061 2028 ad
1085 1973 1170 2028 fldem
1191 1972 1296 2028 mortui
1312 1977 1379 2038 sunt¹
1402 1973 1548 2029 elementis
1561 1972 1645 2044 hvrjus

109 2090 119 2133 ι,
129 2066 198 2119 eunt
219 2062 339 2117 aliarum
361 2078 455 2117 rerum
472 2080 532 2135 quae
556 2064 586 2119 in
607 2064 719 2120 christo
735 2071 765 2120 et
777 2066 806 2120 in
847 2062 955 2131 mundi,
966 2063 996 2118 id
1010 2068 1054 2119 est
1065 2060 1207 2118 erroribus
1217 2066 1246 2119 et
1255 2061 1512 2134 superstitionibus,
1529 2061 1587 2117 sive
1600 2078 1646 2118 va·

109 2150 274 2223 sccmpleta
283 2157 358 2218 sunt,
368 2157 397 2206 et
406 2152 591 2225 complentur.
600 2154 703 2222 Oorpos
712 2159 806 2209 cutem.
847 2153 897 2208 riis
920 2160 950 2207 et
974 2152 1053 2206 vanis
1077 2150 1205 2213 culturis.
1229 2150 1461 2207 abrenuntiantes
1482 2149 1593 2206 diabolo
1616 2156 1645 2207 et

110 2238 165 2306 ,id
185 2244 228 2294 est
241 2240 343 2295 veritas
360 2244 389 2294 et
404 2257 504 2312 corpus
522 2241 634 2297 illarum
654 2259 749 2298 rerum
765 2245 806 2299 vel
848 2241 977 2297 omnibus
986 2241 1095 2313 pompis
1105 2241 1165 2311 ejus
1172 2245 1257 2312 atque
1265 2238 1407 2295 erroribus
1414 2239 1646 2311 ejus.Possumus

109 2343 179 2396 rum,
191 2329 321 2385 Christus
335 2334 379 2385 est
392 2336 420 2384 et
430 2329 561 2385 Ecclesia.
575 2331 661 2386 Erant
672 2331 747 2388 enirn
759 2333 774 2387 J
777 2349 807 2387 u·
847 2335 942 2386 summ
953 2336 982 2385 et
993 2346 1044 2402 per
1056 2330 1196 2385 elementa
1206 2329 1304 2384 mnndi
1312 2328 1472 2400 intelligere
1482 2328 1572 2400 legem
1583 2343 1646 2401 quse

109 2416 278 2474 ivoluerunt
287 2419 372 2473 simul
384 2417 532 2474 observare
541 2419 632 2491 legem
643 2424 673 2475 et
683 2421 806 2493 Evange·
846 2418 1025 2493 precipiebat
1039 2418 1238 2474 discretionem
1251 2417 1344 2473 iacere
1357 2417 1432 2473 inter
1447 2433 1532 2491 pecus
1548 2422 1577 2473 at
1594 2433 1645 2490 pe·

109 2510 123 2563 t
135 2507 188 2580 ipsi
200 2506 357 2562 suadebant
371 2506 582 2562 colossensibus
592 2507 696 2563 similia
709 2524 802 2580 agere,
846 2526 904 2576 cus,
918 2513 947 2564 et
958 2508 1034 2563 inter
1046 2506 1123 2563 cibos
1137 2513 1165 2562 et
1179 2507 1263 2562 cibos.
1277 2507 1331 2562 Sed
1344 2511 1493 2579 postquam
1508 2506 1645 2562 Dominus

109 2610 124 2667 t,
138 2596 169 2653 iu
187 2596 406 2663 circumcisione,
422 2597 452 2652 in
467 2596 654 2653 celebratione
668 2596 804 2653 festivita-
845 2598 933 2654 dixit:
952 2598 1015 2654 Non
1029 2597 1101 2666 quod
1114 2599 1206 2651 intrat
1218 2599 1250 2650 tn
1268 2610 1306 2663 os,
1325 2598 1489 2665 coinquinat
1503 2595 1643 2651 bominem

109 2685 219 2759 galium.
242 2685 378 2742 Dicebant
392 2685 489 2742 enim:
510 2686 584 2741 Estis
599 2685 741 2758 baptizati,
758 2686 804 2742 de-
846 2688 952 2758 (notro.
978 2688 1036 2755 xv),
1056 2685 1152 2740 statim
1171 2684 1263 2740 omnis
1280 2683 1330 2739 illa
1356 2683 1488 2738 discretio
1505 2683 1634 2741 emsaut.

109 2775 259 2843 rcumcidi,
272 2775 499 2831 communicastis
506 2776 566 2846 jam
577 2776 687 2848 corpori
701 2781 730 2831 et
741 2792 804 2831 san-
843 2775 924 2830 Unde
934 2773 1002 2830 dicit
1010 2772 1162 2846 Apostolus
1171 2771 1343 2827 tamJudreis
1353 2786 1438 2843 quam
1449 2770 1598 2844 gentibus:
1611 2771 1642 2827 Si

109 2864 212 2933 onim,
221 2864 328 2920 debetis
337 2864 472 2919 sacrificia
481 2865 584 2935 legalia
593 2865 703 2933 offerre,
712 2882 802 2921 come·
842 2863 947 2919 mortui
961 2863 1029 2918 estis
1042 2878 1106 2918 cum
1121 2861 1232 2917 Christo
1247 2859 1283 2916 ab
1297 2860 1451 2927 elementis,
1466 2860 1495 2916 id
1509 2863 1553 2916 est
1566 2875 1642 2916 erro·

109 2952 192 3010 thetis
206 2970 268 3025 quae
291 2955 334 3008 lex
350 2954 485 3025 praecipit,
509 2959 537 3008 et
552 2953 693 3009 abstinere
706 2954 742 3010 ab
757 2955 801 3010 his
843 2955 921 3010 ribus
934 2958 1019 3026 atque
1043 2952 1151 3025 pompis
1165 2956 1201 3007 'et
1214 2951 1294 3006 vanis
1316 2950 1500 3022 religionibus
1513 2957 1641 3024 tempore

109 3042 227 3099 olibet:
243 3049 271 3098 et
285 3044 309 3097 si
330 3042 462 3097 ceciderit
476 3059 538 3098 mus
553 3043 582 3097 in
597 3048 723 3115 puteum,
744 3061 801 3101 non
842 3043 1031 3115 baptismatis,
1047 3041 1114 3114 quid
1129 3041 1221 3098 adhuc
1234 3040 1433 3096 discretionem
1451 3040 1543 3097 facitis
1562 3039 1640 3098 cibo·

117 3129 223 3187 bibere.
233 3131 287 3185 Sed
296 3137 328 3185 ut
337 3130 372 3185 ab
382 3130 436 3184 illis
447 3146 503 3185 non
513 3131 722 3195 seducerentur,
735 3132 800 3187 scri·
841 3149 913 3195 rum,
925 3147 989 3187 cum
999 3131 1074 3186 Deus
1084 3129 1179 3185 omnia
1190 3129 1297 3185 munda
1308 3145 1369 3185 esse
1384 3129 1502 3185 dixerit?

109 3220 249 3293 lpestclus
263 3219 304 3275 eis
325 3219 401 3283 talia,
419 3219 485 3291 quia
507 3220 536 3274 in
551 3220 663 3274 Domini
678 3221 799 3276 adventu
875 3223 915 3277 Ne
931 3223 1082 3290 tetigeritis,
1094 3235 1180 3289 neque
1193 3221 1379 3287 pusmvcritis,
1392 3225 1640 3290 osquscontrcctc·

109 3309 246 3365 mundata
266 3315 341 3375 sunt,
357 3316 386 3364 et
406 3308 524 3364 cessavit
537 3309 581 3364 lex
597 3309 626 3364 in
645 3311 797 3381 mysteriis.
839 3313 944 3365 ceritis.
961 3310 1026 3366 llaec
1038 3325 1090 3364 vox
1103 3307 1218 3364 illorum
1231 3313 1275 3363 est
1288 3307 1336 3380 qui
1351 3307 1483 3365 dicebant
1498 3326 1504 3362 ε
1519 3309 1562 3366 Na
1572 3311 1640 3367 teti-

109 3413 177 3453 ooos
188 3400 306 3463 seducat,
323 3398 365 3452 vel
383 3404 495 3470 separet
508 3416 525 3454 a
538 3399 602 3466 tide,
616 3402 716 3466 colcos,
731 3398 799 3455 sub·
838 3399 947 3471 geritis,
959 3414 995 3455 ne
1005 3397 1246 3454 contrectaveritis
1259 3402 1412 3465 mortuum,
1424 3414 1517 3470 neque
1529 3399 1639 3455 scabel-

109 3500 155 3555 us,
166 3490 197 3542 io
211 3489 378 3554 humilitate,
394 3488 527 3543 subaudis
542 3504 640 3543 sensus
652 3487 792 3561 decipere.
838 3487 897 3543 lum
907 3486 956 3543 ubi
965 3487 1039 3543 sedit
1048 3487 1151 3543 mulier
1161 3491 1345 3552 menstruata,
1357 3485 1423 3558 quia
1432 3487 1571 3544 immundi
1582 3489 1638 3543 eri·

109 3575 239 3633 sdicitur
252 3576 332 3631 humi
345 3577 475 3632 acclivus.
491 3578 594 3632 volens
608 3594 656 3632 vos
670 3577 798 3651 decipere
837 3578 884 3644 tis,
899 3593 991 3650 neque
1008 3576 1188 3648 gustaveritis
1200 3591 1313 3630 carnem
1325 3575 1436 3631 suillam
1451 3591 1543 3646 neque
1557 3575 1639 3649 lepo-

109 3664 212 3734 ilitate‚
222 3665 250 3719 id
261 3670 305 3720 est
315 3665 415 3720 humili
425 3683 508 3720 sensu
522 3673 550 3722 et
559 3666 658 3721 humili
667 3668 796 3722 doctrina
838 3667 939 3735 rinam,
954 3665 1020 3738 quia
1031 3664 1179 3721 immunda
1193 3668 1245 3730 est,
1259 3668 1288 3719 et
1301 3668 1402 3718 catera
1413 3664 1492 3719 talia.

109 3754 226 3811 ilitatem
240 3770 297 3809 non
311 3754 404 3819 habet,
415 3756 487 3810 sicut
496 3761 540 3811 est
553 3756 583 3810 in
592 3756 750 3811 differentia
759 3757 796 3812 ci·
874 3756 936 3822 Qua
950 3758 1055 3820 omnic,
1067 3752 1200 3809 subaudis
1210 3769 1272 3826 quae
1285 3752 1329 3808 lex
1342 3752 1470 3807 concedit
1479 3769 1530 3808 seu
1539 3753 1636 3826 prohi-

112 3849 143 3899 et
156 3843 191 3898 de
204 3843 406 3898 observatione.
423 3846 455 3898 lit
472 3848 604 3912 reiigione
619 3847 793 3913 araneorum,
836 3842 968 3912 bet‚sunt
978 3844 1233 3910 inr‘ntcrv'tumipso
1243 3855 1307 3908 usu,
1319 3840 1402 3895 idest
1412 3840 1637 3913 ipsaconsuetu·

109 3933 250 3989 ocultura
264 3934 437 4004 angelorum.
453 3935 540 3988 Erant
553 3933 712 4005 philosophi
724 3950 794 4005 gen·
836 3930 902 3986 dine
915 3930 1016 3986 edendi
1026 3930 1057 3985 in
1066 3929 1213 3984 interitum
1224 3929 1268 3984 sui
1282 3929 1397 3996 vadunt,
1408 3931 1475 4002 quia
1485 3931 1635 3989 instemus

109 4021 213 4094 aliqui
226 4022 387 4077 ludaeorum
407 4023 455 4094 qui
469 4021 599 4077 dicebant
613 4037 619 4072 :
638 4023 716 4078 Sicut
729 4030 795 4079 sunt
835 4020 1003 4092 rediguntur
1016 4019 1111 4073 omnia
1131 4017 1227 4073 statim
1250 4023 1284 4073 ut
1296 4024 1420 4073 comesta
1432 4019 1547 4076 tuerint.
1571 4021 1636 4090 Qus

109 4112 280 4181 relementa,
292 4112 332 4166 ita
341 4119 408 4166 sunt
421 4117 541 4182 quatuor
551 4112 653 4182 angeli,
664 4112 711 4184 qui
726 4128 795 4184 prae·
834 4114 900 4164 suot
913 4109 1023 4178 quidem
1037 4110 1175 4162 rationem
1190 4107 1320 4162 habentia
1334 4110 1484 4176 sapientia,
1499 4108 1635 4167 subaudis

109 4201 196 4274 agulis
208 4201 363 4257 elementis.
372 4202 406 4255 Hi
417 4218 482 4272 ergo
491 4200 621 4256 dicebant
630 4201 665 4255 ad
674 4202 735 4256 ilios
746 4202 793 4273 qui
835 4197 993 4265 mundana,
1002 4197 1153 4251 secondom
1160 4201 1294 4266 precepto
1303 4201 1328 4250 ct
1337 4196 1464 4253 doctrino
1475 4199 1632 4271 bominum,

109 4296 174 4347 rant
184 4291 449 4362 volentesapparere
459 4289 597 4361 religiosi:
611 4290 676 4361 quia
687 4307 794 4362 quua·
835 4287 864 4341 id
884 4290 927 4341 est
941 4285 1094 4341 secundum
1117 4284 1298 4341 traditionem
1314 4284 1473 4342 Scribarum
1484 4292 1513 4342 et
1532 4288 1634 4345 Phari·

109 4369 964 4452 mentisconstatis,debetisangelisillisquiprae-Dsaeorum.
984 4380 1013 4430 et
1034 4373 1187 4430 secundum
1210 4374 1275 4430 illos
1295 4374 1344 4447 qui
1363 4391 1448 4432 causa
1461 4376 1633 4435 infirmitatis

109 4470 343 4540 montisaliquam
352 4471 525 4523 culturamet
535 4468 672 4523 sacrificia
681 4469 791 4528 offerre.
833 4466 979 4521 noluntas
992 4465 1148 4531 comedere,
1166 4463 1292 4520 dicentes
1305 4479 1311 4512 t
1327 4464 1398 4522 Nolo
1411 4467 1557 4524 comedere
1570 4484 1633 4525 car·

109 4557 132 4614 'u
146 4559 217 4613 nihil
231 4562 302 4623 erat,
319 4558 392 4629 quod
407 4556 545 4624 dicebant,
563 4556 708 4628 subjunxit
720 4561 792 4629 Apo·
834 4571 900 4610 nem
910 4553 1021 4609 suillam
1032 4554 1098 4625 quia
1110 4554 1329 4610 melancholicus
1338 4570 1410 4623 sum,
1423 4570 1514 4626 neque
1523 4558 1633 4628 anguil-

117 4647 181 4717 oua
196 4663 253 4701 non
265 4648 343 4708 cidit,
359 4645 493 4702 subaudis
507 4646 619 4713 docens,
632 4648 790 4713 ambulans,
833 4641 901 4700 lam.
917 4642 972 4698 Sed
986 4642 1042 4697 ista
1055 4643 1193 4714 sapientia
1204 4659 1261 4698 non
1275 4636 1428 4699 secundum
1443 4641 1543 4711 Deum,
1563 4647 1631 4716 quia

109 4737 240 4805 ,inflatas
250 4751 331 4789 senso
341 4737 435 4789 coritis
450 4750 515 4799 sas,
527 4734 622 4808 idest,
633 4735 668 4790 de
682 4751 733 4791 suo
745 4753 791 4790 cr·
832 4747 889 4786 non
898 4730 1021 4803 partinet
1030 4731 1064 4786 ad
1076 4731 1241 4802 religionem
1252 4735 1284 4786 in
1298 4733 1489 4800 superstitione
1501 4735 1527 4785 ct
1538 4732 1631 4788 humi·

112 4823 259 4880 mendacio
273 4823 421 4878 ambulans
446 4823 570 4880 inflatus.
596 4824 635 4879 Ex
650 4824 703 4880 hoc
718 4825 792 4880 enim
835 4824 920 4888 litote,
936 4820 1070 4876 subaudis
1090 4836 1151 4892 qua
1166 4824 1210 4874 est
1229 4819 1314 4874 etiam
1330 4818 1361 4873 in
1375 4818 1584 4891 superstitione,
1600 4821 1630 4879 id

109 4911 244 4969 lebentur
253 4912 359 4986 aliquid
369 4914 450 4982 scire,
459 4912 639 4985 superbiebat
648 4914 678 4969 in
687 4919 790 4982 mente,
833 4915 877 4965 est
887 4926 959 4965 vana
972 4909 1106 4980 religione
1115 4913 1145 4964 et
1154 4908 1296 4980 superfluo
1305 4906 1424 4963 timore:
1439 4907 1492 4964 hoc
1501 4909 1630 4967 estenim
1688 4934 1691 4939 ·

109 5003 791 5092 nslpumilitateminvultu.Vel,sicutaliaeditio
832 4999 1005 5071 superstitio,
1031 4998 1164 5054 subaudis
1187 4996 1301 5052 humilis
1327 5012 1436 5053 sensus.
1465 4998 1631 5072 Supertluus

109 5108 162 5165 luae
172 5108 229 5149 non
243 5093 311 5148 vidit
323 5094 476 5162 inculcans,
493 5093 522 5148 id
534 5098 577 5148 est
589 5093 726 5165 replicans
736 5093 792 5148 tru-
832 5089 1048 5145 timorcstvana
1059 5085 1252 5158 religiosique
1265 5085 1381 5142 humilis
1390 5102 1498 5157 sensus,
1508 5105 1543 5145 sa
1555 5093 1632 5151 nolle

109 5186 154 5239 cet
164 5182 241 5238 enim
254 5183 331 5239 illam
342 5183 507 5253 religionem
523 5182 622 5237 taleam
632 5183 793 5238 vidissenta
834 5178 991 5245 comedere,
1003 5180 1031 5230 et
1040 5175 1132 5230 dicere
1146 5174 1303 5244 immunda,
1314 5192 1377 5249 que
1386 5177 1461 5233 Deus
1470 5180 1629 5239 sanctitica-

109 5270 162 5327 lsnr
171 5272 318 5338 celebrari,
328 5279 425 5328 tamen
439 5273 514 5344 ipsos
526 5272 640 5344 angelos
652 5288 708 5326 non
719 5271 792 5326 vide·
833 5267 872 5322 vit
888 5287 894 5322 ι
911 5266 965 5323 nisi
979 5281 1063 5321 causo
1078 5263 1255 5319 abstinentia
1267 5265 1369 5340 aliquis
1383 5283 1413 5322 se
1426 5267 1461 5323 ab
1477 5269 1521 5325 bis
1534 5269 1630 5328 obser·

109 5377 178 5435 eque
190 5378 225 5417 ea
238 5379 299 5434 quae
314 5363 461 5418 docebant.
832 5362 886 5422 vet,
898 5356 971 5411 sicut
979 5358 1008 5410 et
1019 5370 1036 5408 a
1049 5353 1121 5408 vino.
1133 5352 1201 5419 Quae
1214 5359 1282 5410 sunt
1295 5355 1381 5411 etiarn
1392 5372 1448 5413 non
1463 5360 1500 5413 art
1509 5375 1628 5430 porcen-

109 5466 135 5507 m
147 5455 241 5506 uncos
256 5458 346 5519 capot,
361 5452 389 5506 id
404 5458 515 5506 estnon
531 5452 675 5506 adhaerens
696 5448 790 5521 capiti,
832 5447 899 5498 duro
912 5445 1029 5513 corpori,
1041 5442 1069 5496 id
1081 5446 1188 5499 estnon
1200 5442 1236 5498 ad
1249 5445 1467 5502 conservandam
1479 5447 1628 5502 sanitatem

109 5538 213 5615 bristo,
227 5538 275 5614 qui
284 5544 327 5594 est
337 5540 556 5610 caputornnium
566 5544 738 5595 sanctorum.
750 5537 793 5592 tc
832 5532 956 5632 eprpcris
971 5545 977 5581 t
993 5530 1058 5633 quia
1072 5530 1141 5589 dum
1154 5549 1211 5590 non
1225 5533 1284 5591 vult
1293 5534 1445 5633 ¹conmdere
1466 5549 1528 5607 quo
1545 5532 1630 5592 habet
