3818 6104
127 239 177 297 031
351 240 542 299 Hermonis
559 242 803 302 HALBERSTAT.
819 244 938 303 EPISC.
957 243 1036 301 OPP.
1052 241 1181 305 pansi.
1197 271 1231 282 —
1247 240 1432 298 conum
1451 239 1546 296 BIBL.
1701 244 1737 300 iil

130 366 346 421 reconciliarent
359 382 420 421 nos.
436 367 598 422 sicutenim
610 368 669 439 ipse
682 368 752 423 dixit
763 387 769 423 :
781 368 859 424 Sicut
869 372 925 423 mi·
933 367 1062 429 Alumen
1076 366 1231 432 oculorum,
1242 365 1310 419 dum
1323 365 1349 420 ei
1363 363 1515 420 reducitad
1524 364 1683 421 memoriam
1691 365 1737 425 lu.

130 458 167 509 sit
180 470 223 510 me
235 456 418 524 Paterniana
432 459 514 511 mitto
530 474 574 511 uos
595 459 754 527 (loan.v1):
771 461 817 524 ite,
843 459 930 512 doceto
970 461 1030 510 turn
1045 453 1171 519 Tobiam,
1183 459 1212 508 et
1227 454 1448 508 consolationem
1460 452 1487 508 ei
1511 469 1545 507 ex
1571 452 1624 506 hoc
1645 452 1737 526 aliquan

132 560 225 598 omnes
238 550 329 613 centes
342 545 450 607 (Mallia.
468 546 571 611 ramni.
971 542 1254 614 praestat,exhortatio
1264 542 1392 597 estDnm
1404 541 1480 595 ridet
1489 540 1737 600 etiamaliumdolore

170 636 305 702 Quoniam
320 634 391 687 Deus
405 634 491 688 Pater
502 639 564 690 erut
579 637 610 687 in
624 635 875 689 Christomandom
885 651 931 689 re·
970 632 1059 688 nimio
1074 631 1228 702 constringi
1241 635 1357 702 propter
1369 633 1486 701 peccata
1495 645 1559 694 sua,
1573 630 1737 699 etpencinde·

133 724 346 777 muciliamsiln
360 739 409 792 per
423 722 512 776 illurn.
529 723 603 777 Deus
619 724 745 778 Peterin
765 724 836 779 Filio
858 730 928 791 erat,
971 720 1158 792 sperationem
1169 716 1736 790 lapsum,sirerboautexemploconsolatio

134 818 163 866 et
174 811 260 864 Filius
270 810 299 863 in
313 810 406 877 Patre,
418 811 491 865 sicut
502 811 576 865 idem
592 811 679 866 Filius
689 813 730 865 ait
743 814 812 880 :an
822 815 932 866 etPatcr
972 824 1037 863 nem
1047 807 1162 880 praebet,
1175 824 1211 862 ne
1225 808 1356 879 desperet
1366 806 1648 861 deveniaautsalute
1660 806 1738 865 deusd

133 914 224 953 anum
238 914 335 951 sumus
350 899 439 964 (ioan.
452 899 540 966 xtlit,
554 900 649 967 Eyoin
666 904 757 968 Patre,
769 912 792 953 et
807 903 932 954 Pateria
974 897 1131 967 exemplum
1144 897 1260 954 Mariam
1275 895 1462 960 meretricem,
1474 895 1522 950 cui
1536 895 1665 950 Dominus
1672 897 1739 951 onnia

133 991 229 1040 maest
241 987 331 1050 (ioan.
347 988 411 1046 xm).
423 987 514 1041 Aliter
542 1004 609 1055 ergo
625 993 686 1042 erat
703 987 732 1043 in
755 990 933 1057 christani·
975 992 1090 1057 peccata
1100 985 1209 1039 dimisit
1223 985 1296 1052 (Luc.
1311 999 1368 1053 vni.
1384 985 1565 1039 etlatronem
1582 983 1612 1037 in
1621 999 1698 1048 cruce,
1708 985 1741 1056 qui

134 1088 189 1146 quc
202 1074 285 1128 aliter
294 1073 346 1128 luit
361 1075 390 1128 in
405 1075 549 1146 prophetis
563 1082 591 1130 et
601 1077 735 1148 apostolis
750 1095 799 1148 per
813 1079 933 1149 quoslo-
974 1073 1102 1128 adunam
1112 1089 1206 1128 vocem
1219 1073 1324 1127 meruli
1333 1072 1445 1128 audire:
1462 1074 1548 1128 Hodie
1562 1076 1741 1128 nummasio

135 1163 283 1234 quebutur.
302 1165 335 1218 In
352 1163 408 1217 illis
422 1170 484 1218 erat
498 1182 548 1235 per
556 1166 727 1236 gratiam,in
746 1167 857 1222 Christo
871 1175 933 1221 erat
972 1164 1102 1232 paradiso
1119 1162 1278 1234 (annun),
1294 1161 1452 1216 exhortatio
1475 1160 1550 1215 bona
1569 1165 1599 1214 et
1619 1162 1742 1216 consolatio

134 1269 186 1324 per
201 1252 341 1307 unitatem
359 1252 533 1319 substantiae,
551 1255 617 1325 quia
632 1271 719 1309 unum
738 1262 822 1309 sunt:
853 1272 934 1310 mun·
973 1256 1025 1305 est.
1040 1250 1172 1306 Dicamus
1186 1250 1319 1304 etaliter;
1336 1250 1414 1304 Sicut
1427 1249 1521 1321 posito
1531 1248 1624 1320 aliquo
1637 1248 1665 1303 in
1674 1254 1743 1304 certa·

136 1341 205 1396 dum
220 1340 409 1396 reconciliavit
424 1341 475 1395 sibi
495 1359 546 1412 per
561 1343 714 1407 christum,
726 1343 753 1397 id
767 1351 818 1405 est,
835 1360 933 1399 omnes
974 1339 1051 1393 minc
1065 1338 1201 1408 singulari
1224 1354 1288 1392 cum
1303 1354 1356 1392 suo
1374 1337 1499 1404 inimico,
1513 1337 1582 1392 dum
1596 1337 1622 1391 ci
1631 1337 1691 1392 dicit
1708 1338 1744 1392 ai·

136 1428 353 1501 praedostinatos
361 1429 487 1484 advitam
496 1436 642 1495 aternam,
656 1448 712 1486 non
722 1437 853 1500 reputans
864 1434 931 1496 ill-is,
975 1429 1037 1498 quis
1048 1445 1082 1482 ex
1094 1425 1350 1492 circumstantibus,
1363 1427 1464 1497 Pugna
1477 1426 1599 1493 fortiter,
1621 1427 1673 1481 noli
1685 1427 1745 1480 dobi-

137 1517 226 1572 idest
246 1516 433 1582 credentibus,
446 1525 555 1586 poemia
577 1522 712 1587 ipsorurn,
726 1526 875 1592 postquam
898 1520 934 1574 ad
974 1523 1045 1582 tare,
1061 1517 1118 1570 noli
1140 1515 1268 1583 delicere,
1282 1515 1426 1570 victoriam
1446 1513 1596 1579 obtinebis,
1611 1516 1749 1570 exhortatio

137 1606 223 1661 iidem
234 1610 383 1660 nonerunt:
400 1606 466 1677 quia
480 1607 576 1677 quales
589 1614 673 1662 antea
690 1610 803 1663 fuerant
819 1626 876 1663 non
890 1614 934 1664 at·
976 1622 1041 1660 nem
1056 1605 1082 1659 ei
1095 1603 1201 1677 praebet
1213 1611 1242 1660 et
1255 1603 1417 1659 audaciam:
1432 1604 1528 1675 sicqui
1539 1604 1659 1675 positum
1670 1605 1747 1659 incer·

137 1694 238 1760 tendit,
254 1693 304 1748 scd
319 1693 416 1764 quales
427 1693 515 1749 icturi
529 1701 630 1761 erant3
651 1702 674 1749 ct
692 1700 784 1765 posait
805 1701 836 1752 in
860 1700 936 1752 notis
947 1678 1084 1750 litamine
1098 1694 1177 1750 bona
1189 1694 1360 1766 operationis
1374 1699 1474 1749 contra
1492 1693 1636 1748 diabolum
1658 1699 1685 1748 et
1702 1695 1748 1749 nn

138 1784 252 1838 omium
266 1785 511 1849 reconciliationis,
523 1783 552 1837 id
572 1790 616 1839 est
629 1784 786 1841 doctrinam
809 1787 937 1857 Evange-
977 1784 1079 1851 carnia,
1094 1782 1395 1839 admonetnedeirciat
1410 1798 1503 1854 neque
1527 1789 1618 1838 cesset
1642 1800 1662 1860 a
1682 1790 1747 1854 copto

137 1869 178 1925 lii,
978 1890 1072 1946 opere,
1093 1872 1317 1928 exhortationem
1346 1870 1449 1926 bonam
1475 1872 1593 1942 praebet.
1609 1872 1683 1927 Unde
1703 1872 1748 1927 dicit

77 1998 86 2015 .
173 1962 227 2015 Pro
242 1962 422 2029 Christocrco
435 1963 569 2029 unctione
582 1963 744 2030 sancimen,
759 1963 787 2017 id
809 1969 861 2030 est,
878 1963 937 2018 vice
977 1963 1128 2034 Apostolus
1142 1961 1225 2016 modo
1235 1961 1381 2031 alloquens
1391 1959 1565 2024 Corinthios,
1576 1965 1605 2015 et
1615 1960 1643 2014 in
1651 1959 1747 2015 illisoru-

137 2049 243 2104 Christi
253 2048 396 2103 missatico
403 2049 558 2119 fungimur,
574 2055 708 2119 tanquam
717 2053 769 2106 Deo
779 2053 938 2107 exhortante
978 2068 1028 2105 nes
1042 2051 1151 2105 fideles:
1167 2050 1320 2104 Hortamur
1335 2064 1382 2102 vos
1397 2054 1495 2103 nostra
1509 2049 1697 2120 predicatione
1708 2065 1745 2103 no·

135 2152 187 2207 per
201 2154 260 2200 nos,
275 2136 410 2192 subaudis
421 2138 549 2192 homines
563 2138 599 2192 ad
612 2140 793 2194 credendum.
810 2142 937 2196 Obsecra—
978 2145 1093 2210 atroque
1107 2139 1245 2210 exemplo,
1256 2136 1444 2207 omnibusque
1459 2136 1561 2203 modis,
1573 2154 1609 2193 nc
1620 2138 1647 2193 iu
1657 2153 1744 2192 tamon

139 2242 203 2280 mus
215 2241 267 2294 pro
280 2226 396 2291 Christo,
415 2226 442 2279 id
457 2232 510 2290 est,
524 2227 583 2280 vice
598 2227 701 2281 Christi
715 2231 939 2284 reconciliamini
978 2230 1036 2282 sive
1049 2229 1169 2281 inaneet
1180 2225 1320 2280 inutiliter
1332 2226 1454 2297 gratiam
1462 2226 1513 2280 Dei
1523 2225 1747 2298 recipiatismnnia

138 2316 193 2369 ilco
207 2313 285 2368 Patri
299 2329 350 2385 per
360 2314 445 2367 fidem
460 2321 489 2368 et
496 2315 648 2384 justitiam,
664 2317 849 2372 auferentesa
861 2319 938 2374 vobis
981 2316 1052 2371 bona
1066 2333 1127 2387 quae
1140 2315 1241 2386 generi
1255 2314 1492 2369 humanodantur
1501 2315 1596 2385 gratia
1607 2314 1745 2378 Deidicitu,

139 2418 223 2458 omne
237 2408 382 2474 peccatum
394 2403 495 2473 quoda
508 2403 623 2459 Deovos
637 2412 757 2477 separat.
981 2406 1047 2478 quia
1064 2405 1154 2476 gratis
1168 2405 1194 2459 ei
1209 2403 1410 2458 conceduntur.
1428 2403 1528 2458 Gratia
1543 2403 1645 2475 qnippe
1658 2404 1744 2465 liciat

177 2490 260 2556 Eam,
273 2490 301 2545 id
316 2496 359 2546 eat
373 2491 527 2558 Christum,
540 2496 589 2562 qui
599 2510 654 2549 non
665 2502 777 2551 nocrarat
785 2503 938 2565 pacatum.
981 2495 1084 2548 hahere
1102 2494 1197 2553 iidem,
1225 2508 1314 2563 spem,
1330 2492 1507 2558 charitatem,
1518 2493 1679 2564 sapientiam
1694 2491 1743 2546 diri·

139 2579 319 2648 DeusPater‚
327 2596 379 2649 pro
391 2582 468 2634 notis
476 2587 616 2650 percutiant
628 2585 704 2653 fecit,
719 2585 747 2639 id
762 2591 805 2640 ast
818 2587 939 2642 hostiam
981 2601 1048 2638 narn
1058 2583 1102 2638 vel
1111 2583 1275 2645 humanam,
1295 2587 1324 2635 ct
1338 2580 1411 2636 bona
1421 2581 1686 2652 temporalia.latam
1696 2595 1742 2649 ergo

139 2685 190 2740 pro
205 2673 328 2740 peccato.
337 2668 382 2723 Sic
393 2669 468 2724 enim
482 2671 740 2741 appellaturhostia
750 2691 801 2744 pro
816 2681 938 2746 peccato,
981 2672 1031 2727 Dei
1043 2671 1165 2742 gratiam
1180 2671 1209 2725 in
1223 2686 1343 2725 vacuum
1358 2669 1520 2741 recipit,qui
1530 2668 1741 2725 veniansadideu

138 2757 260 2812 maxime
286 2758 316 2812 in
342 2757 526 2829 Septuaginta
548 2760 758 2832 interpretibus,
788 2765 836 2834 qui
864 2765 938 2819 soliti
979 2758 1740 2831 etremissionempeccatoruminbaptismatepercipieos,

139 2846 323 2901 suntdicere:
336 2849 419 2902 Ponat
432 2850 508 2901 enim
523 2864 641 2903 manum
656 2867 737 2905 suam
759 2868 842 2922 sapor
857 2859 938 2922 caput
980 2850 1030 2905 Dei
1056 2850 1202 2921 praeceptis
1216 2848 1381 2903 inobediens
1399 2848 1519 2912 exsistit,
1537 2865 1595 2903 non
1619 2843 1740 2902 adhibendo

139 2937 248 3007 peccati
258 2937 359 3004 (tecit.
373 2938 405 3003 1),
423 2936 510 3001 idest,
523 2945 700 3010 supercnput
710 2939 808 2996 hostia
818 2958 868 3013 pro
879 2958 940 3013 pec·
981 2937 1156 2999 studium,ut
1168 2937 1256 3008 possit
1268 2937 1319 2992 Dei
1334 2943 1474 3008 praecepta
1483 2937 1547 3008 ipso
1561 2933 1741 3008 adjurantcin·

140 3029 214 3078 cato.
226 3024 281 3078 Sed
297 3026 414 3095 quaestio
425 3028 516 3080 oritur
529 3031 558 3085 in
574 3029 709 3082 hocloco.
726 3029 873 3093 Quomodo
890 3033 939 3101 ju·
982 3027 1068 3098 plcre,
1080 3026 1212 3097 quoniam
1224 3025 1294 3079 fides
1309 3026 1369 3080 sine
1389 3024 1521 3097 operibus
1540 3031 1651 3080 mortua
1674 3028 1705 3078 est
1723 3022 1740 3071 tl

141 3111 217 3167 dicet
229 3115 305 3168 Deus
319 3120 348 3168 et
361 3115 482 3171 vindicet
495 3118 523 3171 in
536 3120 648 3174 homine
663 3126 817 3190 peccatum,
836 3120 860 3174 si
880 3120 940 3192 ipse
981 3115 1072 3170 inanis
1086 3115 1155 3184 (iao.
1173 3115 1254 3181 utin
1270 3130 1386 3169 vacuum
1401 3131 1513 3185 quoque
1527 3114 1602 3169 bona
1615 3108 1741 3184 tampnis

142 3208 287 3273 peccatum
298 3219 354 3257 non
369 3205 464 3258 noviti
477 3206 545 3269 Quae
567 3207 608 3261 ita
630 3208 756 3270 solvitur,
776 3209 842 3279 quia
864 3211 942 3264 novit
980 3203 1070 3275 graiis
1084 3204 1169 3258 aDeo
1184 3202 1250 3255 data
1265 3201 1392 3273 percipit,
1400 3203 1449 3272 qui
1456 3203 1506 3257 illa
1520 3202 1604 3258 hilari
1614 3207 1741 3270 montepu-

142 3306 194 3362 per
206 3290 375 3361 sapientiam
388 3298 532 3361 peccatum
547 3311 608 3349 esse
622 3296 740 3366 malurn,
754 3297 802 3351 sed
824 3314 880 3351 non
894 3314 942 3352 no-
983 3292 1098 3364 peribus
1113 3308 1163 3364 pro
1178 3291 1229 3345 Dei
1243 3306 1338 3344 amore
1353 3307 1471 3361 erogare
1485 3307 1542 3346 non
1562 3290 1740 3353 studet-Uillil

142 3377 184 3431 rit
197 3378 412 3449 experientiam,
421 3385 454 3435 ut
468 3381 619 3453 aliquando
633 3390 779 3454 peccaret;
794 3384 870 3439 verbi
880 3402 944 3456 gra-
983 3398 1040 3437 non
1053 3381 1164 3450 longius
1174 3380 1345 3451 protelemus
1359 3396 1531 3446 sermonem,
1546 3380 1669 3435 dicamus
1683 3387 1740 3432 unuu

144 3465 193 3528 tia,
210 3466 251 3520 sic
259 3465 396 3520 dicimus:
411 3468 535 3523 loannes
547 3470 718 3540 evangelista
740 3473 852 3542 quando
873 3474 943 3527 scri·
984 3488 1017 3525 ex
1033 3469 1138 3536 multis,
1158 3469 1299 3539 quomodo
1310 3469 1403 3539 gratia
1417 3469 1467 3525 Dei
1482 3469 1511 3524 in
1527 3486 1644 3525 vacuum
1657 3463 1740 3536 roeipil·

144 3554 200 3626 psit
214 3571 299 3609 suurn
311 3554 502 3627 Evangelium,
514 3559 592 3612 novit
606 3559 730 3626 mentiri,
747 3560 776 3614 id
801 3567 853 3626 est,
867 3562 945 3616 novit
985 3567 1042 3627 tur,
1059 3559 1199 3615 Dominus
1214 3558 1282 3612 dicit
1293 3558 1322 3612 in
1338 3559 1489 3629 Evangelio
1504 3559 1658 3631 discipulis:
1669 3552 1742 3618 ltnli'

32 3655 33 3658 ’
143 3643 626 3716 mendaciumporsapientiam,sed
639 3649 945 3721 nonnovitpervolun-
986 3655 1141 3704 cctcomncs
1155 3647 1341 3716 qenlcssrdem
1356 3654 1459 3702 sanctae
1470 3647 1741 3715 Trinitatisboplisau·

146 3736 235 3786 tatem
260 3737 292 3786 ut
309 3733 393 3788 vellat
414 3734 537 3799 mentiri,
554 3752 645 3807 neque
668 3753 719 3807 per
742 3739 941 3809 experientiam
985 3746 1022 3794 tos
1036 3755 1087 3801 eos,
1104 3744 1128 3791 et
1142 3738 1264 3790 docontes
1283 3752 1393 3790 seruarc
1406 3739 1504 3790 omnia
1518 3751 1678 3805 quacunque
1688 3742 1743 3785 rull·

145 3820 258 3891 quando
271 3821 341 3876 illud
350 3821 469 3893 scripsit.
482 3823 548 3878 Ideo
560 3825 627 3879 iecit
641 3826 715 3880 Deus
729 3827 813 3881 Pater
822 3829 943 3882 hostiam
984 3831 1049 3882 daci
1063 3828 1135 3880 uobis
1149 3826 1263 3881 triciti.
1281 3828 1390 3894 nanu).
1407 3824 1577 3896 Quicunque
1588 3825 1624 3880 ad
1641 3824 1707 3879 tidem
1716 3831 1746 3869 ur

144 3925 196 3980 pro
208 3915 322 3979 peceato
336 3910 497 3966 christum:
516 3919 549 3966 ut
570 3930 619 3968 nos
639 3917 810 3983 efficeremur
830 3921 944 3987 justitia
985 3916 1038 3985 nit,
1049 3921 1078 3970 et
1088 3930 1144 3969 non
1158 3919 1252 3968 servat
1265 3931 1300 3968 ea
1322 3931 1383 3985 quae
1397 3913 1427 3968 in
1439 3914 1500 3984 lege
1515 3920 1545 3969 et
1559 3912 1749 3985 Evangeliocul·

144 3999 195 4053 ilci
212 4001 245 4052 in
262 4002 330 4068 ipso,
349 3999 379 4054 id
391 4005 443 4064 est,
458 4005 490 4054 ut
507 4001 682 4057 efficeremur
700 4004 770 4074 justi
787 4021 838 4074 per
861 4006 945 4060 misc·
985 4006 1119 4069 tinentur,
1132 4004 1162 4056 in
1176 4018 1294 4057 vacuum
1307 4003 1429 4073 gratiam
1441 4003 1493 4058 Dei
1507 4004 1617 4075 recipit.

145 4085 297 4140 ricordiam
311 4087 361 4141 Dei
375 4087 466 4142 Patris
477 4088 506 4142 in
530 4089 602 4159 ipso,
618 4090 647 4144 id
661 4098 704 4144 est
723 4108 773 4163 per
788 4092 942 4161 Christum,
1019 4096 1065 4149 Ait
1080 4095 1154 4146 caim
1168 4111 1176 4145 :
1193 4093 1319 4160 Tempore
1332 4099 1438 4159 accepto
1451 4095 1585 4148 maudiut·
1597 4100 1622 4148 ta
1634 4112 1642 4147 :
1655 4097 1675 4146 ct
1686 4093 1711 4145 in
1720 4082 1756 4139 iil

146 4173 233 4226 celin
251 4173 322 4244 ipso,
335 4174 364 4226 id
378 4181 430 4233 est,
444 4176 474 4229 in
489 4192 604 4246 corpore
619 4179 723 4233 Christi
731 4181 884 4251 conjuncti,
895 4181 943 4235 ad·
984 4185 1083 4237 salutis
1097 4183 1194 4249 adjuvi
1208 4187 1242 4235 tc.
1258 4181 1317 4235 Hoc
1331 4181 1418 4236 Isaiae
1445 4182 1585 4253 propheta
1610 4178 1712 4254 protulit
1731 4177 1761 4224 ὅ

145 4262 277 4330 Juvantes
289 4266 385 4315 autern
399 4279 448 4316 vos
456 4268 553 4318 nostra
560 4266 757 4335 predicatione
766 4276 794 4323 et
801 4272 939 4342 exemplo.
982 4287 1101 4343 persona
1112 4270 1163 4324 Dei
1173 4270 1265 4325 Patris
1276 4271 1418 4341 loquentis
1426 4270 1461 4325 ad
1472 4272 1576 4327 Filium
1590 4292 1596 4327 :
1608 4271 1763 4342 rempusnr

953 4345 1097 4430 Dceptum
1112 4360 1170 4414 Deo
1186 4359 1272 4422 Patri,
1288 4366 1318 4414 et
1331 4361 1390 4414 dies
1414 4359 1515 4414 salutis
1530 4361 1647 4416 humani
1659 4352 1765 4431 genarssr

455 4405 572 4461 CAPUT
591 4407 641 4463 VI·
986 4454 1097 4519 tempus
1110 4448 1165 4502 suit
1175 4448 1312 4518 passionis
1325 4448 1429 4503 christi
1442 4449 1543 4520 inquo
1557 4452 1632 4506 Deus
1646 4440 1771 4533 Paterdffj

183 4525 390 4580 Hortamuroos
401 4528 472 4580 nain
480 4535 728 4599 uacuumqratiam
739 4536 944 4603 Ileirccipiatis.
986 4536 1080 4601 crevit,
1096 4537 1245 4608 disposuit,
1262 4537 1470 4608 praedestinavit
1482 4555 1535 4609 per
1549 4539 1700 4610 passionem
1711 4525 1773 4591 51¹¹

148 4613 312 4668 Exhortatio
326 4613 432 4686 species
447 4621 491 4670 est
503 4616 716 4684 doctrinae,dum
732 4621 850 4692 quilibet
862 4624 945 4679 verbo
986 4626 1030 4680 sui
1040 4626 1148 4680 salvare
1159 4643 1192 4680 ac
1203 4625 1342 4681 redimere
1350 4643 1440 4697 genus
1449 4627 1641 4695 humandum,
1652 4626 1777 4682 isaer*

148 4709 199 4758 aut
220 4703 347 4775 exemplo
371 4706 589 4761 consolationem
614 4713 729 4778 praestat
754 4709 852 4764 alicui:
870 4712 946 4767 verbi
987 4720 1175 4786 poreacccpto
1183 4715 1257 4769 Deua
1269 4716 1352 4768 Pater
1362 4715 1614 4772 exaudiuitl’ilium
1622 4702 1780 4791 suum,an

146 4792 258 4863 gratia3
273 4793 350 4848 ridet
364 4794 464 4865 aliquis
477 4802 605 4850 nostrum
613 4796 728 4851 fratrem
739 4814 821 4853 suum
836 4799 865 4854 in
876 4816 946 4855 mue·
987 4803 1124 4874 quidquid
1134 4803 1224 4857 oravit
1238 4804 1324 4858 Filius
1336 4821 1387 4875 pro
1410 4804 1502 4859 salute
1527 4807 1640 4876 generis
1666 4796 1783 4860 honaffl

147 4895 212 4934 rore
225 4887 254 4935 et
267 4881 384 4936 tristitia
400 4883 523 4954 positum
543 4890 659 4956 propter
672 4886 853 4941 amissionem
873 4889 946 4944 filio·
986 4898 1077 4947 totum
1092 4892 1266 4964 impetrarit.
1278 4894 1410 4963 Legimus
1419 4893 1494 4947 enirn
1505 4894 1535 4948 in
1544 4895 1690 4967 Evangelio
1697 4892 1784 4949 toa*

149 4984 213 5023 rum
224 4975 254 5022 et
267 4971 372 5039 uxoris,
382 4976 432 5025 aut
452 4979 568 5044 propter
589 4976 723 5028 damnum
748 4977 947 5047 temporalium
986 4981 1030 5035 nis
1045 4981 1119 5052 quod
1128 4982 1357 5054 appropinquans
1366 4982 1500 5054 passioni.
1512 4985 1605 5039 orarit
1612 4981 1784 5040 diceuszPl'

149 5072 256 5123 rerum,
271 5057 338 5112 dum
353 5060 379 5113 ei
392 5061 501 5116 reducit
514 5064 548 5117 ad
561 5063 726 5118 memoriam
741 5069 771 5118 et
792 5065 821 5118 in
850 5083 947 5122 exem·
988 5073 1037 5134 tar,
1048 5086 1114 5138 quoa
1128 5071 1228 5123 dedisti
1240 5071 1320 5141 inihi,
1335 5074 1394 5124 oola
1408 5077 1438 5125 ut
1449 5073 1499 5125 ubi
1508 5089 1626 5140 cposum
1636 5079 1659 5128 ct
1669 5075 1711 5128 illi
1719 5054 1784 5124 aisti

150 5146 239 5216 plum,
250 5152 357 5216 quanta
370 5154 398 5202 et
407 5149 503 5218 qualia
516 5152 651 5207 sustinuit
663 5152 763 5208 beatus
776 5153 828 5208 Job
840 5156 947 5225 patien·
987 5174 1103 5224 nicetam,
1119 5163 1149 5211 ut
1163 5160 1274 5213 uideant
1287 5161 1442 5213 claritatem
1456 5177 1547 5215 meam
1560 5162 1655 5233 (loon.
1668 5166 1734 5224 run).
1751 5141 1783 5199 5

149 5238 203 5297 ter,
221 5240 250 5288 et
268 5235 408 5304 quomodo
417 5239 595 5306 postmodum
604 5241 707 5296 meruit
716 5244 946 5315 propterpatien-
987 5247 1050 5316 quis
1059 5263 1125 5300 vero
1139 5246 1174 5300 de
1188 5247 1324 5317 apostolis
1338 5247 1390 5301 hoc
1405 5249 1603 5304 tantummodo
1615 5250 1715 5305 dictum
1728 5250 1784 5302 ιθ·

150 5323 219 5377 tiam
228 5339 309 5377 suam
321 5323 415 5377 omnia
425 5327 582 5396 reciperein
593 5330 710 5401 duplum
722 5351 728 5385 :
741 5332 796 5386 ista
803 5333 869 5386 talis
879 5350 946 5387 con·
987 5336 1064 5395 serit,
1083 5335 1210 5388 attendat
1224 5336 1298 5406 quod
1318 5336 1377 5407 ipsc
1396 5336 1566 5391 aliusdicit:
1583 5339 1645 5393 Non
1663 5355 1711 5408 pro
1731 5321 1784 5389 1²⁸3

150 5411 251 5468 solatio
267 5411 469 5479 ctadmonitio,
485 5416 641 5471 exhortatio
661 5425 704 5473 est
721 5421 846 5475 dicenda.
864 5421 947 5476 Videt
986 5440 1051 5491 rapo
1062 5425 1231 5487 tandemsed
1246 5430 1271 5478 ct
1282 5441 1334 5492 pro
1344 5428 1382 5478 cis
1395 5428 1445 5494 qni
1455 5428 1592 5481 credituri
1601 5425 1779 5497 suntpcrw*

149 5503 235 5560 etiam
246 5500 370 5572 aliquem
380 5501 542 5558 contristari
551 5512 580 5559 et
588 5493 682 5562 dolere
687 5516 803 5581 propter
810 5511 946 5567 amissum
987 5514 1052 5568 burra
1067 5528 1163 5568 corum
1178 5517 1210 5567 in
1222 5506 1774 5590 neuun).amanvitqooqueitnndt
