3818 6104
129 215 181 275 tit
340 216 529 271 llAYMONlS
550 212 792 270 llllLlillRS'lllT.
816 211 926 267 liPlSC.
947 211 1028 267 OPD.
1049 209 1140 266 PARS
1159 211 1182 265 Ι.
1204 239 1238 251 -
1258 208 1446 267 COMMENT.
1467 205 1563 263 Brut.
1711 207 1749 266 'lli

131 343 233 399 beatus
255 332 457 413 llieronymus,
475 340 544 411 quia
560 354 652 410 neque
669 339 699 393 in
717 337 813 392 lleteri
831 338 928 392 Testa·
938 338 964 396 Α
965 340 1074 410 purae,
1091 331 1233 406 inquiens,
1261 332 1328 404 quia
1346 331 1407 387 dies
1435 329 1504 385 mali
1526 334 1604 396 sont,
1624 329 1652 384 in
1669 329 1750 400 quibu

135 436 242 499 mento,
256 446 348 501 neque
362 429 392 484 in
407 427 556 498 Evangelio
571 428 625 481 iste
639 425 791 482 versiculus
815 424 934 480 inueniri
976 424 1064 479 multa
1077 422 1151 477 mala
1166 421 1248 487 liunt,
1265 423 1349 475 nolite
1361 423 1424 488 peri
1437 420 1637 488 imprudentes,
1644 416 1699 473 sire
1710 435 1749 479 non

136 523 238 592 potest,
252 517 307 572 nisi
320 515 517 571 tantummodo
530 515 559 569 in
569 515 624 568 isto
636 513 708 578 loco,
724 512 779 569 nisi
794 519 821 568 et
836 512 871 567 ab
883 512 936 567 hoc
976 510 1196 573 considerantes,
1204 509 1249 564 sed
1260 512 1349 563 estote
1360 509 1547 576 intellipenter
1556 507 1661 574 quasit
1672 510 1749 566 notun.

135 607 196 663 loco
211 605 332 676 exempli
345 619 430 659 causa
444 603 481 658 sit
508 601 576 658 alibi
601 601 710 673 positus
733 617 750 655 a
762 598 933 655 doctoribus.
978 604 1019 655 tas
1033 600 1090 666 Dei,
1106 597 1135 652 id
1148 601 1193 653 est
1204 596 1271 669 quid
1287 596 1396 668 placeat
1410 595 1480 662 Deo,
1491 590 1747 666 etiuqaibusopei.

136 695 258 752 Siccam
272 693 391 748 dictaret
405 691 556 764 Apostolus
567 691 640 746 hanc
660 684 824 762 Epistolsm,
840 688 934 744 subito
977 687 1029 743 bus
1042 687 1171 742 uoluntas
1185 685 1237 742 Dei
1249 684 1411 757 impleatur.

136 783 258 855 Spiritus
276 798 327 852 per
353 797 418 835 eum
442 780 552 835 locutus
573 786 618 834 est
649 779 710 844 boc,
740 779 814 834 sicut
831 783 861 833 et
877 777 934 832 alia
1009 776 1043 831 Et
1058 777 1142 830 nolite
1154 775 1293 829 inebriari
1309 775 1384 836 rino,
1407 775 1440 828 in
1454 788 1510 842 quo
1534 776 1575 826 est
1589 772 1747 839 lucusiani

135 870 236 933 multa,
245 869 364 939 ideoque
373 868 430 923 ait:
444 869 559 937 Propter
577 868 658 936 quod,
668 866 696 921 id
711 873 755 921 est
769 867 836 937 quia
850 880 933 920 omne
974 866 1154 932 impleamini
1165 862 1276 933 Spiritu
1287 867 1389 918 sancto.
1406 861 1461 916 Per
1479 859 1624 915 luxuriam
1640 857 1746 918 deuna

136 959 212 1029 quod
237 956 437 1012 manifestatur
454 971 506 1027 per
523 954 738 1019 contessionem,
756 956 816 1027 iam
835 953 935 1024 incipit
974 951 1131 1023 intelligere
1145 951 1239 1006 omnia
1254 949 1321 1005 vitia
1334 966 1396 1021 qua
1421 965 1474 1022 per
1498 947 1664 1004 ebrietatem
1681 949 1746 1005 solut

135 1046 232 1101 lumen
241 1061 313 1108 esse,
324 1044 392 1099 dicit
408 1043 531 1116 Spiritus
544 1048 670 1112 sanctus,
680 1042 815 1098 subaudis
820 1058 870 1114 per
878 1056 933 1097 mc.
976 1040 1098 1104 evenire,
1109 1040 1186 1112 quia,
1203 1045 1234 1093 ut
1251 1039 1366 1110 quidam
1380 1039 1480 1095 doctor
1491 1036 1570 1103 dicit,
1584 1035 1746 1094 ebrietasnul

135 1134 233 1203 Surae,
250 1136 301 1203 qui
311 1135 417 1188 dormis
431 1138 455 1186 et
469 1147 614 1201 ersurpea
635 1135 764 1197 mortuis,
777 1136 803 1185 el
824 1133 936 1185 illumi·
976 1128 1035 1183 lum
1050 1128 1150 1182 vitium
1171 1133 1295 1182 excusat.
1313 1127 1368 1182 Sed
1387 1127 1543 1182 notandum
1560 1125 1628 1197 quia
1647 1125 1747 1181 dcciii

136 1224 215 1278 nabit
230 1226 254 1276 le
269 1220 404 1277 Christus.
417 1220 546 1275 Dormire
568 1220 671 1274 dicitur
685 1225 714 1274 et
727 1224 856 1274 manuus
874 1234 936 1274 esse
977 1217 1024 1289 qui
1039 1217 1184 1288 replentur
1202 1215 1276 1283 vino,
1293 1216 1439 1288 replentur
1455 1213 1662 1280 inverecundia,
1681 1213 1746 1286 inpa-

135 1310 229 1382 quiin
255 1314 369 1381 peccato
393 1309 477 1377 jacet,
494 1308 560 1378 quia
585 1307 681 1361 anima
699 1323 760 1378 qum
780 1306 935 1379 peccaverit
976 1306 1085 1373 tientia,
1107 1305 1228 1371 luxuria,
1248 1304 1434 1376 impudicitia,
1448 1302 1592 1376 superbia,
1612 1302 1747 1373 caeterisque

136 1399 198 1470 ipsa
212 1397 359 1453 morietur.
371 1396 461 1467 Surge
472 1395 592 1451 devitiis
616 1395 652 1450 ad
672 1395 799 1462 virtutes,
811 1395 858 1467 qui
872 1395 936 1450 dor·
976 1393 1070 1452 uitiis:
1103 1394 1144 1449 ita
1162 1393 1205 1448 illi
1222 1393 1271 1465 qui
1290 1393 1436 1464 replentur
1464 1391 1573 1465 Spiritu
1591 1403 1701 1455 mucro,
1715 1407 1747 1445 re·

137 1484 191 1540 mis
200 1485 284 1539 modo
297 1485 326 1538 in
344 1483 474 1554 peccatis,
490 1500 607 1554 exsurge
622 1500 639 1537 a
653 1483 772 1538 mortuis
786 1484 822 1538 ad
835 1483 932 1550 dmm,
975 1482 1090 1552 plentur
1103 1480 1243 1547 castitate,
1263 1481 1432 1548 bumilitate,
1450 1479 1677 1546 mausuetudine,
1688 1485 1747 1534 cete·

137 1573 172 1628 de
187 1579 302 1645 peccato
317 1573 353 1627 ad
363 1572 435 1628 bona
452 1588 547 1644 opera,
558 1578 587 1627 et
599 1571 733 1643 prebebit
742 1571 793 1628 tibi
804 1571 931 1627 Christus
978 1571 1072 1643 risque
1085 1570 1247 1638 virtutibus,
1262 1573 1398 1641 loquentes
1412 1571 1651 1638 robumetiprisin
1659 1568 1747 1637 psalmis

135 1662 233 1716 lumen
243 1661 309 1716 tldei
321 1668 348 1715 et
361 1660 529 1731 cognitionis
540 1660 767 1732 suae,lumenque
781 1659 860 1715 bonae
870 1647 967 1732 ope-B
978 1665 1003 1715 el
1015 1660 1128 1730 hymnis
1142 1666 1166 1714 et
1180 1661 1297 1715 canticis
1309 1654 1748 1728 spiritualibus.Nobismctipsisin

133 1749 261 1805 rebonis.
976 1747 1092 1820 psalmis
1104 1747 1259 1819 loquimur,
1268 1745 1380 1819 quando
1389 1745 1552 1801 alternatim
1563 1743 1748 1815 canimuspsrl

169 1838 289 1904 Fratres,
300 1839 386 1892 uidete
395 1837 529 1906 quomodo
538 1841 616 1891 caute
631 1838 937 1906 arnbuletis,nonquasi
976 1852 1047 1890 mos.
1062 1835 1168 1890 Psalmi
1182 1835 1316 1890 dicuntur
1329 1851 1346 1888 s
1366 1833 1522 1906 psallendo,
1545 1833 1636 1905 quiin
1650 1832 1760 1905 psalmus

135 1927 307 1994 insipientes,
326 1927 373 1980 sed
386 1931 418 1980 ut
428 1928 577 1994 capicium.
605 1924 767 1996 Alloquitur
784 1925 936 1997 Apostolus
977 1923 1005 1977 id
1016 1924 1097 1979 estin
1111 1924 1244 1996 psalterio
1260 1921 1451 1979 inveniuntur.
1466 1923 1598 1994 Hymnus
1611 1921 1748 1990 (ismaele

136 2013 280 2086 Ephesios,
306 2023 336 2067 et
362 2013 393 2068 in
408 2012 463 2067 illis
478 2027 578 2067 omnes
593 2012 732 2078 homines,
747 2013 936 2084 hortaturque
976 2012 1035 2067 tine
1049 2012 1160 2085 eloquio
1175 2017 1257 2067 sonat
1269 2011 1331 2066 laus
1341 2011 1401 2066 Dei.
1420 2011 1550 2083 Hymnus
1564 2009 1747 2065 sutemsieon

134 2107 167 2157 ut
173 2110 254 2157 caute
260 2100 468 2156 etconsiderate
477 2099 571 2154 vivant
582 2099 656 2155 sicut
668 2101 820 2172 sapientes,
836 2106 865 2156 et
878 2117 936 2157 non
977 2101 1190 2173 ponituretnon
1203 2105 1342 2165 cantatur,
1352 2105 1463 2155 nonest
1484 2098 1608 2171 hymnus
1618 2098 1748 2168 :sicanus

136 2188 209 2244 sicut
220 2188 399 2259 insipientes.
416 2188 529 2242 Fratres
543 2194 637 2242 autem
667 2189 731 2243 illos
745 2189 863 2243 rocatin
880 2190 935 2246 ilde
977 2190 1056 2245 nitur
1072 2195 1101 2245 et
1114 2195 1254 2256 cantatur,
1276 2189 1325 2244 sed
1339 2204 1396 2244 non
1409 2188 1439 2243 in
1453 2187 1567 2244 laudem
1581 2187 1643 2252 Dei,
1661 2190 1747 2241 nonest

137 2275 208 2330 etin
222 2276 357 2330 societate
368 2275 533 2340 dilectionis,
545 2275 613 2345 quia
625 2292 715 2330 unum
725 2277 937 2333 Patremomni·
981 2278 1113 2349 hymnus.
1126 2279 1253 2351 Hymnus
1266 2276 1361 2333 autem
1373 2277 1499 2345 latinos,
1513 2274 1675 2332 Ambrosius
1682 2273 1747 2329 etlli·

135 2369 278 2436 potentem
292 2363 382 2418 Deum
393 2378 490 2418 omnes
504 2363 640 2418 habemus
657 2380 732 2420 :non
746 2382 796 2436 per
807 2370 938 2421 naturam
980 2368 1077 2432 larius,
1090 2366 1238 2422 clarissimi
1247 2366 1310 2430 viri,
1327 2362 1747 2437 composueruntprmcipucllcue

137 2451 186 2507 sed
202 2468 253 2523 per
262 2450 452 2521 adoptionem.
463 2450 576 2515 llidcte,
586 2450 699 2512 fratres.
713 2452 796 2508 idest
810 2453 935 2508 conside·
978 2461 1084 2521 autem,
1097 2472 1161 2511 cum
1178 2454 1249 2510 dixit
1261 2457 1388 2520 canticis,
1410 2453 1556 2525 subjunxit
1569 2452 1745 2522 spiritualitas,

137 2544 198 2594 rste
210 2539 349 2612 quomodo
361 2544 442 2593 caute
456 2537 606 2593 ambuletis
618 2545 647 2594 et
653 2539 782 2594 ordinate
796 2541 894 2596 vivatis
908 2546 938 2596 et
978 2543 1046 2615 quia
1060 2542 1245 2598 suntcantica
1259 2557 1321 2614 quoe
1338 2557 1396 2597 non
1405 2539 1621 2613 suntspiritalia
1638 2537 1746 2610 nequein

138 2626 380 2683 consersaminiin
398 2626 491 2681 medio
508 2626 631 2681 nationis
641 2644 732 2699 prerae
746 2634 775 2683 et
789 2645 936 2700 perversae,
978 2631 1090 2686 laudem
1098 2630 1147 2686 Dei
1157 2629 1398 2697 cantantur,sicut
1409 2627 1595 2685 suntcantica
1603 2626 1747 2684 succisam

137 2731 193 2771 non
209 2715 289 2786 quasi
301 2714 474 2787 insipientes,
483 2715 561 2770 idest
574 2716 756 2786 inildelesqui
767 2733 822 2771 non
833 2717 939 2773 babent
979 2719 1134 2774 hominum.
1149 2719 1265 2774 Cantica
1274 2717 1657 2790 autemspiritaliasuntquu
1663 2729 1746 2786 compa

136 2803 304 2876 sapientiam
317 2818 411 2858 vemm
427 2803 457 2858 in
481 2820 512 2858 se
525 2803 667 2858 Christum
683 2803 867 2871 habitantem,
887 2808 938 2863 sed
979 2812 1098 2863 suerunt
1110 2808 1254 2879 prophete
1268 2807 1357 2861 afflati
1367 2805 1473 2878 Spiritu
1483 2814 1582 2860 sancto
1592 2810 1622 2861 et
1633 2802 1746 2876 repletipt

135 2898 170 2949 ut
181 2891 324 2964 sapientes
337 2891 436 2946 lidelcs
446 2892 493 2962 qui
501 2891 668 2964 sapientiam
678 2891 893 2950 substantialem
907 2895 938 2953 in
978 2902 1046 2952 sunt
1058 2895 1169 2951 cantica
1181 2895 1271 2968 Moysi
1281 2900 1310 2950 et
1320 2897 1408 2950 Annre
1417 2899 1446 2949 et
1456 2893 1747 2960 Debboraettaiem

136 2985 214 3043 vobis
228 2983 349 3040 habetisl.
361 2984 474 3049 Quanta
483 2982 558 3037 enim
568 2984 705 3040 distantia
714 2984 1113 3054 estinterlumencllncchiae,
1139 2990 1362 3056 oeterorumque
1389 2983 1602 3055 prophetarum.
1622 2982 1677 3037 lloc
1703 2992 1746 3032 ruo

137 3080 167 3131 et
178 3072 319 3138 tenebras,
331 3073 406 3127 inter
418 3071 528 3127 fidelem
544 3078 573 3126 et
591 3073 743 3139 infidelem,
758 3081 840 3130 tanta
854 3075 937 3131 dille·
978 3073 1065 3128 distat
1075 3073 1296 3128 intercanticum
1308 3078 1336 3127 et
1346 3070 1571 3143 psalmum,quiu
1580 3070 1746 3125 canucunort

136 3164 230 3219 rentia
243 3167 287 3218 est
298 3163 374 3216 inter
388 3159 546 3232 sapientem
559 3167 587 3215 et
600 3160 790 3231 insipientem,
811 3162 876 3234 quia
891 3163 937 3218 lu·
979 3161 1155 3217 solummodo
1163 3161 1304 3232 profertur
1314 3161 1527 3226 etdecantatur3
1538 3159 1745 3231 psalmatione.

137 3268 203 3307 men
218 3256 247 3306 et
259 3251 400 3323 sapientia
413 3264 468 3304 non
479 3254 572 3320 potest
584 3265 645 3304 esse
671 3249 700 3304 iu
715 3265 759 3317 eo,
778 3251 833 3306 nisi
852 3251 936 3307 fldem
979 3250 1204 3322 additoquodam
1214 3250 1403 3304 instrumento
1412 3247 1524 3302 musice
1534 3241 1747 3317 artis,idestpssl

137 3339 338 3412 omnipotentis
352 3337 402 3393 Dei
412 3337 524 3392 habeat.
979 3338 1062 3393 tenio.
1074 3339 1220 3394 Cantantes
1231 3343 1260 3393 et
1272 3340 1419 3406 psallentes
1433 3336 1599 3391 incordilrus
1617 3336 1704 3391 castris
1714 3333 1747 3388 llc

172 3430 340 3484 lledirnentes
354 3432 469 3495 tempus,
485 3427 620 3494 quonr'am
631 3426 850 3481 diesmalisunt.
864 3427 938 3492 Quo·
979 3431 1066 3480 enine.
1084 3427 1146 3481 ldeo
1158 3427 1229 3481 dixit
1235 3429 1267 3481 in
1279 3426 1406 3480 cordibus
1416 3427 1524 3490 uestris,
1537 3424 1605 3495 quia
1619 3421 1747 3478 multisunt

138 3516 222 3571 modo
232 3521 344 3588 tempus
358 3514 484 3569 malum:
510 3514 582 3585 quod
612 3513 765 3570 secundum
779 3515 937 3587 dispositio·
980 3514 1028 3587 qui
1036 3520 1153 3569 cantant
1163 3532 1223 3584 ore,
1239 3530 1359 3586 quorum
1372 3529 1452 3568 mens
1464 3528 1522 3567 uon
1539 3505 1746 3569 mammarii

139 3621 203 3660 nem
218 3605 270 3660 Dei
282 3619 395 3675 semper
407 3603 527 3657 volvitur
536 3601 690 3663 mensibus,
706 3602 935 3660 diebusetnocti·
978 3603 1065 3675 etqui
1077 3603 1168 3673 magis
1182 3603 1335 3658 attendunt
1342 3603 1376 3658 sd
1384 3602 1568 3657 sonoritatem
1577 3593 1748 3666 musulatii

138 3693 200 3755 bus,
218 3693 306 3758 horis,
325 3690 533 3761 momentisque
548 3691 741 3745 currentibus?
765 3691 843 3748 Sicut
861 3693 937 3748 enlm
979 3691 1087 3746 toribus
1102 3690 1240 3760 placeant,
1257 3708 1341 3763 quarn
1356 3691 1533 3746 considerent
1547 3695 1643 3745 mente
1655 3681 1747 3760 quidli-

138 3782 241 3837 dicitur
251 3781 327 3836 mala
340 3796 401 3835 esse
415 3778 525 3845 domus,
538 3795 599 3851 quae
606 3780 696 3836 malos
708 3780 880 3836 habitatores
889 3781 937 3837 ha·
979 3786 1055 3836 cunt.
1066 3780 1110 3835 lili
1122 3796 1186 3835 cero
1198 3786 1314 3835 cantant
1327 3779 1356 3834 in
1375 3779 1468 3844 corde,
1485 3794 1607 3849 quorum
1623 3791 1695 3832 mens
1702 3784 1748 3829 aar

139 3870 188 3925 bet
203 3889 209 3923 :
224 3869 263 3924 ita
278 3864 411 3924 dicuntur
425 3867 493 3922 mali
506 3868 577 3934 dies,
592 3869 621 3922 in
633 3868 733 3940 quibus
743 3870 817 3923 mala
829 3869 902 3924 llunt
919 3886 937 3925 a
979 3869 1079 3923 cordat
1090 3869 1249 3938 cachinnis
1262 3868 1331 3923 illud
1346 3867 1421 3923 beati
1436 3866 1579 3923 Benedicti
1592 3885 1599 3921 :
1612 3866 1657 3922 Sic
1668 3871 1750 3920 uenti

136 3958 219 4014 malis
233 3956 403 4013 bominibus.
420 3956 493 4022 Quid
513 3963 558 4011 est
580 3957 653 4028 quod
680 3957 756 4021 dicit,
773 3959 938 4013 redimentes
980 3958 1015 4012 ad
1028 3956 1215 4028 psallendum,
1232 3962 1266 4010 ut
1280 3973 1359 4011 mens
1376 3962 1475 4011 nostra
1488 3955 1641 4011 concordet
1652 3952 1705 4009 roci
1715 3961 1749 4004 nt·

139 4052 245 4116 tempus
259 4052 271 4101 i
286 4047 315 4101 ld
332 4052 384 4111 est,
400 4051 524 4101 vestrum
540 4045 608 4101 illud
620 4045 703 4101 facite
716 4065 723 4113 3
735 4046 812 4100 verbi
823 4047 933 4117 gratia:
978 4052 1053 4108 stru,
1067 4049 1174 4113 qratias
1188 4050 1297 4113 apenles
1310 4060 1416 4115 semper
1426 4045 1653 4113 praomnibusin
1664 4037 1750 4096 ueniti

138 4135 186 4189 alii
196 4136 321 4192 rendunt
333 4134 415 4199 illud,
427 4134 502 4188 mala
512 4135 654 4206 operando
664 4134 700 4188 ad
722 4135 826 4189 malurn
841 4151 933 4202 suum,
979 4136 1093 4189 Domini
1107 4135 1197 4188 nostri
1207 4135 1271 4188 iesu
1281 4133 1388 4188 Christo
1403 4134 1493 4187 Decet
1507 4135 1596 4186 Patri.
1621 4132 1675 4187 Pro
1687 4120 1752 4185 cuti

136 4223 325 4278 rosredimite
335 4221 405 4277 illud
420 4221 534 4281 anobis,
546 4221 615 4276 talia
630 4237 714 4292 opera
732 4222 869 4289 iaciendo,
885 4239 937 4294 pro
979 4220 1184 4277 busbenellciis
1199 4221 1280 4276 nobis
1295 4236 1312 4275 a
1325 4221 1382 4275 Deo
1397 4220 1481 4284 datis,
1511 4221 1552 4275 rel
1577 4236 1629 4293 pro
1647 4214 1752 4275 omnibu

136 4309 238 4383 quibus
251 4309 508 4364 remunerationem
535 4308 652 4380 capiatis
678 4309 844 4382 Quicunque
858 4288 1159 4383 enimDprosperiset
1186 4310 1311 4364 adversis
1333 4308 1468 4365 debemus
1491 4309 1600 4379 gratias
1622 4293 1752 4381 agerem

135 4398 190 4452 boc
203 4397 269 4452 iacit
283 4395 357 4468 quod
371 4394 424 4450 sibi
440 4396 510 4450 utile
524 4400 576 4456 est,
593 4402 705 4469 tempus
715 4397 828 4454 redimit
838 4399 891 4472 sibi
905 4411 934 4457 et
975 4398 1064 4465 Patri,
1083 4398 1132 4470 qui
1142 4398 1272 4452 omnibus
1288 4397 1426 4453 creaturis
1439 4402 1483 4452 est
1497 4397 1573 4452 Deus
1587 4398 1680 4462 Pater,
1690 4391 1755 4451 idest

136 4485 266 4557 acquirit,
283 4483 350 4557 quia
360 4500 442 4540 suurn
457 4484 528 4539 illud
539 4483 615 4548 facit,
632 4485 701 4539 etin
716 4502 795 4541 suam
812 4488 933 4544 salutem
975 4492 1086 4542 creator
1099 4493 1127 4541 et
1140 4487 1237 4541 iactor.
1255 4485 1293 4541 lit
1306 4485 1467 4557 quomodo?
1482 4484 1515 4540 In
1535 4486 1652 4541 nomine
1667 4475 1754 4542 numid

134 4574 203 4630 illud
214 4579 341 4645 occupat.
975 4575 1064 4630 nostri
1079 4576 1093 4630 J
1096 4592 1145 4630 esu
1159 4575 1274 4639 Christi,
1289 4574 1413 4629 dicentes
1422 4575 1449 4629 ei
1466 4573 1600 4629 :Gratias
1613 4573 1666 4629 tibi
1679 4567 1756 4629 retu·

170 4666 326 4732 Propterea,
341 4660 476 4718 subaudis
501 4661 569 4733 quia
595 4661 655 4716 dies
677 4661 743 4717 mali
756 4668 832 4727 sunt,
849 4666 933 4720 nolite
975 4680 1048 4728 mus,
1079 4663 1209 4728 Domine,
1234 4669 1330 4719 sancte
1354 4663 1449 4726 Pater,
1467 4662 1516 4733 qui
1540 4678 1594 4717 nos
1608 4679 1661 4735 per
1673 4660 1756 4718 Filium

135 4755 198 4820 fleri
211 4753 409 4823 imprudentes,
423 4752 470 4804 sed
491 4753 673 4818 inteltipentes
686 4754 791 4820 quasit
805 4752 933 4807 noluntas
976 4757 1055 4805 tuum
1071 4751 1160 4805 iecisti
1176 4755 1205 4805 et
1229 4748 1382 4812 redemisti,
1405 4754 1433 4804 et
1447 4749 1521 4804 viam
1541 4750 1643 4821 patriae
1657 4744 1759 4806 carcub

132 4841 182 4894 Dei
187 4840 327 4898 ,Prudens
336 4839 441 4894 dicitur
449 4838 530 4911 quasi
540 4853 624 4909 porro
634 4837 741 4903 ridens,
753 4838 832 4909 quia
850 4839 933 4912 longe
976 4839 1124 4910 aperuisti.
1141 4840 1175 4894 Et
1200 4839 1264 4893 ideo
1290 4839 1446 4893 innomine
1469 4838 1583 4893 Domini
1602 4838 1693 4894 nostri
1709 4838 1760 4894 teu

132 4928 293 4983 considerat
304 4944 388 4999 quem
401 4928 485 4983 tinem
502 4944 553 4983 sua
568 4943 651 4999 opera
670 4925 801 4982 habitura
814 4927 871 4982 sint
886 4952 893 4988 ε
906 4935 935 4984 et
977 4926 1080 4982 Christi
1092 4926 1199 4998 gratias
1211 4925 1315 4981 reierre
1328 4925 1461 4980 dehemus
1484 4925 1542 4980 Deo
1556 4932 1586 4981 et
1599 4926 1690 4992 Patri,
1709 4922 1762 4996 quis

132 5015 181 5085 qui
190 5015 245 5069 scit
259 5016 327 5087 quid
341 5015 441 5071 debeat
452 5023 593 5089 appetere,
607 5015 827 5089 etquid·vitare;
843 5021 874 5072 ct
885 5017 934 5089 qni
976 5017 1118 5087 perillum
1133 5016 1182 5088 qui
1195 5014 1335 5069 mediator
1348 5018 1392 5068 est
1401 5018 1504 5079 noster,
1519 5029 1618 5085 preces
1630 5021 1660 5070 et
1673 5011 1763 5071 sacril-

130 5100 291 5156 considerat
304 5118 366 5173 quae
379 5104 517 5173 placeant,
533 5112 583 5160 aut
606 5121 668 5177 qua
682 5104 849 5176 displiceant
862 5107 930 5160 Deo.
975 5105 1019 5160 cia
1031 5105 1172 5161 offerimus
1186 5109 1294 5165 nostra,
1309 5108 1336 5158 et
1350 5092 1568 5158 transmittimus
1579 5103 1616 5158 ad
1627 5103 1764 5160 DeumPe·

129 5190 250 5245 licentra
261 5189 311 5243 ille
325 5191 373 5261 qui
388 5192 595 5248 inconsiderate
622 5198 650 5248 et
664 5193 819 5264 improvide
834 5195 929 5249 omnia
970 5199 1054 5260 trem,
1071 5195 1215 5250 dicentes:
1233 5191 1359 5262 suscipe,
1376 5191 1504 5251 Domine.
1519 5208 1618 5262 preces
1628 5189 1764 5266 populiui

129 5277 228 5350 agitet
240 5277 289 5346 qui
308 5292 364 5331 non
387 5278 548 5334 considerat
573 5282 608 5335 ad
631 5298 714 5353 quem
743 5282 827 5336 linem
842 5298 928 5354 opera
969 5299 1020 5354 per
1032 5284 1184 5339 Dominum
1201 5280 1435 5337 nostrumlesum
1451 5280 1607 5336 Christum.

128 5364 315 5430 suadeducat,
331 5366 437 5436 etquid
453 5366 562 5437 placeat
578 5369 715 5425 voluntati
726 5370 786 5436 Dei,
800 5371 925 5443 appella·
1002 5371 1124 5442 Subiecti
1132 5374 1250 5427 inuicem
1267 5374 1299 5425 in
1314 5371 1412 5423 timore
1423 5367 1535 5422 Christi.
1545 5368 1766 5427 Sicutauditores

127 5461 176 5512 tur
181 5452 346 5531 imprudens
353 5458 382 5509 et
391 5454 504 5510 stultus.
513 5456 593 5511 Unde
603 5456 829 5530 dicithpostolus
842 5463 926 5520 :Pro-
967 5467 997 5518 et
1006 5460 1127 5533 subjecti
1137 5459 1197 5516 suis
1208 5457 1333 5528 prelatis
1342 5454 1448 5514 subditi
1458 5461 1525 5514 sunt
1539 5472 1628 5518 causa
1641 5459 1740 5519 obedis
1755 5475 1771 5516 n
