3818 6104
127 245 182 312 695
356 250 545 310 HAYMONIS
559 248 804 307 Hennensem.
820 247 931 310 uulso.
949 246 1030 306 OPP.
1047 246 1140 304 PARS
1154 245 1177 303 1.
1195 274 1227 289 -
1243 242 1431 304 conum.
1447 242 1540 300 BIBL.
1711 240 1762 302 tuo

129 394 218 436 vacua
226 377 392 435 estabomni
400 377 583 434 utilitateilst
592 381 686 432 tamen
695 377 785 447 gloria
795 376 881 443 utilis,
891 373 1109 448 daAponderis,
1120 377 1149 428 et
1158 376 1225 428 suut
1242 388 1329 427 onera
1341 374 1531 446 peccatorum,
1541 370 1576 426 da
1587 369 1689 444 quibus
1698 369 1763 426 dicit

131 484 187 542 qua
195 468 332 525 Dominus
342 467 425 522 dicit:
438 469 492 535 Qut
503 484 544 520 me
554 469 759 535 ylariftmcerit,
770 467 927 534 glorificabo
968 463 1119 522 Psalrnista
1135 482 1140 516 :
1158 464 1295 530 Quoniam
1319 462 1483 529 iniquitates
1504 476 1569 515 enea
1588 475 1787 528 superpressaq

132 572 196 611 eum
205 560 231 624 (I
236 557 346 626 Repu).
354 556 407 620 Qui
418 560 484 609 sunt
493 571 559 625 ergo
569 553 663 625 cupidi
672 554 764 609 inanis
772 561 800 608 et
809 561 928 608 terrenae
969 558 1238 621 suntcaputmeum,
1260 555 1285 604 et
1303 553 1374 604 sicut
1384 549 1787 619 onusqraoe(l³sal.xxnr11lN

133 644 249 716 gloriael
262 645 316 709 Qui
330 661 380 715 per
394 644 447 698 hoc
461 643 535 714 quod
554 647 643 714 agunt
657 659 713 697 non
728 649 857 713 quaerunt
870 643 928 698 Deo
970 647 1022 697 etc.
1038 643 1076 696 De
1091 657 1146 711 quo
1161 654 1246 694 onere
1260 642 1290 693 et
1303 638 1348 692 hic
1362 637 1483 704 dicitur;
1502 641 1532 691 et
1546 642 1590 691 est
1604 653 1702 692 sensus
1715 656 1721 690 :
1735 637 1787 712 Q

134 733 253 805 placere,
266 749 356 805 neque
366 732 522 786 mercedem
531 737 642 786 aeternae
651 731 885 786 remunerationis
894 730 929 785 ab
972 732 1011 786 vis
1025 732 1167 801 patienter
1180 727 1287 800 portari
1302 733 1331 782 et
1345 727 1479 782 sustineri
1499 727 1523 780 si
1538 743 1647 797 peccas,
1663 733 1692 780 et
1705 743 1787 804 eug]

135 821 310 892 eorecipere,
325 821 374 875 sed
388 820 507 890 gloriam
524 827 551 874 et
563 820 673 875 laudem
689 820 885 891 temporalem,
896 820 931 875 de
972 820 1163 875 moderatione
1178 818 1289 887 corripi,
1305 821 1388 888 porta
1402 815 1533 871 similiter
1548 814 1690 887 patienter
1710 816 1782 891 leg

137 909 238 984 quibus
251 909 319 964 dicit
332 909 468 963 Dominus
481 911 600 964 :Omnia
614 926 701 980 opera
714 927 766 964 sua
780 909 887 963 iaciunt
900 915 932 966 ut
972 916 1043 964 trem
1059 915 1150 974 tuum,
1172 908 1195 962 si
1211 906 1375 978 peccauerit.
1392 906 1488 959 Potest
1511 910 1540 958 et
1555 905 1629 959 alter
1652 904 1744 962 intelli
1748 930 1787 994 m*

135 999 327 1070 glorificentur
340 997 375 1052 ab
390 997 549 1052 hominibus
563 999 670 1066 (Massa.
687 1004 775 1066 nuru).
791 998 841 1053 lati
855 999 931 1053 tales
973 998 1126 1053 secundum
1137 1012 1250 1051 sensum
1264 995 1339 1050 beati
1354 993 1538 1065 Hieronymi:
1552 993 1646 1047 Aliter
1655 992 1778 1066 alterim

136 1085 291 1141 audientia
300 1085 345 1140 die
360 1086 459 1155 judicii
471 1104 476 1139 :
487 1086 803 1158 Recepistismercedem
812 1091 933 1141 vestram
974 1103 1060 1142 onera
1069 1091 1188 1158 portate,
1201 1086 1253 1138 boc
1262 1088 1314 1145 est,
1326 1083 1375 1155 qui
1384 1082 1512 1137 abundas
1521 1081 1627 1136 divitiis
1637 1081 1766 1157 bonisque

138 1174 306 1243 (Mettium),
317 1174 382 1244 quia
392 1173 474 1228 multi
484 1181 559 1241 sunt,
572 1176 619 1245 qui
629 1191 685 1229 non
696 1177 785 1230 solum
800 1192 850 1247 pro
860 1175 932 1230 bono
973 1174 1184 1246 temporalibus,
1212 1178 1340 1227 sustenta
1364 1173 1481 1226 fratrem
1501 1186 1665 1242 pauperem.
1685 1170 1759 1236 Vertr·

138 1268 268 1334 quaerunt
278 1262 398 1329 laudari,
410 1264 459 1318 sed
469 1264 554 1318 etiam
564 1280 614 1334 pro
630 1265 703 1319 malo
716 1282 721 1317 ε
735 1269 764 1319 et
776 1281 831 1319 non
841 1266 932 1320 solum
974 1264 1083 1335 gratia:
1101 1262 1190 1317 habeo
1201 1277 1326 1317 sororem
1339 1261 1550 1331 pauperrimam
1561 1259 1642 1329 cujus
1652 1275 1752 1331 pauper.

139 1351 175 1406 ab
184 1346 258 1422 aliis,
265 1350 314 1406 sed
325 1351 502 1423 insuperipsi
512 1369 542 1406 se
553 1353 690 1408 extollunt
699 1359 727 1407 et
735 1355 892 1424 gloriantur
900 1354 935 1408 de
977 1359 1020 1407 tas
1034 1369 1105 1408 onus
1118 1368 1211 1406 meum
1227 1356 1279 1416 est,
1294 1349 1444 1420 praebendo
1458 1349 1485 1402 ei
1506 1349 1610 1403 rictum
1626 1354 1654 1401 et
1665 1348 1748 1405 alce-

138 1439 300 1495 virtutibus.
324 1440 450 1496 Perfecta
472 1446 566 1496 autem
581 1447 610 1495 et
631 1442 714 1513 plena
733 1450 774 1496 est
788 1443 889 1513 gloria,
902 1447 936 1497 ut
977 1443 1246 1507 mentum,sustento
1256 1455 1327 1493 onus
1335 1437 1509 1509 ejus.llabeo
1520 1452 1636 1491 uxorem
1644 1437 1746 1506 quianon

139 1529 224 1584 homo
236 1544 286 1600 pro
297 1527 370 1583 bono
380 1528 454 1599 quod
463 1529 530 1599 agit,
538 1530 722 1601 omnipotenti
732 1531 936 1585 Deodesideret
977 1547 1089 1602 possum
1103 1546 1163 1584 esse
1173 1528 1333 1595 continens,
1349 1527 1399 1581 sed
1410 1530 1537 1597 egestate
1548 1525 1634 1580 nimia
1643 1541 1744 1597 premor:

140 1617 170 1672 iu
185 1616 267 1672 corde
280 1618 401 1688 placere,
418 1621 447 1671 et
459 1616 495 1671 ab
508 1617 556 1671 illo
571 1618 726 1672 mercedem
743 1624 891 1690 exspectet,
909 1622 937 1674 at
978 1619 1079 1690 tuqui,
1094 1618 1151 1672 Deo
1162 1617 1293 1679 donante,
1307 1616 1453 1671 continens
1463 1632 1494 1670 es
1504 1619 1532 1670 et
1542 1614 1624 1669 bonis
1637 1621 1745 1685 tempora·

140 1705 305 1777 gaudentia
320 1705 404 1760 corde
421 1707 495 1777 quod
508 1708 616 1777 placeat
630 1708 756 1762 Creatori
771 1724 832 1771 suo,
855 1714 883 1762 et
897 1709 937 1762 ita
946 1707 1051 1787 Blibus
1063 1706 1200 1762 abundas
1211 1712 1293 1777 porta
1308 1721 1379 1760 onus
1395 1721 1500 1760 meum.
1511 1704 1581 1759 Vide
1593 1703 1745 1774 comparatio

141 1799 208 1865 agat
220 1794 325 1850 bonum
341 1794 414 1866 quod
433 1800 567 1865 operatur
581 1800 613 1850 ut
627 1810 698 1867 opus
712 1796 749 1850 sit
767 1797 796 1850 in
815 1795 935 1867 publico,
978 1813 1042 1851 nem
1058 1812 1203 1850 cervorum
1228 1794 1257 1849 in
1286 1792 1409 1865 Epistola
1433 1793 1469 1848 ad
1493 1792 1670 1848 Colosseuses
1686 1808 1744 1863 quan

141 1888 170 1938 et
188 1883 307 1938 intentio
326 1882 493 1939 inocculto.
515 1884 568 1948 Qui
587 1885 639 1940 hoc
657 1884 733 1949 lacit,
753 1886 800 1939 ille
821 1901 877 1939 non
896 1889 939 1939 est
978 1881 1745 1954 beatusAugustinusexhocdonatQuiaetsiinanim·

140 1971 259 2044 cupidus
273 1971 366 2027 inanis
379 1972 484 2043 gloriae.
503 1975 621 2028 laricem
640 1979 816 2042 prouocantes
836 1990 884 2028 ros
903 1973 938 2028 ad
979 1975 1053 2029 libus
1068 1975 1176 2028 ratione
1191 1989 1247 2027 non
1261 1972 1405 2027 utentibus
1419 1971 1490 2026 illud
1506 1971 1553 2037 sit,
1569 1975 1670 2042 quanto
1681 1969 1744 2039 uagis

141 2062 326 2128 iracundiam,
343 2061 378 2115 ad
395 2061 469 2128 lites,
485 2062 521 2116 ad
535 2064 737 2127 contentiones,
760 2066 878 2118 invicem
891 2066 938 2118 in·
979 2065 1009 2118 in
1019 2062 1179 2117 hominibus
1190 2061 1274 2116 debet
1282 2060 1359 2114 lieri?
1369 2060 1408 2125 Si,
1420 2060 1522 2132 inquit,
1530 2059 1584 2114 hoc
1593 2056 1744 2123 leocritiam

142 2151 262 2206 uidentes
277 2148 363 2203 vobis.
387 2149 472 2204 Erant
488 2165 519 2203 en
536 2150 642 2205 Galatis
658 2151 771 2221 quidam
795 2151 903 2207 seducti
921 2166 940 2205 a
980 2144 1743 2220 irnpleditr'slcqemdlrristi,hocest,pactumGhristiquol

141 2235 384 2308 pseudoapostolis
394 2241 422 2290 et
432 2252 448 2289 a
458 2236 472 2290 J
475 2236 570 2303 udaeis,
583 2239 783 2293 contendentes
792 2238 827 2294 da
839 2255 940 2309 ganea·
979 2239 1040 2310 ipse
1049 2238 1128 2293 dedit
1136 2239 1280 2309 discipulis
1290 2239 1359 2306 suis,
1370 2239 1465 2293 dicens
1478 2254 1483 2287 :
1497 2240 1554 2293 liae
1565 2241 1603 2290 est
1612 2237 1742 2304 praccptua

142 2324 224 2396 logiis
239 2330 267 2378 et
281 2324 481 2396 quaestionibus
495 2325 574 2395 legis.
592 2327 631 2380 Ex
647 2326 748 2398 quibus
764 2327 877 2397 quidam
892 2327 938 2381 di·
981 2342 1082 2392 meum,
1095 2334 1126 2380 at
1136 2328 1260 2394 diliqatrs
1270 2328 1387 2380 inuicem
1399 2325 1490 2391 (ioan.
1501 2328 1561 2390 xv),
1574 2322 1742 2377 etrnandalun

144 2413 245 2469 cebant
256 2426 262 2461 ι
273 2413 372 2467 Melior
381 2418 424 2467 est
438 2413 613 2468 circumcisio
629 2431 713 2486 quam
729 2414 893 2486 baptismus.
905 2416 940 2470 Et
981 2430 1083 2468 noctem
1097 2418 1131 2469 do
1146 2417 1229 2482 robis,
1246 2419 1276 2468 ut
1290 2415 1416 2481 diligatis
1431 2414 1548 2466 inuicem
1564 2414 1654 2483 (Joaa.
1667 2415 1718 2472 nul.

143 2506 269 2560 econtra
282 2502 330 2556 alii
346 2521 352 2555 :
371 2502 468 2556 Melior
482 2509 524 2558 est
544 2502 700 2575 baptismus
720 2521 803 2575 quam
819 2505 940 2560 circum·
1021 2509 1131 2563 Nomai
1145 2508 1206 2574 quis
1220 2507 1361 2559 caistimat
1376 2519 1402 2557 se
1417 2504 1528 2571 aliquid
1541 2518 1606 2566 esse,
1620 2516 1678 2554 cum
1692 2497 1741 2552 nilil

142 2591 230 2649 cisio:
246 2593 317 2646 ltem
332 2591 379 2645 alil
389 2590 520 2646 dicebant
531 2606 536 2640 τ
548 2593 644 2650 llelior
653 2599 695 2648 est
710 2593 843 2664 allegoria
856 2609 939 2664 quam
982 2601 1027 2661 sit,
1043 2597 1096 2650 hoc
1110 2598 1162 2658 est,
1177 2592 1225 2663 qui
1240 2591 1382 2645 conlidens
1396 2591 1424 2644 in
1437 2590 1496 2644 suis
1509 2589 1658 2644 annulus
1671 2593 1693 2641 et
1705 2600 1743 2638 ne

143 2679 280 2735 historia:
296 2678 362 2752 quia
376 2678 521 2751 allegoria.
532 2679 561 2734 id
576 2685 619 2734 est
632 2680 766 2750 spiritalis
782 2681 941 2752 intelligen·
982 2686 1055 2747 ritis,
1075 2682 1243 2752 dedignatur
1264 2695 1334 2735 onus
1356 2679 1451 2733 fratris
1472 2686 1596 2750 portare,
1616 2673 1742 2746 castigando

142 2770 183 2826 tia
192 2769 321 2835 viviticat,
334 2768 428 2823 littera
437 2768 546 2823 occiditv
556 2769 588 2823 Et
600 2785 615 2823 c
625 2775 723 2823 contra
733 2770 780 2824 alii
793 2770 939 2825 dicebant:
983 2790 1046 2830 cum
1057 2771 1194 2827 suauitate
1204 2774 1233 2824 et
1242 2768 1434 2823 admonitione
1445 2768 1531 2835 dulci,
1543 2783 1605 2822 cum
1616 2766 1704 2837 sitipse
1713 2760 1742 2816 ol·

143 2859 243 2915 Melior
254 2865 298 2914 est
309 2858 435 2925 historia,
446 2857 494 2912 ubi
509 2858 610 2912 raritas
620 2858 789 2926 continetur,
803 2876 886 2931 quam
903 2859 942 2913 al·
983 2863 1022 2917 hil
1037 2861 1111 2933 apud
1127 2861 1215 2914 ileum
1226 2862 1252 2913 et
1269 2857 1335 2928 quia
1347 2859 1408 2928 ejus
1422 2873 1508 2927 opera
1518 2856 1577 2910 Deo
1588 2871 1642 2909 non
1655 2850 1742 2925 pluant

143 2948 250 3018 legoria
261 2962 333 3001 vana
348 2951 377 3000 et
390 2945 555 3000 umbratica·
983 2956 1079 3020 ipsese
1100 2951 1202 3004 seducit
1221 2952 1249 3001 et
1268 2946 1381 3017 decipit.
1397 2946 1463 3000 ldeo
1482 2951 1580 2999 autem
1594 2943 1686 2998 dicitur
1696 2932 1744 2992 nihil

180 3038 299 3098 Fratres,
311 3040 336 3088 et
350 3037 376 3088 si
386 3041 590 3104 preoccupatus
604 3038 692 3104 feeerit
705 3037 784 3090 liorrro
799 3040 829 3090 iu
844 3040 940 3105 aliquo
951 3036 972 3096 C
984 3055 1055 3104 essa,
1070 3038 1135 3110 quia
1149 3054 1205 3091 non
1219 3036 1343 3090 adhaeret
1353 3034 1393 3089 illi
1404 3034 1452 3104 qui
1463 3023 1745 3087 substantialitatem

145 3127 251 3179 delicto.
266 3125 463 3195 Praoccupare
475 3130 519 3178 est
530 3124 695 3195 praevenire3
711 3126 784 3180 unde
795 3127 824 3181 in
834 3127 942 3197 psalmo
983 3146 1054 3191 esse,
1077 3126 1167 3199 etqui
1182 3130 1283 3180 nostrae
1299 3123 1445 3194 tragilitati
1459 3122 1620 3186 condolens,
1636 3135 1678 3191 pro
1689 3113 1744 3171 nobb

146 3211 266 3276 canitur,
281 3226 508 3279 preoccupemus,
521 3211 549 3265 id
565 3218 608 3267 est
619 3215 831 3284 praeveniamus,
844 3217 943 3283 (aciem
983 3216 1127 3272 humiliari
1151 3215 1284 3284 dignatus
1306 3218 1357 3278 est,
1383 3227 1447 3266 cum
1477 3212 1552 3265 Deus
1578 3216 1658 3263 esset.
1676 3199 1744 3261 Omnis

146 3303 205 3368 ejus
219 3300 427 3367 inconfusione
441 3300 525 3370 (Psoi.
542 3311 622 3369 xciv),
638 3309 814 3372 peccatorum
832 3309 942 3359 nostro·
984 3307 1059 3361 enim
1081 3309 1210 3359 creatura
1236 3319 1296 3373 quae
1318 3317 1374 3356 non
1393 3301 1520 3355 adhaeret
1538 3299 1579 3353 illi
1602 3297 1649 3370 qui
1666 3302 1746 3362 anper

147 3403 222 3443 rum.
238 3387 453 3458 Preoccupatur
467 3404 533 3458 crgo
547 3388 631 3444 homo
646 3391 674 3444 in
693 3397 816 3461 peccalo,
833 3392 943 3464 quando
985 3395 1070 3450 habet
1083 3410 1153 3455 esse,
1170 3392 1240 3447 nihil
1255 3397 1306 3445 est.

148 3475 240 3532 subito
266 3481 293 3531 et
312 3476 454 3548 insperato
472 3483 578 3551 peccat,
601 3479 674 3550 quod
693 3486 758 3534 ante
778 3497 834 3535 non
852 3482 945 3536 iuerat
1022 3475 1747 3553 Opusautemsuumprobetuatesquisque,hocest.o⁰t·

147 3563 493 3637 premeditatusQuando
503 3582 568 3621 vero
581 3568 791 3638 premeditatae
806 3570 944 3641 quomodo
985 3573 1089 3627 sideret
1098 3570 1165 3642 quid
1180 3568 1246 3622 boni
1259 3567 1361 3623 habeat
1373 3566 1489 3629 iactum,
1502 3568 1531 3619 et
1545 3563 1586 3618 sic
1598 3562 1626 3617 in
1638 3559 1747 3615 cardeam

148 3660 291 3726 perpetret
300 3653 494 3720 homicidium,
506 3656 685 3723 adulterium,
698 3663 748 3712 aut
761 3659 866 3729 aliquid
876 3660 944 3726 tale,
985 3659 1116 3731 gandeat,
1128 3674 1160 3711 eo
1172 3656 1245 3728 quod
1261 3656 1369 3726 placeat
1383 3652 1510 3708 Creatori
1525 3668 1588 3718 suo,
1601 3656 1628 3705 et
1639 3655 1748 3715 nonque·

148 3749 261 3799 nonest
283 3744 493 3815 praeoccupatio,
518 3746 566 3799 sed
584 3746 787 3816 praemeditatio
803 3753 831 3802 et
845 3764 945 3819 perpe·
986 3755 1032 3803 rat
1044 3747 1160 3802 alterius
1173 3745 1295 3799 laudem.

148 3831 234 3887 tratio
244 3831 373 3886 sceleris:
387 3838 415 3886 et
428 3833 512 3887 aliter
521 3834 767 3904 reprehendendus
779 3843 821 3890 est
836 3837 882 3891 ille
897 3837 945 3908 qui
1024 3838 1213 3905 Unusquisque
1225 3837 1299 3887 raim
1313 3847 1382 3887 onus
1398 3847 1481 3885 suum
1490 3830 1623 3899 portabit.
1636 3819 1752 3883 mnemia

148 3920 479 3991 insperatopeccat,quod
487 3927 551 3976 ante
561 3924 834 3993 praemeditatusnon
844 3926 945 3992 suerat,
987 3926 1117 3980 videntur
1129 3925 1188 3978 haec
1208 3921 1292 3976 verba
1314 3919 1514 3991 superioribus,
1531 3919 1577 3972 ubi
1597 3917 1664 3972 dixit
1678 3934 1684 3969 :
1696 3911 1752 3967 Alta

149 4008 178 4063 id
188 4014 232 4063 est
242 4015 397 4081 praeventus
408 4026 424 4063 a
435 4015 559 4081 peccato,
567 4016 596 4065 et
604 4011 686 4065 aliter
695 4012 754 4075 ille,
762 4013 809 4083 qui
819 4013 866 4067 diu
877 4012 947 4068 illud
987 4014 1104 4069 alterius
1114 4029 1200 4067 onera
1213 4015 1332 4082 portate.
1344 4010 1397 4065 Sed
1410 4007 1554 4063 sciendum
1566 4007 1633 4078 quia
1643 3998 1751 4077 perlittssl

150 4104 193 4151 est
203 4097 481 4168 premeditatusllle
491 4100 566 4153 enim
577 4100 769 4169 corripiendus
781 4105 824 4154 est
835 4117 898 4154 cum
909 4102 947 4156 la·
987 4103 1035 4157 illa
1050 4101 1086 4157 ad
1099 4106 1211 4171 tempus
1232 4098 1379 4170 presentis
1401 4097 1474 4161 vitae,
1499 4096 1554 4151 ista
1575 4111 1639 4151 vero
1653 4093 1683 4147 ad
1699 4087 1753 4144 tim

150 4185 239 4239 nitate
250 4186 404 4251 mentiare
414 4186 524 4241 labatur
533 4189 563 4242 in
572 4188 794 4258 desperationem
805 4205 810 4237 :
821 4190 946 4246 isterero
989 4189 1143 4253 mortis,vel
1152 4187 1323 4259 generaliter
1331 4186 1366 4240 ad
1374 4186 1449 4240 diem
1457 4184 1568 4256 judicii,
1580 4184 1753 4240 etestsensns:

151 4272 252 4326 acriori
267 4272 375 4343 indiget
389 4275 582 4345 castigatione.
599 4277 633 4331 Et
645 4276 714 4333 berre
729 4279 837 4333 addidit
851 4280 945 4344 homo,
955 4309 979 4368 D
988 4278 1089 4343 Qualia
1103 4277 1199 4333 lecerit
1212 4276 1415 4348 unusquisque,
1431 4276 1501 4330 talia
1515 4275 1632 4346 recipiet
1646 4293 1651 4327 :
1670 4272 1691 4326 si
1702 4268 1757 4321 baffi

152 4359 671 4435 quialragilisestetcaducus‚citoque
680 4364 775 4420 labens
783 4367 816 4420 ad
824 4368 946 4438 culpam,
988 4367 1093 4433 iezerit,
1112 4367 1184 4422 bana
1200 4366 1322 4437 recipiet,
1335 4365 1358 4419 si
1374 4364 1457 4430 mala,
1478 4364 1682 4418 damnationem
1694 4361 1756 4413 atet·

152 4451 181 4501 at
190 4448 311 4503 maxime
324 4449 371 4503 ille
381 4451 430 4521 qui
444 4449 650 4522 simplicitatem
665 4454 750 4509 habet
760 4456 820 4509 sine
833 4455 947 4510 astutia.
989 4472 1054 4510 narn
1066 4456 1189 4526 recipiet.
1209 4456 1243 4509 lit
1256 4454 1421 4518 notandum,
1434 4452 1501 4524 quia
1511 4468 1584 4506 onus
1598 4453 1625 4506 in
1640 4451 1721 4505 bonam
1731 4439 1757 4493 ἃ

159 4539 204 4593 Vos
217 4542 268 4608 qui
281 4541 419 4608 spiritales
431 4542 503 4606 estis,
516 4540 563 4610 qui
574 4541 674 4596 ducitis
684 4543 769 4597 vitam
780 4544 945 4614 spiritalem,
990 4547 1091 4600 malam
1108 4549 1216 4616 partem
1238 4544 1265 4597 in
1289 4543 1416 4597 hocloco
1432 4546 1524 4613 potest
1545 4541 1643 4612 accipi,
1664 4537 1716 4610 quia
1726 4521 1755 4584 al

151 4635 180 4685 et
195 4628 308 4684 solliciti
320 4628 387 4683 estis
401 4629 429 4683 in
440 4628 496 4682 fide
509 4634 537 4683 et
551 4629 581 4683 in
594 4630 730 4696 doctrina,
744 4632 808 4685 illos
820 4633 867 4703 qui
881 4649 948 4702 prae
989 4637 1092 4690 electos
1107 4640 1135 4688 et
1149 4631 1282 4704 reprobos
1302 4632 1432 4703 pertinet.
1450 4630 1528 4686 Onus
1549 4635 1700 4685 sanctorum
1715 4615 1756 4675 ait

152 4718 807 4792 occupanturetsimplicioressunl,instrm'teet
817 4719 949 4790 corripite
990 4720 1154 4791 aragaitudo
1167 4719 1282 4790 gloriae:
1299 4718 1562 4790 onusreproborum
1577 4703 1757 4775 instabilitati·

151 4809 209 4864 leni
222 4811 322 4865 ellectu
339 4813 368 4863 et
384 4824 449 4864 eum
473 4807 610 4863 suavitate
624 4808 737 4870 mentis,
752 4810 948 4879 promittentes
990 4810 1063 4864 seria
1077 4815 1106 4863 et
1119 4809 1268 4862 cruciatus.

153 4896 193 4950 eis
204 4899 323 4963 veniam,
336 4914 371 4953 ne
385 4899 458 4953 sorte
472 4898 501 4952 in
515 4896 624 4968 lapsum
640 4897 843 4968 desperationis
854 4903 946 4966 ruant,
1023 4898 1208 4952 Communium
1220 4903 1313 4951 autem
1330 4900 1353 4950 ts
1367 4901 1417 4965 qur'
1430 4898 1618 4952 catechizatur
1632 4897 1701 4952 ara
1709 4881 1752 4945 llll·

153 4987 326 5040 considerans
341 4990 466 5055 teipsum,
483 4987 550 5058 quia
568 4986 651 5040 homo
664 4985 772 5055 fragilis
787 4994 894 5042 naturae
907 5005 946 5050 es,
990 4991 1016 5040 ci
1027 4990 1077 5054 qui
1088 5003 1115 5039 sc
1125 4987 1283 5050 catechizat,
1294 4988 1326 5039 in
1338 4988 1466 5039 omnibus
1479 4987 1567 5054 bonis,
1578 4986 1607 5041 id
1616 4977 1755 5047 cauare

153 5071 544 5146 sicutetille,ideoquepotes
557 5075 660 5129 tentari
673 5076 949 5146 etpraereniriapec-
989 5077 1032 5129 lus
1047 5075 1088 5128 vel
1109 5074 1228 5145 quilibet
1250 5074 1362 5128 auditor
1385 5074 1433 5144 qui
1448 5074 1601 5130 instruitur
1621 5079 1649 5128 et
1668 5069 1754 5127 omar

154 5164 216 5214 cato
230 5161 303 5214 sicut
317 5166 346 5214 et
360 5162 406 5215 ille
424 5181 430 5215 :
453 5167 482 5214 et
496 5162 562 5216 dum
582 5163 803 5217 consideraveris
822 5168 849 5217 te
867 5181 948 5234 posse
988 5162 1072 5216 verbo
1086 5163 1230 5223 doctrinm.
1243 5163 1429 5218 communicet
1446 5164 1489 5217 rel
1504 5164 1679 5219 administret
1690 5148 1753 5223 alil·

154 5249 266 5314 tentari,
284 5253 313 5302 et
327 5249 355 5301 in
370 5255 514 5320 peccatum
530 5267 620 5316 ruere,
639 5250 721 5305 sicuti
736 5251 819 5305 velles
834 5252 946 5323 corripi,
989 5257 1047 5305 stro
1058 5251 1100 5305 rel
1113 5250 1289 5322 praedicatori
1304 5251 1332 5304 in
1345 5251 1475 5305 omnibus
1485 5251 1565 5307 bonis
1576 5251 1624 5324 qui
1633 5237 1753 5307 seinmdt

154 5337 179 5391 si
190 5337 257 5391 talia
270 5353 378 5408 ageres,
391 5344 419 5392 at
432 5337 563 5407 castigari
575 5356 638 5394 cum
654 5340 769 5400 lenitate
783 5341 894 5407 mentis,
909 5341 948 5395 ita
990 5346 1019 5395 et
1028 5340 1116 5395 docet.
1127 5341 1278 5395 auditores
1289 5340 1477 5410 etdiscipulos
1490 5340 1633 5407 admonet,
1644 5346 1674 5396 ut
1686 5336 1752 5394 tear

153 5424 262 5497 corripe
277 5431 305 5480 et
319 5425 438 5479 admone
452 5424 541 5479 illum.
990 5428 1067 5483 ribus
1080 5429 1139 5483 suis
1153 5446 1170 5482 a
1185 5429 1286 5500 quibus
1301 5429 1442 5499 acciplunt
1456 5429 1573 5484 verbum
1587 5432 1649 5486 rita
1665 5436 1691 5484 et
1701 5416 1752 5481 illel

187 5518 265 5573 Alter
278 5516 395 5572 atterius
411 5529 496 5571 oaora
511 5520 628 5585 portate.
645 5516 717 5572 Sunt
729 5533 815 5574 onera
829 5519 950 5590 alicujus
990 5517 1151 5593 impendere
1162 5518 1295 5574 studeant
1304 5517 1375 5573 bona
1384 5518 1563 5590 temporalia,
1571 5517 1753 5576 hecataeus
