3818 6104
259 311 450 371 numerale
465 311 505 366 lN
522 310 598 365 EPP.
615 310 643 365 S.
662 307 780 363 PAULI.
797 306 884 361 -ΙΝ
899 307 1010 363 Epist.
1024 308 1072 363 llll
1088 309 1174 365 ROM.
1480 318 1532 378 tus

109 440 374 503 stamineorum
383 452 475 489 insuia
491 434 687 499 honorificabo.
700 439 721 494 Α
733 447 764 484 ex
779 430 918 484 fermento
929 430 1020 485 serina
1030 432 1213 502 dignoscitur.
1228 437 1280 491 llic
1291 446 1385 494 nutent
1399 441 1533 498 delibatio

109 528 205 602 postoli
218 525 336 595 singulis
351 525 380 578 in
396 525 463 577 locis
478 523 529 576 sibl
546 521 695 576 destinatis
736 528 847 573 sanctos
860 519 1001 588 significat
1011 523 1162 591 epistolas.
1175 540 1268 579 massa
1286 543 1351 581 vero
1367 536 1460 599 patres
1470 548 1535 587 san·

113 617 217 673 paulus
226 614 370 685 apostolus
382 628 452 682 pone
462 612 593 666 omnibus
606 609 696 678 genti·
736 618 805 672 ctos,
821 608 975 671 Abraham.
987 609 1077 673 lsaac,
1088 611 1182 674 Jacob.
1201 613 1297 676 David,
1315 617 1428 682 lanium.
1441 626 1470 674 et
1486 638 1533 677 rs·

109 714 134 763 ι,
144 705 210 777 quia
223 721 241 758 a
257 702 374 757 pomino
388 701 495 755 audivit
513 720 518 753 :
535 701 619 766 Lunpe
632 702 696 751 atit-
737 697 839 767 liquos,
850 714 882 751 ex
898 715 1017 768 quorum
1033 701 1167 769 progenie
1181 704 1300 773 apostoli
1317 706 1532 767 descenderunt.

110 800 148 851 ter
165 796 232 858 (Act.
247 804 321 850 artu.
338 790 399 853 Qua
411 790 446 843 dc
460 805 545 843 causa
557 789 616 858 ipse
631 803 696 857 pro·
739 786 810 851 Ergo
824 786 848 838 si
859 787 977 855 apostoli
993 789 1092 851 sancti,
1104 797 1138 843 et
1147 798 1241 861 patres
1251 808 1370 862 quorum
1385 798 1469 852 tld'em
1481 800 1538 872 ipsl·

109 882 243 939 „mutii
256 877 533 950 gentiurmsicutalio
543 876 604 930 loco
613 879 698 929 testa·
739 873 856 943 apostoli
871 876 992 929 assecuti
1006 883 1035 930 ct
1045 877 1145 932 imitati
1158 885 1233 944 sunt,
1248 883 1474 951 sanctitatem,
1488 902 1537 960 po-

109 975 139 1027 ui
145 975 273 1040 operulas
281 974 318 1021 est
330 971 407 1021 Petro
415 969 447 1020 in
455 965 700 1034 ‹apostotoluntcir·
739 967 794 1014 test
808 968 836 1014 et
846 969 1016 1032 praepostero
1030 965 1128 1020 ordine
1140 983 1194 1021 non
1205 969 1447 1030 inconvenientius
1454 977 1513 1033 dici
1528 1001 1533 1034 :

109 1062 301 1129 matiscenci
313 1056 384 1108 inibi
394 1051 644 1119 interpentesttloi.
654 1054 696 1116 nu
740 1049 763 1102 si
779 1065 870 1105 massa
883 1059 980 1106 sancta
990 1053 1019 1105 in
1034 1053 1171 1123 patribus,
1186 1073 1253 1127 ergo
1263 1065 1292 1113 et
1306 1059 1440 1117 delibatio
1456 1066 1536 1123 umi-

109 1154 201 1205 auum
213 1144 357 1200 constituit
365 1143 517 1213 principem
525 1141 539 1194 J
543 1140 697 1202 uiuorum,
740 1138 805 1191 liter
823 1144 921 1193 sancte
933 1138 963 1193 in
975 1142 1109 1211 apostolis
1123 1145 1285 1217 cteteusque
1296 1150 1537 1228 credentibus‚qui

109 1237 207 1292 mituli
214 1243 245 1289 ut
255 1234 306 1288 sim
317 1233 445 1303 princeps
453 1238 481 1284 et
490 1229 634 1300 apostolus
642 1244 699 1282 om·
741 1227 824 1281 sidem
841 1234 952 1298 patrum
968 1230 1105 1285 veraciter
1118 1231 1322 1291 habueruutlit
1335 1243 1360 1293 si
1373 1245 1457 1297 rodis
1469 1262 1539 1303 sou-

109 1322 381 1383 ..ueneautemdicu
391 1318 593 1377 :Ministcrium
606 1332 699 1370 rusum
742 1320 794 1379 cto,
806 1321 830 1370 et
843 1320 926 1369 ratiti.
939 1317 1064 1389 ldipsum
1083 1322 1205 1391 appellat
1224 1327 1306 1380 modo
1323 1329 1447 1386 radicem
1462 1337 1537 1404 quod

113 1413 196 1469 idest
211 1410 436 1482 praedicationem
452 1409 561 1478 inopus
581 1412 697 1459 vertam.
742 1405 871 1475 superius
884 1422 1003 1461 massam
1019 1431 1025 1465 :
1041 1413 1070 1463 et
1092 1409 1166 1464 idem
1189 1412 1349 1482 signinam
1369 1421 1441 1474 rami
1466 1425 1541 1493 quod

109 1497 463 1574 pmdicatorrninisterium
474 1512 556 1550 suurn
570 1494 701 1547 honoriti-
743 1492 886 1548 delibatio.
900 1495 998 1550 Patres
1012 1496 1140 1553 videlicet
1154 1500 1264 1557 Veteris
1274 1504 1448 1563 Testamenti
1475 1517 1543 1569 cunt

114 1592 268 1645 mundum
288 1586 357 1640 illud
373 1585 446 1656 quod
460 1584 592 1655 praedicat
611 1582 702 1635 rivere
745 1597 837 1636 massa
850 1583 977 1649 otradiz,
994 1585 1104 1655 quiade
1118 1587 1489 1669 illorurnproseplasumpta
1499 1607 1544 1659 cst

111 1678 146 1733 od
160 1677 293 1748 praedicat
307 1691 365 1733 ore.
380 1674 498 1727 honoret
513 1678 539 1726 et
556 1671 705 1725 conlirniet
745 1669 877 1724 delibatio
888 1678 916 1725 et
924 1682 1119 1743 processerunt
1127 1678 1210 1742 mini,
1226 1679 1254 1732 id
1267 1688 1310 1735 est
1323 1686 1451 1753 apostoli.
1465 1689 1546 1745 Sicut·

109 1784 121 1823 0
135 1766 272 1835 bonisque
286 1762 428 1833 operibus,
443 1761 532 1815 Aliter
548 1778 553 1812 :
576 1759 735 1850 ululate-B
746 1774 813 1828 ergo
827 1759 906 1813 radix
920 1760 993 1815 bona
1006 1761 1108 1818 bonurn
1124 1782 1237 1820 succum
1249 1768 1382 1827 dillundit
1392 1791 1442 1844 per
1449 1793 1544 1834 ramos

109 1851 354 1911 tonorrllcabolroc
364 1858 419 1903 est:
429 1849 549 1919 gratiam
563 1847 704 1918 Evangelii
747 1846 794 1901 ubi
808 1853 875 1903 sunt
884 1847 990 1905 tructus
998 1849 1062 1906 boni
1073 1855 1233 1923 saporisita
1248 1861 1381 1926 apostoli,
1392 1863 1441 1932 qui
1456 1864 1545 1936 origi-

109 1941 227 2005 mtjbue
240 1939 341 2010 quibus
356 1939 501 2008 delegatus
514 1954 575 1991 sum
592 1943 706 2008 aposto-
747 1952 811 1989 nem
827 1936 968 1991 duxerunt
982 1954 998 1992 a
1013 1941 1119 1994 sanctis
1137 1944 1265 2012 patribus
1289 1954 1318 2001 et
1336 1964 1433 2004 eorum
1458 1953 1544 2011 uilem

109 2047 142 2095 n,
159 2030 207 2084 sed
223 2029 306 2083 etium
321 2027 424 2081 ludaeis
439 2026 578 2096 impertiri
590 2023 704 2080 curabo.
747 2023 850 2078 imitati
863 2027 1032 2088 sunt‚sancti
1046 2035 1073 2083 et
1084 2028 1149 2084 boni
1162 2031 1284 2089 luerunt.
1298 2035 1316 2090 J
1318 2053 1363 2090 arn
1376 2041 1507 2108 superius
1515 2043 1545 2099 in

109 2127 212 2175 uorum
228 2116 416 2171 numerositas
428 2120 471 2168 est
480 2114 640 2168 auditorum
656 2113 707 2168 :Si
749 2111 932 2181 bucEpistoln
939 2115 1058 2170 alteram
1068 2132 1398 2196 massampusuerat‚qua
1408 2128 1547 2198 signiace-

109 2209 312 2265 mumttonern
327 2220 466 2273 provocem
479 2218 590 2257 curnem
606 2217 704 2262 meam,
748 2205 796 2254 tur
808 2202 1002 2257 mortaliteset
1012 2209 1272 2274 peccatumrldreet
1281 2228 1313 2265 er
1323 2215 1459 2283 quatiunt
1468 2233 1547 2289 quei·

109 2312 139 2351 ‚m
151 2298 260 2364 aliquos
270 2310 302 2347 as
311 2292 412 2347 ultast
424 2306 479 2362 quo
492 2291 614 2344 modoad
623 2304 708 2345 situu-
748 2289 813 2342 darn
820 2306 887 2343 vasu
900 2291 1073 2347 inhonorem
1088 2312 1139 2365 per
1149 2297 1369 2355 misericordiam
1379 2305 1479 2375 gratiae
1488 2307 1547 2364 Dei:

109 2401 208 2439 tvocern
231 2398 354 2446 carnem,
371 2382 423 2435 hoc
448 2387 506 2434 est:
517 2378 708 2433 idcircomini·
749 2377 876 2447 quaedam
894 2392 957 2432 sero
972 2379 1046 2450 justo
1060 2382 1110 2437 Dei
1120 2385 1227 2453 judicio
1241 2386 1269 2441 in
1285 2382 1549 2452 contumeliamllic

111 2488 138 2531 m
153 2470 353 2527 honorificabo.
365 2475 397 2523 ut
407 2470 502 2539 aliquo
512 2469 594 2522 modo
604 2465 709 2520 adlmi-
749 2482 815 2518 vero
832 2482 924 2520 inassa
938 2467 967 2523 in
983 2465 1054 2523 bono
1069 2473 1312 2543 accipitur.l’otcst
1325 2485 1354 2533 et
1367 2484 1550 2551 perrodicem

114 2577 261 2635 provocem
281 2559 392 2614 ludaeos
415 2574 447 2611 ex
472 2557 573 2627 quibus
595 2571 708 2610 carnem
751 2554 870 2624 intelligi
884 2554 1023 2622 Christus,
1041 2575 1090 2629 per
1103 2577 1195 2616 ramos
1206 2571 1300 2619 autem
1314 2571 1434 2636 apostoli
1447 2571 1551 2643 aliique

109 2667 131 2707 te
144 2648 282 2705 imitando
296 2648 448 2712 salventur,
461 2646 534 2700 sicut
548 2652 575 2698 ct
590 2661 641 2715 ego
653 2643 710 2696 sal·
752 2641 897 2696 credentes
913 2661 919 2696 :
936 2644 1012 2713 quia,
1025 2645 1098 2700 sicut
1115 2664 1132 2701 a
1146 2649 1239 2704 radice
1256 2653 1396 2709 emittitur
1407 2673 1506 2713 succus
1521 2661 1551 2717 in

109 2756 177 2803 mm,
192 2738 245 2791 etsi
260 2753 315 2792 non
329 2752 436 2801 omues,
448 2735 548 2788 saltem
558 2733 599 2788 vel
606 2748 710 2803 paucos
752 2745 846 2783 ramos
861 2731 1009 2795 attriverit,
1022 2733 1060 2786 lta
1076 2741 1104 2789 et
1115 2735 1143 2789 in
1154 2736 1184 2791 Ol
1199 2728 1267 2793 risto
1281 2739 1379 2797 vivunt
1390 2760 1552 2804 omnescre·

116 2825 228 2884 faciam,
752 2818 859 2875 dentes.
877 2818 913 2872 ab
929 2816 977 2874 illo
991 2837 1074 2876 omne
1090 2822 1194 2879 bonurn
1215 2828 1392 2900 accipientes,
1421 2835 1502 2906 cujus
1522 2841 1552 2891 et

109 2919 183 2971 tissio
194 2930 288 2970 eorum
297 2913 527 2967 reconciliationi
534 2910 635 2963 usundi
641 2923 711 2975 :qua
752 2905 881 2961 membra
898 2911 976 2963 suni·

109 3003 212 3059 ‚bandis
227 3002 289 3064 erit,
306 3003 363 3054 uisi
376 3002 433 3053 cito
449 3015 481 3052 en
496 2996 711 3052 rnortuirffien·
788 2996 865 3063 Quod
877 2999 903 3049 ti
915 2999 1008 3066 aliqui
1020 3015 1053 3053 eo
1068 3006 1155 3056 rumis
1165 3004 1251 3072 fracti
1261 3015 1327 3063 tunt
1346 3009 1375 3065 in
1385 3002 1553 3072 infidelitate

109 3093 200 3149 diest:
216 3092 244 3145 si
256 3089 368 3144 antissio
382 3087 551 3149 ludaeorum,
560 3102 621 3156 quse
631 3085 712 3138 dere-
753 3083 935 3149 remanendo,
947 3088 977 3139 tu
991 3091 1083 3141 outem
1102 3106 1164 3143 curn
1178 3095 1293 3149 oleaster
1307 3113 1383 3163 esses,
1392 3104 1469 3154 totus
1478 3090 1554 3157 scill-

109 3189 150 3237 tm
165 3187 279 3252 propter
294 3178 500 3239 infidelitatem,
525 3175 651 3244 gentium
667 3189 713 3227 re·
754 3177 799 3225 cet
812 3176 1072 3242 peperceramus
1085 3194 1112 3231 es
1122 3182 1153 3232 in
1170 3182 1270 3246 attend
1286 3185 1373 3240 estin
1391 3184 1483 3244 locum
1494 3190 1554 3248 illo·

109 3272 149 3336 iit,
165 3268 267 3339 quibus
280 3269 352 3321 Deus
378 3276 443 3319 ante
471 3264 622 3317 adrentum
649 3261 713 3316 Filii
754 3276 817 3314 rum
829 3262 1123 3327 successistictrccius
1135 3269 1225 3334 sactus
1241 3264 1423 3344 eramentu
1434 3270 1553 3336 estildei

109 3359 173 3415 todo
189 3358 279 3410 iratus
294 3362 363 3412 erat.
380 3359 486 3423 quanto
501 3353 590 3422 magis
605 3367 714 3405 assum·
754 3356 915 3405 sanctorum
932 3356 1054 3421 patrum,
1069 3359 1092 3407 rt
1104 3359 1285 3424 pinquediiu't
1297 3363 1382 3425 oliae.
1396 3367 1496 3437 g'ratiae'
1513 3369 1554 3423 ti-

109 3440 714 3520 ,qusassumunturadlidempraestabltele-
755 3437 856 3491 delicet
869 3438 960 3492 sanctl
975 3439 1096 3510 Spiritus
1113 3458 1118 3490 :
1137 3444 1195 3497 noll
1207 3446 1329 3512 pluriori
1349 3465 1440 3523 neque
1459 3455 1554 3511 eitolli

109 3552 112 3588 :
127 3534 247 3589 mortuis
259 3532 271 3584 l
282 3531 383 3586 Statim
394 3530 468 3583 enirn
483 3529 564 3583 utilli
578 3527 714 3599 ceperint
755 3527 884 3580 adversus
898 3540 993 3582 runaut
1007 3528 1035 3581 in
1060 3529 1224 3588 inlldelitatc
1241 3543 1395 3593 manentes.
1415 3540 1488 3596 Nam
1514 3531 1555 3600 illi

109 3640 143 3678 cr
155 3624 250 3684 lidern,
264 3621 312 3691 qui
327 3625 411 3673 antea
427 3617 530 3671 mortui
540 3623 622 3670 erant
636 3617 663 3670 iu
674 3616 714 3669 in·
755 3615 844 3667 sancti
860 3621 954 3684 patres
972 3615 1109 3685 Spiritum
1123 3625 1250 3675 sanctum
1264 3623 1432 3685 babuerunt:
1445 3630 1555 3687 undeet

109 3712 180 3767 penit
192 3712 251 3763 dies
264 3708 403 3778 judicii.et
416 3713 564 3775 resurgent
574 3704 714 3759 omnesde
756 3703 831 3756 uncti
847 3702 897 3757 Dei
909 3704 1134 3774 appellabantur,
1150 3710 1222 3764 sicut
1236 3716 1279 3766 est
1291 3713 1358 3769 illud
1378 3710 1487 3774 :Nolite
1494 3727 1555 3777 ts'n·

109 3794 599 3869 2,viventquertrnnesclectiinvita
610 3801 716 3848 eterna
755 3808 822 3862 gere
836 3791 956 3846 christos
969 3809 1046 3847 meos
1061 3796 1143 3857 (Ptol.
1162 3805 1226 3857 civi.
1251 3803 1374 3871 quodde
1401 3802 1553 3879 Abraham,

119 3887 242 3943 cbristo.
260 3882 367 3938 Profuit
378 3882 481 3937 etenim
494 3880 625 3951 gentibus
636 3880 671 3934 ad
681 3881 715 3934 li·
757 3879 836 3933 lsaac
850 3884 879 3934 ct
892 3879 1001 3935 caeteris
1015 3881 1227 3953 intelligendum
1244 3894 1294 3941 est.
1313 3890 1403 3946 Aliter
1418 3911 1425 3947 :
1444 3911 1493 3965 per
1508 3914 1554 3952 rs·

109 3992 229 4039 taurum,
244 3971 367 4044 proderit
377 3968 716 4040 etassurnptio.quoniam
757 3969 850 4033 dicem,
861 3969 964 4023 iterum
974 3968 1031 4023 alio
1047 3970 1129 4024 rnodo
1143 3988 1290 4042 possumus
1300 3976 1457 4051 intelligere
1472 3982 1554 4039 Citri-

109 4065 222 4120 dabitur
237 4062 333 4118 electis
346 4078 379 4114 cx
402 4059 529 4113 mortuis.
548 4058 610 4112 Alio
622 4057 713 4119 modo,
757 4063 841 4117 stum.
856 4063 889 4110 ut
902 4057 935 4111 sit
947 4061 1046 4112 seusus
1062 4076 1067 4111 :
1081 4058 1179 4114 Socios
1194 4060 1303 4125 radicis,
1316 4064 1397 4120 idest
1410 4066 1557 4133 Christiet

109 4152 248 4211 cnottrine
259 4150 377 4221 apostoli
390 4156 507 4219 possunt
522 4145 652 4216 intelligi.
669 4145 717 4216 qui
759 4144 936 4215 pinguedinis
947 4146 1035 4203 olivae.
1051 4149 1150 4217 glutire
1165 4148 1293 4206 videlicet
1306 4152 1426 4223 Spiritus
1454 4158 1553 4224 sancti

109 4242 195 4299 tubus
210 4241 266 4294 vita
280 4239 457 4293 exstiterunt.
479 4237 555 4300 Quae.
573 4235 719 4304 inquitas-
759 4232 849 4288 lactus
864 4248 904 4300 cs,
921 4248 957 4289 ne
977 4225 1120 4290 eltollaris
1144 4237 1173 4291 in
1197 4240 1369 4311 superbiam.
1381 4246 1416 4300 ris
1443 4247 1557 4306 duritias

119 4331 173 4386 niet
183 4331 237 4384 vita
253 4346 285 4383 er
297 4326 435 4381 mortuis?
446 4326 472 4378 id
484 4332 527 4381 cst
542 4346 547 4376 ε
565 4324 631 4394 quid
642 4323 719 4377 aliud
761 4322 881 4393 gratiam
898 4324 1032 4394 quaedata
1047 4325 1161 4380 esttibi.
1175 4327 1299 4385 Gentiles
1313 4332 1468 4405 alloquitur
1481 4339 1557 4409 Apo·

109 4420 140 4475 ni
154 4418 274 4474 stelecti
289 4433 304 4469 a
322 4417 378 4470 lico
395 4431 427 4468 ea
442 4414 539 4467 eadem
555 4412 721 4482 plebe‚sicut
763 4412 860 4477 stolus,
877 4419 906 4465 et
916 4412 1266 4487 loquituromnibusquasi
1279 4420 1327 4475 uni
1342 4421 1558 4483 llamoslr'aictos

109 4505 285 4575 “perplui
309 4504 463 4559 credentes,
490 4501 537 4572 qui
563 4518 612 4556 vos
634 4501 720 4555 etism
760 4489 1555 4584 (utdlxirnuslapprllatiudaeosininfidelitatcnirinente's'‚

109 4614 130 4653 u
142 4596 179 4651 ad
205 4595 289 4649 sidem
305 4590 553 4648 christianitates
569 4606 618 4659 per
635 4589 720 4643 vitam
762 4588 836 4659 qnia
851 4589 954 4652 radice,
970 4589 1049 4645 idest
1062 4607 1079 4645 a
1093 4590 1147 4646 lide
1162 4595 1384 4664 patriarcharum
1399 4601 1439 4655 vel
1449 4607 1466 4657 a'
1476 4604 1558 4659 curi-

111 4685 203 4742 ortuis
216 4684 320 4739 ludaeis
340 4679 516 4735 inlldelibusl
531 4679 560 4733 Si
585 4679 661 4733 enini
681 4679 723 4734 illl
764 4683 807 4731 sto
821 4686 997 4735 recesserunt
1009 4680 1175 4735 :oleastrum
1186 4687 1280 4736 autem
1288 4674 1559 4759 gentilesquiiiilr‘u·

109 4774 267 4832 tudelltstis
278 4772 521 4827 reconciliatonem
532 4768 723 4839 praestiterunt
763 4767 852 4821 ctuosi
867 4772 934 4820 ante
948 4768 1059 4822 Domini
1070 4770 1221 4825 adventum
1231 4777 1464 4844 erantagresterd
1474 4779 1559 4836 vitam

122 4864 173 4938 qni
182 4864 212 4917 ln
221 4863 386 4917 infidelitate
395 4860 499 4914 mortui
510 4875 564 4914 non
575 4858 722 4923 samusart
762 4855 937 4919 desecuisset
954 4862 997 4910 est
1008 4870 1125 4911 sensns:
1143 4859 1304 4928 Ogentllls,
1319 4861 1342 4914 si
1357 4862 1434 4919 vides
1448 4866 1558 4940 aliquos

109 4970 142 5010 un
157 4952 238 5024 quasi
252 4952 307 5005 riri
320 4968 353 5004 ex
366 4949 483 5003 mortius
496 4948 597 5002 serrati
613 4962 721 5001 sumust
763 4943 777 4996 J
781 4943 925 4998 udreorum
936 4946 1053 5014 agretia
1065 4946 1168 4999 christi
1178 4945 1285 5001 alienos
1294 4949 1469 5017 exsisterem
1479 4948 1564 5014 ulldtt

109 5043 220 5098 stitutio
233 5047 328 5094 conclu
343 5045 381 5092 est
407 5044 431 5091 et
458 5053 558 5093 morso.
581 5036 723 5091 Delibatio
764 5033 999 5103 patriarcharum.
1017 5041 1045 5087 et
1059 5040 1086 5087 te
1097 5035 1125 5088 in
1136 5035 1228 5089 locurn
1244 5035 1434 5108 illuminasse,
1443 5045 1564 5103 toclblri*

109 5129 301 5200 pioquaedam,
318 5128 374 5180 sire
394 5125 522 5195 primitie
538 5123 722 5193 alicujusrei.
767 5137 821 5193 que
840 5121 943 5175 lectum
960 5121 1022 5176 lidei
1038 5128 1161 5191 patrum,
1177 5131 1205 5179 et
1226 5125 1438 5201 Christi.stque
1465 5137 1563 5204 gratiae

109 5232 131 5272 t:
148 5217 263 5289 quando
277 5215 414 5287 porticula
428 5214 565 5283 accipitur
578 5230 611 5266 ex
635 5228 727 5266 massa
768 5209 1057 5280 Spiritussanctianoli
1067 5210 1210 5282 despicere
1222 5213 1296 5280 illas,
1308 5224 1561 5292 nequeettolleris‚

109 5306 206 5368 iasine.
224 5312 252 5359 ct
268 5309 456 5375 praegustatur
468 5303 548 5370 cujus
562 5301 670 5372 saporis
691 5300 729 5354 sit
769 5315 804 5352 ne
820 5299 890 5352 lorte
905 5297 1019 5351 amittas
1036 5298 1233 5370 gratiamque
1247 5302 1314 5357 deta
1328 5310 1371 5358 est
1390 5308 1442 5362 tibi
1463 5313 1562 5380 gratis.

109 5411 134 5451 nt
144 5394 275 5451 naturale
291 5401 334 5447 est
348 5403 379 5447 ut
393 5392 485 5445 omnis
511 5406 555 5444 res
570 5408 631 5461 quae
647 5390 729 5444 unius
773 5387 887 5454 Quodsi
901 5387 1033 5453 ploriotia
1044 5394 1143 5442 contra
1155 5391 1259 5460 eosqui
1277 5391 1347 5463 lapsi
1362 5403 1438 5459 sunt,
1452 5401 1565 5454 arande

109 5483 267 5551 *divisa
283 5499 332 5553 per
346 5487 450 5552 partes,
464 5479 492 5532 in
506 5479 604 5533 eaedem
618 5494 732 5548 pernis·
773 5476 839 5547 qnia
853 5491 910 5528 iton
924 5479 954 5527 tu
963 5475 1086 5530 iudicent
1096 5481 1254 5546 ponuaqsed
1268 5484 1568 5549 t·oditt-tt.Qnasidics·

109 5571 269 5647 mm„
283 5569 435 5647 „prisci
448 5566 733 5645 qualitatissitesicat
772 5569 834 5620 ret-z
851 5563 881 5620 Si
895 5562 1125 5644 mutauerat
1137 5567 1395 5629 audebumlistist
1406 5578 1576 5649 mpetu
