3818 6104
107 342 112 347 ,
214 269 268 330 113
423 272 614 330 edinerus
632 272 876 331 HAIBMM.
894 273 1009 331 Eme.
1027 273 1110 330 ΟΡΡ.
1132 273 1225 329 PARS
1243 272 1266 329 l.
1286 302 1322 318 -
1337 271 1531 329 comdant.
1551 272 1645 328 BIBL.
1801 268 1854 327 Μ

215 398 365 470 eantque
375 399 632 471 quammdiligene
653 415 752 454 nomm
766 400 867 454 fuisset
876 400 1012 471 aparatio,
1024 407 1044 459 Α
1054 399 1122 468 lem)
1130 398 1407 464 austrumeirieurn,
1424 396 1804 468 meridiemqueetgniteent.
1817 395 1857 454 Gt

215 492 314 542 umen
323 504 449 543 racemos
456 488 559 544 vitibus
578 489 705 560 foliisque
713 490 819 549 relatos
832 490 907 543 inter
918 489 1016 560 palmi·
1056 495 1099 542 est
1113 504 1212 542 sensus
1229 508 1234 541 :
1250 489 1400 560 Postquam
1413 487 1641 558 supervenientes
1655 485 1754 540 audire
1763 501 1856 556 caepe·

214 582 262 630 tes
278 576 458 648 reliquissent
479 577 527 632 isti
536 584 631 632 eutem
645 577 859 631 undemiatores
870 576 1016 648 Babylonii
1056 578 1096 631 ris
1109 578 1248 639 nouerat
1257 565 1393 648 ruperint
1406 575 1456 634 tibi
1468 575 1595 642 illudere,
1610 576 1638 628 in
1648 589 1856 644 querumnunc

215 662 488 736 intelligenturcum
500 666 571 723 deme
587 680 648 731 suo,
663 666 721 737 qui,
747 665 867 720 Domine
888 665 1014 736 jubente,
1055 681 1125 737 paee
1139 665 1265 730 confidis,
1280 665 1421 737 parabunt
1433 664 1520 718 fortes
1535 665 1615 735 regni
1633 663 1686 728 tui,
1706 664 1756 735 qui
1775 663 1856 717 habi-

218 753 347 813 earudara
363 754 471 825 plebem
479 755 685 810 vindemiantes
691 754 903 821 interlecemut,
915 760 1017 826 etspe-
1054 747 1120 810 'tant
1132 754 1336 819 inmanitate
1347 754 1469 809 intereat
1481 753 1523 807 rir
1536 742 1572 807 ele
1587 757 1684 807 monte
1705 752 1791 818 man,
1808 754 1856 824 qui

215 841 368 908 fluorum,
382 843 510 914 nihilque
530 844 585 908 luit
606 843 813 909 &eonditum
827 843 903 915 qued
914 860 965 902 ees
978 845 1018 899 la·
1058 849 1087 898 at
1099 859 1227 915 pugnare
1233 861 1285 916 pro
1295 844 1417 909 ciuitate,
1431 849 1460 897 et
1467 843 1620 916 prudenter
1627 842 1777 899 sensilium
1787 842 1855 896 dare

217 933 436 1002 terepetuiseet.
1056 940 1123 988 ante
1136 938 1329 989 consueverat.

252 1019 333 1074 {lade
343 1020 859 1094 etadmirandoprophetaaubiungit:
871 1040 886 1074 e
897 1023 1018 1087 Quomo
1095 1043 1107 1074 ι
1123 1024 1242 1094 Propter
1258 1023 1481 1078 interiectionem
1509 1027 1538 1077 et
1549 1022 1729 1093 iniquitatem
1752 1022 1782 1076 in
1795 1022 1853 1076 lra-

149 1186 153 1194 .
215 1107 384 1176 demutati
407 1117 476 1166 eunt
499 1110 587 1176 Esau,
601 1110 1016 1180 ineesdgareruutnbsrorntitn
1056 1118 1128 1167 trem
1142 1120 1223 1166 tuum
1238 1112 1333 1183 Jacob.
1347 1132 1360 1180 q
1376 1112 1629 1202 Cpupameqpopit,
1644 1127 1733 1182 quare
1746 1111 1855 1182 sapien-

217 1198 300 1268 ajued
325 1216 337 1252 r
354 1199 491 1254 Unireraa
501 1200 578 1254 enim
592 1207 700 1254 semeia
711 1200 787 1254 illiue
796 1207 826 1254 et
839 1216 972 1254 cavernas
984 1219 1017 1256 ne
1057 1208 1100 1257 tes
1109 1202 1166 1256 sint
1176 1202 1294 1273 perituri
1303 1201 1338 1255 de
1349 1201 1483 1258 Idumaea.
1497 1207 1526 1255 et
1542 1200 1693 1271 prudentes
1706 1200 1742 1253 de
1759 1205 1854 1253 monte

216 1285 358 1341 foramina
368 1288 565 1358 speluncarum
579 1288 608 1341 in
623 1287 725 1358 quihus
746 1287 920 1352 habitabant,
936 1290 1017 1343 t'lral·
1057 1290 1259 1361 &eapropter
1269 1290 1492 1349 interiectionem
1507 1289 1614 1343 scilieet
1627 1294 1655 1342 et
1667 1288 1852 1360 impietatem,

217 1373 271 1428 dari
286 1375 620 1448 instruxeruntnihilque
627 1378 668 1431 eis
675 1376 845 1435 abscondere
852 1383 1014 1448 potuerunt.
1058 1379 1124 1450 quia
1137 1378 1328 1442 immeritor
1347 1379 1443 1450 inique
1456 1378 1514 1448 egit
1523 1384 1623 1431 centra
1636 1377 1754 1431 Mrem
1771 1391 1853 1430 suum

219 1461 299 1526 Quod
313 1465 415 1518 mirum
425 1465 867 1532 ualdeestruruomnisaueuulie
886 1467 1016 1538 iilaregio
1056 1465 1152 1528 iacob,
1169 1466 1290 1536 quando,
1305 1466 1467 1538 Babyloniis
1478 1465 1653 1520 reumatibus
1666 1463 1852 1530 hiemsalem,

217 1548 841 1626 idumaeoruminspecubushabitetiunrulae
856 1555 968 1623 haheat,
989 1562 1018 1611 et
1055 1551 1117 1623 ipse
1130 1550 1224 1605 socier
1237 1567 1335 1606 eorum
1353 1557 1424 1606 erat.
1440 1550 1544 1615 Odium
1571 1550 1646 1604 enim
1670 1549 1745 1620 quod
1762 1549 1854 1615 tenuit

218 1650 335 1712 propter
348 1643 453 1697 nimios
473 1644 579 1698 ratores
600 1645 677 1708 eolis,
694 1645 760 1715 quia
781 1645 938 1702 meridiana
955 1662 1018 1717 pro
1057 1641 1132 1695 dana
1153 1645 1252 1694 eontra
1274 1639 1360 1695 laceb
1385 1646 1501 1712 propter
1515 1638 1749 1704 benedictionem.
1770 1652 1853 1708 quarn

218 1730 309 1797 riuda
324 1740 377 1794 est,
393 1732 583 1796 subterraneis
597 1735 718 1805 tuguriis
729 1740 832 1788 utatur.
955 1732 959 1739 '
1024 1720 1409 1801 Baubripuitei,tenuerunt
1418 1737 1448 1784 et
1459 1729 1506 1783 isti
1520 1745 1584 1783 cum
1599 1727 1853 1792 tiliissuisiuaam-

255 1819 376 1891 «Usque
390 1821 426 1875 ee
437 1823 591 1877 mnenon
608 1824 765 1878 emiserunt
777 1831 816 1878 rs.
831 1843 841 1875 ι
859 1821 890 1877 ie
908 1830 1016 1879 arnon
1057 1820 1208 1890 niteremu-
1224 1819 1446 1874 Dolrbratenim
1473 1834 1504 1872 se
1525 1816 1681 1888 perdidisse
1707 1816 1781 1875 bona
1793 1830 1854 1887 que

216 1907 314 1979 alique
322 1910 573 1983 eommmodopars
583 1912 705 1983 regionis
713 1920 769 1967 tua
779 1912 1017 1984 captivateestad-
1058 1909 1146 1963 iudai
1162 1915 1354 1980 perceperant.
1369 1909 1460 1972 Quam
1478 1907 1515 1961 eb
1530 1922 1655 1961 eausam.
1671 1905 1785 1976 quande
1799 1905 1855 1959 lia·

216 1997 348 2053 ueniente
355 1998 681 2067 nabuchodonosorem
688 2002 1016 2072 mqueadtemmoere-
1058 1996 1271 2062 buebrdnneeer
1285 1999 1406 2069 primun
1423 1996 1499 2051 verrit
1515 1996 1545 2050 tn
1570 1995 1759 2062 ujerusalem,
1774 1995 1855 2048 ctet-

218 2086 801 2160 gnituiperrementee,ejeeeruntteextra
809 2091 912 2145 solium
922 2097 1014 2145 tuum.
1056 2086 1125 2140 duis
1139 2085 1356 2157 babyloniisque
1370 2070 1431 2140 earu
1460 2084 1643 2149 remanebus
1660 2085 1813 2152 iunxerunt
1824 2098 1856 2137 aa

221 2173 545 2231 eOmnesviriloederis
570 2178 612 2231 tui
640 2178 789 2233 illuserunt
803 2179 1016 2234 tibi:inualua-
1058 2173 1751 2247 illis,eteumaispariterintarleeeruntludmos
1767 2191 1774 2225 r
1791 2188 1855 2244 pro·

217 2263 447 2333 aqintadreraum
460 2270 490 2320 te
505 2266 556 2320 riri
575 2267 652 2338 pacis
673 2271 738 2321 tua.
758 2267 822 2322 elle
835 2267 966 2323 tinebitis
985 2285 1018 2322 ae
1058 2273 1121 2335 pter
1135 2265 1208 2336 qued
1222 2271 1368 2336 pareatum
1381 2264 1507 2334 loquitur
1528 2263 1564 2316 ad
1580 2279 1629 2317 eoa
1645 2261 1791 2324 Dominus.
1811 2261 1855 2315 di-

219 2350 391 2419 minuitis,
415 2354 580 2425 ramisque
607 2356 668 2425 ejus
695 2356 792 2410 ricinis
814 2357 948 2428 loquitur,
969 2358 1017 2428 qui
1058 2370 1124 2409 cans
1137 2373 1158 2408 :e
1170 2352 1287 2425 Operiet
1298 2360 1326 2408 te
1340 2352 1478 2415 conlusio,
1493 2358 1523 2407 et
1535 2351 1854 2423 peribieinaeternum.»

217 2446 285 2510 uate
298 2448 381 2512 arapt
400 2459 465 2497 cum
492 2443 590 2498 eodem
617 2445 755 2506 tenderati,
769 2447 818 2510 ead
841 2454 938 2518 postea
953 2445 1017 2502 rum
1057 2442 1173 2498 esemel
1187 2443 1290 2514 quippe
1305 2449 1372 2497 sunt
1384 2448 1482 2514 poetae
1497 2456 1580 2512 quam
1594 2440 1670 2511 eapti
1684 2447 1752 2495 sunt
1764 2439 1855 2494 abho-

218 2529 342 2601 laeyriia
352 2531 442 2601 iuneti
457 2533 608 2588 illuserunt
621 2551 679 2598 eos,
688 2534 789 2606 quibus
803 2537 944 2607 quondam
959 2537 1018 2592 fua·
1056 2531 1157 2598 wihus,
1172 2539 1200 2586 el
1212 2532 1357 2602 uerierunt
1371 2532 1398 2585 5⁰
1413 2526 1562 2595 mmm,
1573 2530 1856 2601 quiaperpetuaeunt

216 2625 284 2689 aaut
298 2619 435 2683 foederati,
451 2627 480 2676 et
497 2623 677 2692 invaluerunt
690 2625 824 2679 adsersus
838 2642 895 2687 aas,
910 2626 939 2680 in
951 2643 1017 2698 mp-
1057 2621 1221 2692 captivitate
1234 2621 1368 2676 damnati.

215 2706 355 2765 tiridatem
372 2709 515 2775 ducentes,
536 2711 637 2783 quibus
651 2713 717 2778 olim
733 2713 846 2768 fuerant
861 2715 970 2785 pacitiei
987 2715 1016 2769 in
1095 2711 1265 2765 «indiacum
1276 2707 1692 2764 staresndrersusaum.»ldest
1706 2707 1856 2762 manifesta

217 2796 347 2867 prasidio
359 2797 474 2853 urbium
502 2799 627 2854 suarum.
647 2800 727 2864 «Qut
742 2801 891 2856 comedunt
910 2808 1013 2868 terum,
1056 2797 1790 2870 eaptivitate.quendoloacbimeaptusestetDaniel,
1803 2812 1854 2852 aa·

216 2895 324 2956 ponent
336 2887 454 2942 insidias
467 2904 553 2960 super
568 2895 606 2944 te.
624 2909 635 2941 r
653 2890 684 2944 ld
712 2894 756 2944 est
770 2889 818 2961 qui
832 2898 1014 2946 nunetecum
1056 2888 1487 2959 teriquepueriineaptiritatem
1507 2887 1584 2942 durii
1598 2894 1674 2950 eunt,
1691 2887 1784 2958 primo
1799 2885 1854 2941 sei·

217 2979 298 3030 nuta
310 2976 458 3046 patiuntur
469 2994 537 3048 pare
560 2985 589 3033 et
610 2979 734 3033 amicitie
758 2985 790 3042 ut
805 2987 899 3034 tecum
915 2997 1014 3050 panem
1026 2976 1121 3062 plicet
1134 2977 1256 3041 aduentu
1267 2977 1523 3033 Nabuchodonosor
1537 2977 1567 3039 in
1588 2975 1778 3043 Hierusalem,
1792 2988 1856 3030 eum

217 3063 375 3127 comedant,
390 3066 604 3135 pduenientibus
618 3068 747 3122 hostibus
759 3069 891 3138 copulati,
912 3073 1019 3141 ponent
1056 3071 1149 3121 stares
1163 3066 1297 3120 aduersus
1312 3081 1479 3136 germanum
1493 3075 1584 3119 mum.
1602 3083 1616 3116 e
1631 3063 1751 3128 Quande
1762 3063 1855 3135 eapie-

215 3166 302 3224 tupep
311 3159 341 3206 te
355 3152 480 3209 insidias.
489 3155 678 3224 custodientes
691 3173 726 3211 ne
741 3157 805 3227 quie
815 3173 913 3212 eorum
927 3158 1015 3228 quiad
1056 3152 1124 3221 bant
1134 3154 1242 3209 alieni»
1254 3170 1271 3208 a
1285 3154 1343 3208 lieo
1352 3162 1382 3208 et
1395 3169 1413 3207 a
1425 3153 1560 3224 progenie
1573 3153 1767 3217 iudeorum«
1777 3166 1856 3217 erer-

217 3243 247 3295 te
260 3240 393 3311 pertinet,
409 3243 499 3313 possit
510 3243 643 3314 elingere.
662 3261 675 3297 t
692 3245 754 3300 bion
772 3251 816 3299 eet
827 3247 978 3316 prudentia
986 3248 1015 3302 in
1057 3243 1144 3310 eitum
1156 3245 1227 3313 ejus,
1237 3250 1266 3297 et
1275 3243 1400 3298 extranei
1413 3241 1645 3314 ingrediebantur
1654 3248 1750 3313 portes
1760 3242 1853 3312 eiua»

218 3343 263 3386 aa.
272 3348 287 3382 u
297 3329 487 3395 eqttsscttieee
500 3333 592 3402 qualis
603 3349 664 3387 erse
677 3332 822 3397 debuerat,
838 3335 904 3390 dum
920 3343 1016 3407 eperat
1056 3332 1084 3387 ie
1099 3338 1142 3387 est
1154 3333 1276 3386 civitatis
1287 3332 1470 3396 Hierusalem.
1485 3348 1498 3382 e
1514 3332 1548 3386 let
1558 3346 1642 3402 super
1650 3325 1854 3395 Hierusalem

217 3417 247 3474 iu
261 3419 368 3492 hirqui
392 3421 545 3475 aduersarii
557 3423 617 3492 ejus
632 3423 719 3477 futuri
734 3430 809 3479 sunt.
826 3424 858 3478 ln
869 3424 922 3478 boc
936 3422 1014 3480 enirn
1056 3421 1138 3489 idest
1149 3437 1235 3492 super
1247 3421 1370 3493 praedem
1385 3421 1470 3485 iilius,
1489 3440 1499 3472 e
1520 3420 1659 3474 miserunt
1672 3424 1778 3473 sortem
1797 3437 1808 3471 ι
1824 3423 1856 3474 ut

216 3509 324 3582 nullam
342 3510 428 3570 tidem
443 3510 535 3565 inesse
549 3511 620 3565 dixit
641 3511 832 3582 prudentiam,
847 3513 913 3582 quia
927 3514 1016 3567 neeri·
1056 3510 1215 3580 ejusspnlia
1228 3510 1280 3565 sibi
1294 3509 1460 3568 diuiderent.
1480 3515 1637 3580 quarentes
1650 3507 1717 3578 quid
1730 3508 1794 3578 quis
1807 3522 1855 3561 oa-

216 3599 257 3654 uit
268 3599 332 3654 illos
347 3601 441 3669 hostes
456 3600 508 3654 eibi
518 3601 671 3671 praerirlere
694 3601 813 3666 tuturos,
826 3618 890 3667 oqrn
914 3601 1016 3673 quibus
1057 3599 1151 3670 pereti
1164 3599 1220 3654 rTu
1232 3615 1345 3670 quoque
1356 3598 1505 3669 erasquasi
1515 3613 1625 3651 unusex
1634 3597 1685 3651 eis.
1704 3594 1855 3668 »Ideoque

215 3703 313 3759 pacem
327 3687 458 3743 habebat.
922 3688 929 3695 '
1055 3687 1110 3742 ista
1123 3687 1174 3742 tibi
1187 3689 1329 3754 euenient3
1346 3688 1489 3759 queniam.
1501 3687 1549 3758 qui
1558 3686 1696 3741 debueras
1706 3701 1769 3740 osse
1779 3692 1856 3740 tuter

215 3778 221 3787 '
255 3777 480 3848 ehluaquidnon
495 3777 1015 3850 indieilla,diritDominae,perdam
1056 3793 1153 3832 eorum
1166 3784 1251 3848 atque
1262 3776 1419 3841 auxiliator,
1435 3772 1524 3830 iaetus
1539 3775 1754 3830 esinterdeotor.

215 3865 359 3937 eapiemm
381 3866 416 3921 de
447 3865 581 3929 Idumaea,
602 3872 631 3922 et
659 3867 839 3939 prudentiam
866 3867 902 3922 de
921 3873 1016 3923 monte
1093 3866 1156 3920 eet
1168 3882 1225 3920 non
1238 3867 1375 3938 despicies
1386 3867 1415 3921 in
1431 3866 1477 3920 dia
1490 3864 1586 3920 tratris
1602 3864 1654 3927 tui,
1670 3865 1698 3927 ln
1713 3864 1759 3927 die
1774 3879 1856 3936 pere·

216 3954 310 4011 aaut
325 3976 338 4009 e
354 3953 388 4010 ld
400 3962 454 4020 est.
464 3973 527 4012 cum
538 3957 633 4013 hostes
652 3958 722 4012 tinae
741 3962 805 4011 taos
823 3956 1014 4028 possidebunt,
1055 3955 1224 4027 grinatienis
1239 3957 1300 4026 ejus
1316 3974 1321 4008 :
1339 3962 1368 4010 et
1381 3971 1438 4011 non
1452 3955 1592 4010 letabaris
1607 3952 1857 4025 supertritae-luda

217 4049 247 4103 et
260 4061 359 4101 omnes
373 4045 425 4100 uiri
439 4045 552 4102 sederis
566 4047 607 4102 tul
634 4046 776 4113 illuserint
788 4046 849 4112 tibi,
862 4051 892 4100 et
909 4063 1015 4118 praua·
1055 4043 1083 4099 in
1094 4045 1140 4099 die
1154 4044 1319 4116 perditionis
1333 4059 1466 4098 eorumu
1482 4044 1606 4106 Minatur
1615 4045 1674 4113 jam
1690 4039 1854 4114 aperteser-

215 4131 320 4185 luerint
335 4137 433 4186 contra
445 4139 483 4195 te,
501 4134 767 4205 perdanrsepientea
781 4134 962 4205 philosophos
979 4135 1014 4190 ne
1055 4133 1407 4206 mopropheticuslidom.
1424 4134 1490 4204 quia
1520 4149 1583 4187 eum
1607 4132 1747 4188 interierit
1760 4132 1803 4187 vin
1820 4133 1855 4187 da

216 4218 348 4294 idumea.
371 4221 458 4277 Edem
487 4222 564 4275 enirn
591 4221 737 4284 tlehmire,
762 4222 859 4277 Graes
889 4221 1014 4295 ldumaeq
1055 4230 1150 4278 monte
1164 4224 1248 4283 Esau,
1279 4227 1309 4286 et
1332 4223 1475 4293 operuerit
1502 4238 1565 4276 eum
1590 4229 1695 4276 eterna
1717 4221 1853 4287 eenhrsio,

216 4305 383 4377 appellente.
412 4308 596 4371 'lirudentiam
624 4325 735 4380 quoque
763 4311 798 4363 da
826 4316 921 4364 monte
941 4311 1405 4409 Esequropterinterfeotionern
1431 4319 1460 4366 et
1479 4310 1652 4382 impietatem
1668 4311 1765 4369 fratria
1783 4313 1854 4381 ejus.

215 4394 353 4456 tuleram,
369 4407 400 4453 ut
414 4395 553 4451 calliditas
566 4398 692 4452 stultitia
714 4399 776 4467 ejus
793 4398 1011 4466 demonstretur,
1054 4417 1231 4471 nequaquam
1242 4400 1327 4454 saciet
1341 4417 1402 4471 qua
1414 4400 1480 4455 feeit
1493 4407 1559 4454 ante
1573 4407 1672 4459 contra
1684 4415 1852 4470 germanum

217 4482 381 4555 petantque
395 4483 503 4540 nullutn
525 4485 651 4554 invenire
672 4487 830 4552 aeneidum,
842 4503 898 4557 quo
912 4504 1013 4559 nuper·
1053 4506 1145 4549 suum.
1162 4504 1195 4543 ae
1208 4490 1232 4543 ai
1245 4489 1351 4543 diceret
1362 4506 1376 4543 e
1386 4490 1456 4550 tium
1472 4489 1580 4543 uenerit
1592 4489 1717 4549 secunda
1726 4494 1755 4544 et
1770 4490 1856 4544 tertia

215 4569 330 4636 rentem
344 4571 454 4642 possint
481 4573 603 4643 ellegere
632 4573 747 4627 malum.
769 4576 844 4629 Bene
863 4582 957 4630 sute-
978 4577 1021 4631 da
1053 4578 1655 4651 eaptivitaeludaeorum,nondespioiaeeos,
1672 4579 1855 4649 nequelteta-

215 4667 312 4725 mente
325 4661 503 4731 prudentiam
515 4677 546 4716 aa
558 4666 627 4716 tune
635 4661 704 4716 dicit
716 4662 932 4731 ablaturum,rel
946 4665 1013 4736 quia
1052 4667 1128 4723 heris
1142 4669 1171 4722 in
1186 4667 1232 4723 dia
1256 4667 1423 4739 perditionis
1438 4684 1546 4730 eorum,
1560 4674 1593 4722 ut
1620 4668 1768 4731 hactenus,
1789 4667 1855 4740 quia

216 4751 284 4812 urbs
299 4750 423 4811 Idumaea
437 4752 466 4808 in
478 4758 573 4807 monte
591 4752 647 4807 sita
666 4759 718 4816 est,
731 4754 774 4807 rel
784 4753 850 4824 quie
862 4756 954 4811 omnis
964 4755 1013 4811 illa
1050 4757 1354 4829 jamtenerisoaptirus
1368 4757 1403 4811 ab
1416 4756 1552 4811 hostibus.
1570 4756 1695 4818 ennom
1712 4757 1789 4811 enim
1808 4757 1854 4826 lei·

214 4840 293 4910 mle
305 4841 342 4898 ati
350 4848 479 4899 austrum
492 4827 611 4914 ιριξιιιι
625 4841 773 4914 praeruptis
783 4842 926 4898 montibus
938 4844 1014 4900 edita
1053 4847 1214 4901 antdictum
1225 4850 1276 4912 eet)
1287 4847 1364 4911 venit
1373 4845 1630 4902 Nabuchodonosor
1640 4846 1669 4908 ln
1677 4845 1854 4900 Hierusalem

213 4925 260 4988 ett-
1054 4934 1573 5005 subioeehirn,quandoliaeohielrum
1585 4934 1683 4989 eedem
1707 4933 1854 5004 ragades-

252 5014 312 5076 tEt
324 5015 464 5074 timebunt
476 5017 562 5074 fortes
571 5021 637 5074 teria
651 5020 822 5083 meridient
835 5021 957 5076 intereat
972 5023 1014 5077 rir
1053 5024 1099 5088 'tue
1110 5029 1153 5078 est
1167 5023 1339 5095 Babylonem
1357 5042 1363 5091 ;
1392 5024 1476 5079 tertio
1491 5023 1543 5078 sub
1555 5023 1680 5085 emente.
1696 5037 1782 5093 quem
1792 5036 1855 5085 aru·

215 5103 251 5169 dt
266 5110 361 5166 mente
375 5105 459 5165 Banu.
473 5123 487 5163 ι
503 5107 566 5177 Alie
578 5109 828 5178 translatiohabet,
843 5130 856 5160 e
871 5110 1013 5181 parebunt
1052 5112 1090 5167 tie
1100 5109 1344 5167 oculiein'easeam
1353 5112 1492 5184 captiuum
1501 5111 1595 5166 duxit:
1606 5112 1636 5166 in
1649 5110 1773 5166 seeundo
1787 5126 1854 5182 ergo

214 5199 385 5268 enuntiatae
396 5194 438 5254 tui
448 5194 735 5254 indemonstratum
746 5197 821 5253 enim
830 5199 958 5252 meridies
972 5198 1013 5253 in·
1053 5201 1095 5255 rel
1109 5201 1193 5260 tertie
1208 5202 1370 5272 captivitate
1386 5200 1581 5256 israelitarum
1596 5216 1652 5254 non
1676 5205 1745 5254 sunt
1767 5199 1854 5255 iatati

213 5287 395 5353 terpretatur.
407 5282 553 5348 Quomodo
572 5284 644 5354 &aa
660 5285 750 5340 tribus
764 5287 925 5342 nominibus
941 5287 1013 5358 legi-
1053 5288 1180 5354 Idumaei,
1192 5290 1259 5360 quia
1273 5291 1332 5358 jam
1350 5288 1518 5344 tenebantur
1533 5289 1644 5361 captiui.
1662 5289 1742 5344 Unde
1763 5287 1854 5360 sequi·

214 5386 278 5437 mut
292 5371 474 5444 appellatum
486 5372 526 5428 ita
540 5379 569 5427 et
578 5374 661 5443 plaga
672 5374 796 5444 regionis
804 5377 889 5442 illius,
902 5377 1009 5448 quaed
1052 5382 1100 5444 tur
1108 5391 1131 5430 ιι
1142 5385 1171 5433 et
1179 5395 1235 5434 non
1247 5377 1443 5449 magnificabis
1455 5394 1487 5432 oe
1495 5387 1575 5433 tuum
1584 5378 1665 5432 indie
1675 5378 1827 5448 angustia.
1840 5396 1851 5428 ι

213 5465 341 5526 menen
364 5461 462 5531 tergit,
477 5459 569 5534 tribua
588 5460 748 5530 neueinibur
771 5465 876 5520 dieitur
902 5473 1009 5532 rocem,
1052 5465 1153 5525 Dicens
1167 5482 1173 5516 z
1189 5488 1200 5516 e
1215 5468 1371 5534 lirinenite,
1398 5468 1548 5531 exinanite,
1577 5484 1667 5539 usque
1695 5467 1732 5522 ad
1751 5464 1853 5522 lunda·

213 5547 453 5617 linamente,
465 5549 866 5624 Negabtiuaueruiuatjuxta
880 5555 1010 5623 tteqehte-
1051 5561 1180 5611 mentum
1193 5557 1222 5612 in
1233 5570 1276 5622 aa,
1299 5557 1401 5612 »deut
1413 5557 1536 5628 primum
1558 5556 1657 5618 teeieti
1673 5557 1755 5612 Unde
1777 5555 1851 5621 beat.
