3818 6104
125 300 182 379 ὥ
335 319 524 375 neruosis
543 292 787 373 raimberti.
808 292 920 373 σῶσ.
937 288 1021 371 dri:
1043 286 1136 374 ritis
1157 286 1178 374 i.
1200 284 1438 377 :didam
1460 320 1550 375 remu.
1706 280 1764 374 mit

126 442 240 500 oiiitoid.
250 445 298 499 s'eil
307 440 375 499 milti
388 424 763 504 coisacriflcabntis,ieci'stis
777 438 921 512 injuriam.
933 432 1037 511 Aej'us,
1054 447 1086 496 ut
1099 449 1204 498 eterno
1218 446 1315 501 sacerd
1322 426 1375 501 ado
1390 426 1457 499 mitit
1476 420 1678 519 minis'trareiri.
1692 420 1766 513 'lio-

128 532 316 599 Qtrumoiirent
330 548 384 586 nim
405 533 554 603 suseipiam
572 531 651 585 illud.
970 531 1104 600 pologiee.
1120 550 1217 589 omnes
1233 537 1345 605 quidem
1363 518 1499 596 homines,
1511 530 1562 588 sed
1574 532 1715 609 praecipue
1725 549 1768 585 sa

166 622 362 680 eldaledietus
387 622 511 681 dolosus,
539 621 585 691 qui
612 619 696 672 habet
721 618 748 671 in
767 632 853 688 grege
877 633 928 671 suo
969 619 1096 674 cordatos
1108 622 1181 677 Deus
1198 628 1309 678 sanctos
1327 638 1387 677 esse
1398 622 1647 695 voluit,etnutta1n
1662 604 1768 697 haliete

129 708 332 787 masculumet
339 717 433 765 sotum
443 710 548 764 fauens
563 708 690 764 immolat
698 707 789 761 debile
799 704 925 773 Domino,
970 708 1125 775 maculam
1142 714 1275 783 proecepit
1293 706 1457 786 eosuhabere
1479 696 1634 783 bruelium,
1652 710 1710 764 sire
1725 725 1768 793 ar·

129 800 196 872 qtrtu
204 798 263 854 Rex
270 814 390 868 magnus
402 813 463 867 ego,
475 796 543 850 dicit
552 796 688 850 Dominus
702 795 885 858 exercituum,
898 798 928 848 et
969 809 1046 848 muru
1062 796 1202 871 dextrum,
1222 796 1251 852 id
1270 803 1313 853 est
1334 800 1463 855 ornatum
1478 797 1616 853 bonorum
1638 798 1771 869 operum..

128 902 231 943 nomen
246 902 340 941 meum
355 886 488 940 horribile
505 885 533 939 in
547 884 688 956 gentibus.
706 884 928 955 »Suggillateoi
968 884 1164 940 pectusculum
1180 886 1260 942 bonae
1284 897 1313 942 et
1336 870 1492 942 innocenils
1513 868 1701 949 conscientiae,
1717 866 1769 939 lin·

129 980 235 1048 aperte,
252 976 298 1046 qui
317 974 464 1029 dixerunt:
480 995 491 1025 e
510 972 578 1028 Ecce
591 975 626 1028 de
640 968 745 1040 labore,
761 994 775 1024 n
795 978 822 1026 et
837 970 928 1026 osten·
970 986 1055 1041 guam
1068 978 1171 1030 sanctae
1191 974 1382 1041 consessionis,
1400 974 1584 1030 ventriculum
1600 976 1714 1051 quoque
1725 973 1770 1049 ju3

128 1062 171 1120 ott
182 1080 230 1119 eos
239 1064 334 1119 dolose
344 1062 496 1119 obtendere
503 1068 709 1134 pamrerwtem,
720 1076 782 1115 cuni
794 1060 930 1115 haberent
970 1056 1074 1115 beatur
1084 1062 1218 1134 occipere.
1236 1070 1268 1120 ut
1284 1064 1352 1120 nrltil
1367 1048 1443 1119 intra
1455 1081 1485 1118 se
1499 1058 1690 1131 mortiterum,
1700 1048 1769 1139 nitar]

129 1154 245 1225 optima
269 1159 298 1207 et
318 1158 382 1207 rota
401 1150 537 1207 iacientes
558 1150 678 1206 oderunt
692 1150 767 1205 tilia.
788 1150 852 1203 ttae·
869 1151 926 1219 ipsi
970 1148 1137 1205 venenatum
1159 1146 1330 1209 contineant.
1352 1146 1424 1208 itam
1443 1150 1586 1227 stomacho
1610 1136 1772 1231 coquuntur

129 1242 305 1313 qnoquenou
319 1238 355 1295 de
365 1256 416 1296 suo
431 1256 526 1311 grege,
541 1240 589 1294 sed
604 1236 638 1293 de
651 1240 759 1310 rapinis
773 1246 801 1293 et
817 1240 928 1292 fletibus
969 1237 1032 1301 eibi,
1049 1244 1077 1293 et
1091 1250 1188 1295 eorum
1209 1256 1292 1301 socco
1316 1248 1416 1314 eorpus
1438 1240 1581 1319 irrigatur.
1596 1238 1705 1315 idcireo
1719 1224 1772 1313 per

129 1331 307 1388 miserorum.
850 1360 853 1365 ·
972 1326 1155 1382 ientaculum
1180 1329 1309 1400 signatur
1331 1326 1477 1405 coagulum
1500 1312 1655 1393 eharitatis
1672 1332 1769 1399 quase

445 1418 563 1474 CAPUT
577 1418 613 1473 Π.
971 1415 1088 1469 invicem
1098 1416 1225 1472 membru
1241 1419 1336 1472 omnia
1356 1418 1458 1480 forent,
1475 1434 1531 1472 non
1546 1404 1699 1488 quaerenrl'o
1709 1420 1769 1489 quui

169 1522 181 1560 e
202 1506 238 1562 Et
250 1510 325 1562 nuno
345 1507 380 1561 ad
403 1524 452 1562 ros
467 1506 631 1562 mundatum
646 1507 708 1571 hoe,
724 1522 740 1560 o
754 1504 926 1566 sacerdotes.
971 1518 1022 1557 sua
1038 1511 1113 1561 sunt.
1129 1502 1178 1560 sed
1191 1523 1252 1578 quae
1274 1506 1404 1561 aliorum.
1420 1494 1449 1561 st
1464 1521 1530 1577 ergo
1541 1504 1640 1559 contra
1652 1500 1771 1579 iecerint

132 1598 160 1652 Si
175 1596 322 1651 nolueritis
335 1597 442 1650 audire.
459 1602 487 1650 ot
512 1596 536 1650 si
555 1596 703 1650 nolueritis
718 1610 821 1667 ponere
845 1612 930 1667 super
971 1592 1140 1660 sacerdotes,
1153 1596 1276 1649 minatur
1286 1594 1361 1649 Deus
1371 1588 1509 1666 quodliaec'
1519 1592 1615 1649 omnia
1624 1592 1769 1671 vertentur

82 1708 85 1713 ¹
131 1700 188 1749 cor,
197 1684 306 1738 utdetis
315 1682 433 1755 gloriam
444 1686 551 1739 nomini
567 1702 639 1741 meo.
652 1685 691 1738 uit
703 1685 838 1738 Dominus
847 1700 930 1737 exer·
972 1681 1000 1734 in
1015 1690 1132 1740 stercus.
1145 1689 1172 1737 et
1180 1688 1306 1738 assumat
1319 1700 1367 1738 eos
1381 1688 1489 1738 stercus
1501 1682 1580 1737 illud.
1597 1688 1626 1734 et
1639 1662 1771 1752 deturpei

131 1774 251 1827 cituum·
263 1772 372 1826 mittam
384 1773 413 1827 in
424 1790 471 1827 ros
486 1780 649 1843 egestatem.
666 1772 810 1831 »Fecistis
828 1772 929 1843 inquit,
940 1745 964 1806 Β
975 1770 1081 1824 tultum
1096 1772 1206 1834 animae,
1223 1778 1324 1827 utnon
1339 1772 1427 1844 possit
1442 1789 1471 1826 se
1487 1771 1580 1825 rullus
1595 1756 1728 1847 estollere
1743 1768 1770 1824 el

131 1860 205 1931 quod
220 1856 337 1930 impium
351 1867 403 1925 est,
415 1861 462 1914 sed
474 1861 539 1931 quia
554 1861 627 1914 malo
640 1859 833 1930 pmnitentiam
846 1874 931 1928 apuam
972 1857 1065 1912 dicere
1075 1873 1098 1909 :a
1111 1858 1226 1913 Vultum
1236 1865 1329 1921 tuum,
1339 1858 1467 1923 Domine,
1476 1857 1629 1930 requiram,
1639 1860 1724 1937 retes
1737 1852 1774 1935 El,

131 1956 250 2003 mortem
266 1946 429 2019 peccatoris.
442 1949 464 2002 si
477 1948 624 2003 nolueritis
638 1964 682 2001 me
697 1948 805 2005 audire.
819 1956 851 2001 ut
860 1946 932 2001 detis
973 1947 1037 2000 dedi
1052 1947 1077 2000 ei
1092 1948 1233 2011 timorem,
1249 1955 1278 2002 et
1297 1949 1393 2002 timuit
1414 1964 1468 2011 me,
1485 1952 1514 2000 et
1529 1944 1631 1999 asaele
1649 1930 1770 2023 nominis

130 2036 249 2107 glorium
265 2038 371 2091 nomini
395 2054 466 2098 meo,
484 2038 558 2108 quod
578 2046 621 2090 est
635 2046 664 2090 et
678 2036 812 2090 horribile
828 2042 856 2089 et
877 2042 934 2090 tre·
975 2035 1029 2091 mei
1046 2036 1171 2108 parebat.
1181 2036 1237 2091 Lex
1247 2036 1373 2090 reritatis
1389 2035 1443 2090 suit
1453 2036 1481 2089 in
1493 2051 1541 2090 ore
1551 2036 1623 2107 eius,
1636 2030 1769 2107 etiniqui-

132 2126 265 2179 mendum
282 2126 309 2179 in
322 2125 598 2195 gentibus‚ridelieet
612 2132 643 2179 ut
654 2126 787 2196 poeniteat
801 2140 849 2178 ros
864 2125 933 2179 talio
973 2131 1017 2178 tas
1027 2141 1082 2178 non
1092 2132 1134 2179 est
1145 2126 1258 2180 intenta
1273 2126 1302 2179 ln
1309 2124 1391 2179 labiis
1405 2125 1476 2195 ejus.
1487 2124 1519 2178 In
1534 2130 1601 2196 pace
1612 2127 1640 2175 et
1651 2120 1680 2174 in
1689 2119 1770 2191 eequi-

133 2214 234 2285 egissu.
250 2215 360 2268 mittum
374 2216 402 2267 in
419 2230 466 2268 ros
483 2200 577 2268 reram
589 2221 754 2283 egestatem,
764 2221 795 2268 ut
804 2216 863 2283 jam
876 2232 931 2269 nou
973 2221 1032 2268 tate
1056 2212 1209 2268 ambularit
1231 2232 1350 2271 raecum.
1366 2199 1395 2268 et
1409 2214 1512 2268 multos
1530 2208 1632 2265 revertit
1658 2208 1694 2263 ab
1716 2208 1768 2263 ini-

133 2302 304 2365 me'ntiendo‚
322 2302 370 2356 sed
390 2302 476 2357 eoacti
501 2301 627 2374 penuria.
650 2303 749 2356 dicatis
764 2322 769 2354 :
785 2326 795 2347 c·
815 2304 883 2357 Eece
897 2304 932 2358 de
973 2304 1090 2372 quitate.
1108 2324 1122 2355 a
1139 2303 1177 2358 Ex
1193 2320 1313 2374 persona
1327 2303 1391 2358 Leri
1404 2320 1452 2356 ore
1466 2302 1559 2356 dirino
1583 2296 1702 2361 laudati.
1723 2284 1767 2353 de·

135 2390 240 2445 labore.
258 2408 294 2440 no
311 2390 345 2445 Et
359 2391 523 2445 maledicam
532 2391 773 2445 benedictionibus
784 2393 891 2449 restris.
904 2398 933 2447 et
973 2390 1105 2446 scribitur
1119 2390 1241 2447 odicium
1263 2391 1424 2454 sucerdotis,
1440 2398 1468 2445 et
1480 2388 1570 2462 qualis
1582 2402 1644 2442 esse
1659 2386 1767 2463 debeat.

135 2478 299 2534 maledicam
312 2478 377 2540 illis,
394 2480 526 2551 quoniam
542 2494 597 2533 non
613 2480 745 2549 posuistis
755 2497 840 2550 super
847 2492 903 2534 cor.
919 2502 930 2531 n
975 2481 1090 2534 Paetum
1107 2481 1183 2535 enim
1194 2480 1248 2536 iuit
1262 2479 1313 2534 Dei
1323 2496 1387 2534 eum
1394 2478 1459 2534 Levi
1471 2478 1641 2551 patriarcha,
1658 2484 1690 2530 eir
1705 2472 1769 2541 Lori

135 2567 186 2620 llis
199 2568 327 2621 videlicet
338 2566 418 2621 bonis
433 2584 494 2638 quie
509 2584 583 2621 triaue
599 2586 648 2639 per
663 2584 753 2621 niteam
764 2568 934 2623 benedictio·
975 2568 1104 2640 pertenit
1119 2570 1153 2623 ad
1170 2574 1263 2624 daron
1278 2575 1306 2623 et
1320 2573 1446 2641 posteros
1461 2569 1531 2638 ejus.
1547 2550 1664 2620 Pactum
1677 2564 1769 2618 autem

134 2670 199 2709 nem
213 2656 373 2726 possidetis.
386 2656 517 2727 quoniam
541 2674 595 2710 niro
619 2658 750 2727 posuistis
766 2675 851 2727 super
875 2676 931 2717 cor.
975 2657 1038 2713 ritae
1048 2676 1103 2712 non
1114 2666 1155 2712 est
1163 2660 1220 2727 jus.
1230 2658 1303 2729 quod
1316 2657 1392 2712 robis
1412 2662 1441 2710 et
1454 2654 1562 2710 cunetis
1580 2650 1771 2706 animantibus

135 2746 187 2800 hoc
194 2745 374 2800 estnoluistis
385 2746 483 2799 audire
491 2754 518 2800 et
530 2762 615 2814 agere
623 2746 932 2816 quaeratiisdietasunt.
975 2763 1123 2800 corrunune
1138 2752 1190 2807 est.
1212 2748 1260 2801 sed
1283 2747 1355 2800 illius
1368 2746 1416 2817 qui
1430 2745 1497 2799 dicit
1519 2763 1524 2796 :
1539 2760 1553 2795 o
1570 2744 1627 2813 Ego
1640 2757 1704 2795 sum
1719 2738 1770 2803 rit,

135 2832 466 2904 l‘os‘surnustropologice
476 2835 788 2889 maledietumdolosum
798 2835 935 2905 interpre-
975 2836 1088 2893 veritas.
1100 2846 1127 2888 et
1137 2836 1203 2895 sita.
1213 2854 1225 2884 r
1235 2843 1264 2890 et
1278 2835 1312 2888 de
1327 2851 1382 2905 quo
1391 2832 1555 2905 Apostolus:
1568 2850 1583 2881 o
1599 2829 1663 2907 liita
1678 2826 1773 2882 nosl'rd

135 2922 632 2994 turipopulumludaeorumquieum
643 2923 779 2977 haberent
789 2924 933 2995 egregium
975 2922 1139 2977 abscondita
1156 2928 1199 2978 est
1222 2940 1284 2977 eum
1311 2923 1423 2978 Christo
1442 2922 1471 2975 in
1493 2920 1559 2975 Deo.
1580 2914 1673 2989 ilpse
1687 2916 1770 2997 etiem

136 3010 291 3065 masculum
306 3018 332 3064 et
344 3010 553 3065 immacutatum
565 3028 669 3082 agnum
680 3013 830 3067 Duarinum
841 3014 935 3067 Salsa·
976 3030 1030 3085 pan
1051 3020 1147 3067 nostra
1167 3018 1220 3076 est.
1245 3011 1399 3067 seeundum
1416 3009 1591 3083 Apostolum,
1609 2998 1622 3058 ι’
1645 3000 1694 3077 qui
1709 3002 1771 3058 tee'il

137 3098 238 3164 tdreni‚
255 3106 281 3152 et
295 3100 419 3152 omnium
432 3100 854 3169 proptiemrums·0eibusessent
867 3118 935 3171 prae·
976 3109 1095 3172 utraque
1119 3117 1217 3156 unum.
1233 3101 1326 3156 »Dedi
1340 3100 1366 3154 ei
1383 3098 1495 3170 anquis)
1513 3096 1655 3161 timorem,
1672 3093 1773 3165 quiesi

137 3186 247 3251 moniti,
263 3194 294 3240 ut
310 3186 389 3240 illum
411 3188 594 3257 susciperent.
617 3193 644 3242 et
668 3189 856 3249 immolarent,
872 3207 934 3242 rre-
976 3190 1087 3245 initiunt
1103 3190 1257 3261 sapientise.
1272 3194 1330 3243 eta
1345 3182 1414 3242 lucie
1433 3184 1554 3241 nominis
1570 3184 1627 3239 urei
1643 3172 1770 3261 parelidt.

137 3272 229 3327 dendo
245 3275 352 3329 senisse
366 3292 429 3330 eum
446 3276 495 3329 [tei
510 3276 609 3330 lilium
629 3294 679 3347 pro
693 3278 783 3331 salute
797 3277 933 3336 onmium.
977 3280 1079 3334 mentis
1093 3279 1220 3333 habitum
1243 3285 1365 3333 tremore
1389 3275 1521 3347 exagitati
1541 3272 1669 3343 eorporis
1683 3268 1774 3353 osteri3

138 3362 190 3416 hoe
204 3368 295 3417 tacere
310 3364 469 3421 noluerunt.
482 3370 540 3421 sed.
555 3365 702 3437 reprobato
713 3367 934 3438 Claristoelege-
976 3369 1055 3425 dens.
1064 3370 1144 3439 J'usta
1157 3364 1226 3422 illud
1237 3367 1311 3439 quod
1320 3366 1457 3438 scriptum
1467 3368 1524 3418 est:
1538 3364 1630 3433 Super
1638 3366 1725 3433 quem
1734 3364 1774 3413 it·

138 3458 205 3506 runt
214 3450 307 3507 debile
321 3468 406 3525 pecus
419 3462 447 3509 et
463 3454 620 3508 irrerrbidum
643 3454 800 3513 Barablran.
821 3456 870 3527 qui
891 3462 936 3526 ty·
978 3456 1102 3528 quiescet
1129 3456 1251 3529 Spiritus
1278 3472 1366 3519 meus,
1393 3452 1447 3509 nisi
1474 3469 1558 3523 super
1581 3444 1721 3506 hittuiler'n
1747 3426 1774 3501 ei

138 3552 203 3612 pum
220 3542 417 3612 martenesiae
434 3543 607 3596 sortiarii.
623 3542 676 3597 Sed
696 3544 760 3596 lieet
775 3544 814 3598 illi
830 3545 881 3597 lioc
895 3544 936 3597 ie·
978 3546 1114 3615 quietum.
1129 3555 1158 3599 et
1170 3550 1337 3599 trementem
1348 3558 1490 3596 sermones
1502 3536 1596 3595 meos?
1609 3538 1666 3593 Lei
1676 3536 1775 3613 neritii·

138 3628 352 3689 cerlnt.nornen
367 3642 461 3686 tamen
477 3632 580 3685 (tn-iat
602 3632 736 3685 horribile
755 3640 783 3686 et
806 3650 938 3686 reiteran·
978 3635 1015 3687 tis
1030 3632 1083 3688 luit
1105 3634 1133 3687 in
1153 3650 1201 3688 ore
1224 3634 1295 3703 ejus.
1320 3632 1373 3686 lroc
1394 3636 1446 3685 est.
1462 3628 1591 3682 dauriae
1605 3626 1736 3699 simplet,
1749 3606 1780 3679 ei

139 3719 206 3773 dum
217 3728 260 3773 est
271 3720 299 3773 in
315 3720 456 3790 gentibus.
979 3722 1056 3776 nulla
1068 3722 1205 3776 ruendaeii
1218 3719 1326 3775 irrucula
1341 3718 1459 3783 fuscata,
1470 3722 1499 3771 et
1512 3715 1649 3789 iniquitas
1664 3716 1721 3768 iton
1735 3700 1783 3795 esd

177 3825 190 3860 e
205 3808 273 3862 Eece
288 3824 340 3879 ego
356 3810 498 3880 projiciam
519 3809 596 3863 robis
614 3808 770 3871 brachium.
785 3816 812 3864 et
827 3810 936 3881 disper·
978 3812 1091 3865 ini-enta
1105 3811 1134 3865 ia
1148 3824 1192 3873 eo,
1206 3810 1271 3881 quia
1286 3810 1366 3862 illum
1381 3807 1493 3861 unicum
1508 3804 1669 3876 pontificem
1683 3801 1777 3885 itiiildj

138 3912 205 3967 gum
218 3912 305 3968 super
323 3899 429 3952 ruitum
452 3906 574 3953 restrum
597 3906 704 3953 stereus
726 3899 936 3953 solemnitatum
978 3900 1070 3957 batim.
1087 3900 1121 3953 de
1134 3916 1189 3970 quo
1199 3898 1334 3951 veraciter
1343 3896 1448 3949 dictum
1464 3899 1508 3947 est
1520 3913 1525 3946 :
1537 3912 1551 3944 o
1562 3890 1715 3947 Pecc'istum
1723 3882 1778 3945 iron'

141 3992 306 4045 vestrarum.
322 3997 349 4041 et
364 3992 490 4043 assumet
509 4004 556 4041 ros
569 4005 673 4042 seeum.
694 4008 704 4037 ι
721 3988 763 4041 ,td
779 3988 938 4042 sacerdotes
980 3989 1054 4043 terit.
1069 4006 1081 4039 s
1095 3994 1169 4042 eto«
1183 3986 1215 4043 ln
1226 4003 1293 4058 paee
1308 3990 1336 4039 et
1349 3984 1379 4038 in
1393 3980 1524 4054 aequitate
1546 3978 1705 4035 ambularit
1723 3986 1774 4032 me

140 4076 321 4130 comnrlnatio
336 4079 390 4131 ista
402 4076 546 4147 dirigitur.
557 4078 605 4147 qui
621 4078 693 4130 nrale
707 4076 941 4131 utebantureere-
979 4094 1053 4136 euni.
1069 4097 1083 4125 a
1099 4092 1154 4148 quo
1166 4079 1193 4129 et
1206 4075 1265 4149 ipse
1280 4090 1376 4145 pacem
1390 4070 1518 4131 haberet.
1532 4073 1561 4123 et
1575 4068 1695 4123 caeteros
1706 4054 1772 4145 priti-

141 4166 243 4218 nroniis
257 4165 403 4234 legalibus.
418 4166 532 4219 Stemus
549 4173 644 4219 autern
660 4165 871 4219 solemnitatum
888 4166 938 4219 de·
980 4168 1130 4219 licaretur
1146 4164 1251 4219 nullius
1264 4162 1292 4216 in
1305 4161 1410 4233 judicio
1425 4174 1574 4231 personam
1588 4156 1740 4229 acciperet.
1750 4154 1773 4211 ἑῑ

140 4251 262 4321 speetire
271 4252 412 4305 sanctiora
424 4252 501 4307 dicit.
513 4269 575 4322 quie
589 4270 639 4323 pro
654 4270 769 4307 munere
784 4254 937 4308 seeundum
980 4254 1083 4308 multos
1097 4254 1198 4307 avertit
1213 4252 1248 4305 ab
1262 4250 1421 4321 iniquitute.
1434 4247 1487 4312 Qui
1498 4246 1573 4300 enim
1583 4235 1716 4300 sacerdos
1726 4246 1771 4308 est,

143 4339 233 4408 legem
247 4339 429 4410 accipiebant.
446 4355 556 4393 ararum
578 4341 683 4395 seilicet
698 4342 839 4399 dextrum.
854 4352 882 4395 et
893 4359 939 4412 pe
980 4350 1008 4397 et
1020 4359 1076 4396 non
1091 4342 1206 4413 corripit
1220 4340 1424 4410 delinquentes.
1441 4336 1534 4408 perdit
1546 4334 1673 4389 officium
1685 4336 1772 4388 socer-

143 4426 310 4483 ctusculum.
323 4427 449 4497 linguam
460 4435 488 4481 et
502 4429 697 4485 ventriculum.
712 4437 868 4501 artemque
878 4413 1063 4501 quaeDdotis.

142 4517 171 4570 in
186 4517 308 4570 levitico
319 4517 457 4588 jubentur
479 4516 604 4587 :recipere
626 4516 784 4571 sacerdotes
798 4535 830 4570 ex
842 4517 939 4572 tiosois
1019 4540 1032 4572 e
1052 4518 1138 4573 Labia
1152 4519 1228 4571 enim
1242 4514 1393 4570 sacerdotis
1406 4502 1568 4569 custodiunt
1580 4509 1740 4585 scientiam,
1751 4514 1776 4565 'et

142 4605 248 4677 populi.
264 4622 326 4677 quie
337 4620 412 4659 nilne
426 4622 456 4659 se
468 4604 634 4675 abiit-erest
649 4605 677 4658 iu
691 4605 784 4659 rultus
798 4622 895 4660 einana
910 4623 939 4659 se
981 4610 1071 4679 legem
1091 4608 1234 4677 requirent
1249 4623 1284 4660 ex
1294 4622 1342 4659 ure
1358 4604 1430 4674 ejus,
1446 4602 1513 4674 quia
1527 4599 1645 4671 augelus
1667 4586 1776 4667 Domini

142 4696 255 4751 mittere
266 4700 450 4753 eirrrtestatur.
468 4702 498 4750 ut
512 4695 642 4749 osterrdat
656 4711 704 4747 ears
718 4695 788 4747 tales
798 4712 860 4749 esse
874 4713 941 4766 quu-
982 4698 1152 4751 exereituum
1168 4694 1221 4748 est.
1235 4694 1312 4748 -a'on
1326 4692 1397 4746 dixit
1405 4690 1547 4764 proferent
1556 4693 1607 4742 aut
1616 4687 1776 4765 loquentiu,

142 4787 180 4840 lla
194 4791 260 4841 sunt
281 4796 309 4840 et
332 4786 380 4840 itta
405 4803 468 4857 quse
489 4786 619 4838 atterunt.
637 4784 669 4837 Et
686 4796 809 4838 militet
830 4802 877 4837 ros
896 4802 941 4837 >e-
983 4786 1030 4839 sed
1046 4818 1056 4836 t·
1073 4783 1241 4839 custodient.
1261 4794 1317 4835 »ut
1332 4780 1468 4850 impleant
1484 4794 1580 4849 opere.
1596 4776 1682 4830 etsie
1696 4776 1777 4831 crele-

141 4890 216 4933 eum.
231 4875 364 4929 subaudis
378 4883 487 4929 stereus
503 4881 658 4929 vestrarum
674 4873 894 4927 sulenrnitatum.
912 4877 942 4927 ut
983 4878 1021 4928 ris
1036 4865 1596 4945 quaetlgeretlebeutttl.t'et'b0elt⁸1t·mpl⁰
1608 4864 1777 4937 proponanl3

142 4964 228 5017 iacies
243 4976 340 5017 restire
356 4964 454 5035 putida
468 4962 599 5017 stercoris
615 4960 809 5016 emundatam
825 4974 940 5031 turpen-
984 4986 994 5015 ι
1017 4974 1043 5017 et
1059 4962 1149 5033 legem
1165 4961 1308 5033 requirent
1323 4977 1357 5012 ex
1372 4976 1421 5012 ore
1431 4959 1502 5027 ejus,
1519 4978 1532 5007 ι
1546 4956 1574 5009 id
1589 4950 1634 5009 esl
1650 4953 1778 5033 sacerdos

142 5060 198 5106 tur·
982 5054 1018 5108 tis
1037 5052 1095 5105 lior
1107 5066 1134 5105 et
1151 5051 1179 5104 in
1190 5052 1292 5120 degeo
1307 5048 1445 5118 legimus:
1465 5072 1474 5091 ι
1488 5042 1633 5113 interroga
1649 5042 1781 5098 sacerdo-

181 5156 193 5190 ι
211 5140 243 5193 Et
258 5138 352 5192 scietis
362 5138 428 5210 quia
442 5140 506 5192 misi
520 5140 554 5193 ad
570 5156 618 5195 sos
633 5138 797 5193 iriandatunr
813 5138 898 5193 istud.
910 5144 941 5193 ut
983 5156 1025 5196 tes
1035 5143 1134 5211 legem.
1155 5160 1165 5183 r
1178 5139 1219 5193 dd
1228 5136 1386 5191 saeenlotes
1396 5134 1544 5205 disciplina
1555 5126 1690 5204 pertinet,
1703 5131 1784 5187 ulin-

135 5234 217 5287 ,esset
230 5238 342 5298 paetum
360 5244 452 5281 meum
464 5246 527 5282 cirin
540 5229 614 5287 Levi.
627 5228 693 5283 elicit
714 5230 849 5283 lleriuinus
864 5244 943 5282 eter·
983 5234 1143 5300 terrogatus
1156 5228 1190 5281 de
1205 5227 1266 5297 lege
1283 5222 1460 5297 respondeat.
1486 5212 1553 5278 ilinc
1572 5202 1680 5275 l'uulus
1695 5221 1730 5275 ad
1741 5202 1785 5291 ti,-

142 5320 250 5373 cituuru
265 5334 271 5370 :
288 5324 400 5387 paetum
416 5332 510 5370 laeum
525 5316 576 5369 luit
586 5332 648 5371 rura
661 5335 693 5371 eu
709 5319 770 5373 rita
786 5324 813 5372 et
829 5319 913 5389 piaris.
930 5340 940 5365 ι
984 5330 1043 5374 tum
1058 5316 1175 5371 turmam
1197 5314 1358 5369 describens
1374 5311 1534 5369 sacerdotis,
1558 5330 1568 5359 ι
1586 5312 1620 5363 'ut
1633 5310 1737 5381 potens
1749 5308 1786 5365 stt

145 5408 210 5463 ldeo
224 5407 334 5475 linquitl
348 5406 403 5460 ista
418 5405 495 5457 rotas
516 5405 627 5461 stiriam.
649 5410 679 5460 ut
700 5408 796 5461 solatis
815 5426 859 5461 rue
879 5424 940 5461 esse
986 5408 1092 5478 inquit·
1103 5406 1243 5459 exhortari
1259 5403 1505 5457 iirdoetrinasunu
1519 5396 1786 5479 eloontrddioentes'

143 5494 191 5570 qui
206 5494 347 5566 quondam
363 5494 435 5563 elegi
450 5494 513 5546 tert
527 5506 635 5565 patrem
651 5503 784 5553 restrum.
794 5503 821 5550 et
831 5498 858 5550 in
877 5496 940 5552 Leri
981 5496 1160 5566 redarguere
1181 5516 1191 5533 ν·
1207 5493 1411 5567 Interpretatur
1433 5486 1584 5569 ,italaehias
1598 5480 1719 5585 augelus
1733 5470 1788 5573 iiq-

142 5586 246 5642 Aaron.
260 5588 292 5639 ut
301 5580 375 5638 esset
384 5588 497 5655 paetum
511 5599 606 5637 meum
619 5600 684 5638 cum
698 5584 763 5639 Lem‘
778 5584 807 5639 et'
820 5586 941 5656 posteris
981 5581 1062 5649 mitri,
1078 5582 1213 5638 elamitis
1228 5566 1359 5635 §derides
1372 5574 1491 5650 angelus
1503 5558 1788 5647 llomiirlesi‚'sirqitti·
