<?xml version="1.0" encoding="UTF-8"?>
<!DOCTYPE html PUBLIC "-//W3C//DTD XHTML 1.0 Transitional//EN"
    "http://www.w3.org/TR/xhtml1/DTD/xhtml1-transitional.dtd">
<html xmlns="http://www.w3.org/1999/xhtml" xml:lang="en" lang="en">
 <head>
  <title>
</title>
<meta http-equiv="Content-Type" content="text/html;charset=utf-8" />
  <meta name='ocr-system' content='tesseract 3.04.00' />
  <meta name='ocr-capabilities' content='ocr_page ocr_carea ocr_par ocr_line ocrx_word'/>
</head>
<body>
  <div class='ocr_page' id='page_1' title='image "./patrologiaecurs31unkngoog_0362.png"; bbox 0 0 3840 6098; ppageno 0'>
   <div class='ocr_carea' id='block_1_1' title="bbox 97 105 1739 194">
    <p class='ocr_par' dir='ltr' id='par_1_1' title="bbox 97 105 1739 194">
     <span class='ocr_line' id='line_1_1' title="bbox 97 105 1739 194; baseline 0.004 -32"><span class='ocrx_word' id='word_1_1' title='bbox 97 105 151 166; x_wconf 83' lang='grc'>713</span> <span class='ocrx_word' id='word_1_2' title='bbox 440 106 631 165; x_wconf 65' lang='lat' dir='ltr'>mansino</span> <span class='ocrx_word' id='word_1_3' title='bbox 646 108 686 164; x_wconf 79' lang='grc' dir='ltr'>ΙΝ</span> <span class='ocrx_word' id='word_1_4' title='bbox 700 107 777 164; x_wconf 80' lang='grc' dir='ltr'><strong>ΕΡΡ.</strong></span> <span class='ocrx_word' id='word_1_5' title='bbox 794 108 823 164; x_wconf 86' lang='lat' dir='ltr'>S.</span> <span class='ocrx_word' id='word_1_6' title='bbox 839 107 957 166; x_wconf 76' lang='lat' dir='ltr'>PAULI.</span> <span class='ocrx_word' id='word_1_7' title='bbox 974 138 1009 194; x_wconf 62' lang='lat'>7-</span> <span class='ocrx_word' id='word_1_8' title='bbox 1022 110 1062 166; x_wconf 85' lang='grc' dir='ltr'>ΙΝ</span> <span class='ocrx_word' id='word_1_9' title='bbox 1076 109 1189 167; x_wconf 76' lang='lat' dir='ltr'>uels&#39;r.</span> <span class='ocrx_word' id='word_1_10' title='bbox 1204 110 1253 166; x_wconf 78' lang='lat' dir='ltr'>AD</span> <span class='ocrx_word' id='word_1_11' title='bbox 1266 108 1394 169; x_wconf 74' lang='lat' dir='ltr'><strong>EPEES.</strong></span> <span class='ocrx_word' id='word_1_12' title='bbox 1686 112 1739 170; x_wconf 75' lang='lat' dir='ltr'>itt</span> 
     </span>
    </p>
   </div>
   <div class='ocr_carea' id='block_1_2' title="bbox 41 230 1837 5446">
    <p class='ocr_par' dir='ltr' id='par_1_2' title="bbox 41 230 1837 5446">
     <span class='ocr_line' id='line_1_2' title="bbox 89 230 1737 307; baseline 0.004 -21"><span class='ocrx_word' id='word_1_13' title='bbox 89 230 1459 306; x_wconf 76' lang='lat' dir='ltr'>plactis?utiqaelllisenimsolummodoestrevelatuminAstantiaestinterludieosetgentiles</span> <span class='ocrx_word' id='word_1_14' title='bbox 1468 233 1737 307; x_wconf 76' lang='lat' dir='ltr'>iugratialtci.Qae</span> 
     </span>
     <span class='ocr_line' id='line_1_3' title="bbox 87 317 1740 397; baseline 0.004 -23"><span class='ocrx_word' id='word_1_15' title='bbox 87 317 219 390; x_wconf 81' lang='lat' dir='ltr'>Spiritu,</span> <span class='ocrx_word' id='word_1_16' title='bbox 232 318 285 373; x_wconf 90' lang='lat' dir='ltr'>hoc</span> <span class='ocrx_word' id='word_1_17' title='bbox 295 323 338 375; x_wconf 84' lang='lat' dir='ltr'>est</span> <span class='ocrx_word' id='word_1_18' title='bbox 351 336 402 392; x_wconf 91' lang='lat' dir='ltr'>per</span> <span class='ocrx_word' id='word_1_19' title='bbox 416 317 553 392; x_wconf 82' lang='lat' dir='ltr'>Spiritum</span> <span class='ocrx_word' id='word_1_20' title='bbox 568 327 708 385; x_wconf 87' lang='lat' dir='ltr'>sanctum,</span> <span class='ocrx_word' id='word_1_21' title='bbox 721 321 769 392; x_wconf 92' lang='lat' dir='ltr'>qui</span> <span class='ocrx_word' id='word_1_22' title='bbox 788 320 838 376; x_wconf 84' lang='lat' dir='ltr'>titii</span> <span class='ocrx_word' id='word_1_23' title='bbox 851 319 902 375; x_wconf 88' lang='lat' dir='ltr'>Dei</span> <span class='ocrx_word' id='word_1_24' title='bbox 944 325 1040 379; x_wconf 89' lang='lat' dir='ltr'>omnia</span> <span class='ocrx_word' id='word_1_25' title='bbox 1057 332 1266 380; x_wconf 88' lang='lat' dir='ltr'>sacramentum</span> <span class='ocrx_word' id='word_1_26' title='bbox 1282 329 1357 378; x_wconf 86' lang='lat' dir='ltr'>reete</span> <span class='ocrx_word' id='word_1_27' title='bbox 1380 323 1569 395; x_wconf 75' lang='lat' dir='ltr'>appellantur,</span> <span class='ocrx_word' id='word_1_28' title='bbox 1589 323 1657 397; x_wconf 89' lang='lat' dir='ltr'>quia</span> <span class='ocrx_word' id='word_1_29' title='bbox 1674 328 1740 381; x_wconf 87' lang='lat' dir='ltr'>ante</span> 
     </span>
     <span class='ocr_line' id='line_1_4' title="bbox 83 407 1742 481; baseline 0.004 -19"><span class='ocrx_word' id='word_1_30' title='bbox 83 413 182 463; x_wconf 86' lang='lat' dir='ltr'>erant</span> <span class='ocrx_word' id='word_1_31' title='bbox 196 425 248 480; x_wconf 91' lang='lat' dir='ltr'>per</span> <span class='ocrx_word' id='word_1_32' title='bbox 257 409 448 480; x_wconf 87' lang='lat' dir='ltr'>adoptionem,</span> <span class='ocrx_word' id='word_1_33' title='bbox 464 409 576 465; x_wconf 91' lang='lat' dir='ltr'>sicutet</span> <span class='ocrx_word' id='word_1_34' title='bbox 590 409 704 475; x_wconf 89' lang='lat' dir='ltr'>Paulus,</span> <span class='ocrx_word' id='word_1_35' title='bbox 718 426 776 464; x_wconf 90' lang='lat' dir='ltr'>non</span> <span class='ocrx_word' id='word_1_36' title='bbox 788 407 902 481; x_wconf 92' lang='lat' dir='ltr'>illisqui</span> <span class='ocrx_word' id='word_1_37' title='bbox 944 411 1048 467; x_wconf 83' lang='lat' dir='ltr'>Christi</span> <span class='ocrx_word' id='word_1_38' title='bbox 1063 413 1213 469; x_wconf 89' lang='lat' dir='ltr'>adventum</span> <span class='ocrx_word' id='word_1_39' title='bbox 1228 414 1337 468; x_wconf 89' lang='lat' dir='ltr'>occulta</span> <span class='ocrx_word' id='word_1_40' title='bbox 1358 418 1503 468; x_wconf 88' lang='lat' dir='ltr'>etsecreta</span> <span class='ocrx_word' id='word_1_41' title='bbox 1515 413 1638 469; x_wconf 84' lang='lat' dir='ltr'>fuerunt.</span> <span class='ocrx_word' id='word_1_42' title='bbox 1653 413 1707 469; x_wconf 89' lang='lat' dir='ltr'>Sed</span> <span class='ocrx_word' id='word_1_43' title='bbox 1717 414 1742 469; x_wconf 86' lang='lat' dir='ltr'>si</span> 
     </span>
     <span class='ocr_line' id='line_1_5' title="bbox 80 496 1743 573; baseline 0.005 -24"><span class='ocrx_word' id='word_1_44' title='bbox 80 496 145 551; x_wconf 82' lang='lat' dir='ltr'>tilii</span> <span class='ocrx_word' id='word_1_45' title='bbox 164 502 196 552; x_wconf 90' lang='lat' dir='ltr'>et</span> <span class='ocrx_word' id='word_1_46' title='bbox 207 503 349 553; x_wconf 80' lang='lat' dir='ltr'>amamres</span> <span class='ocrx_word' id='word_1_47' title='bbox 374 498 458 568; x_wconf 85' lang='lat' dir='ltr'>hujus</span> <span class='ocrx_word' id='word_1_48' title='bbox 472 499 569 553; x_wconf 90' lang='lat' dir='ltr'>mundi</span> <span class='ocrx_word' id='word_1_49' title='bbox 584 505 674 552; x_wconf 89' lang='lat' dir='ltr'>erant.</span> <span class='ocrx_word' id='word_1_50' title='bbox 696 497 790 553; x_wconf 81' lang='lat' dir='ltr'>Aliter</span> <span class='ocrx_word' id='word_1_51' title='bbox 805 516 810 551; x_wconf 96' lang='lat'><strong>:</strong></span> <span class='ocrx_word' id='word_1_52' title='bbox 832 497 903 553; x_wconf 83' lang='lat' dir='ltr'>otiis</span> <span class='ocrx_word' id='word_1_53' title='bbox 943 501 1151 572; x_wconf 90' lang='lat' dir='ltr'>investigabiles</span> <span class='ocrx_word' id='word_1_54' title='bbox 1165 502 1308 573; x_wconf 77' lang='lat' dir='ltr'>suntipsae</span> <span class='ocrx_word' id='word_1_55' title='bbox 1318 501 1431 561; x_wconf 78' lang='lat' dir='ltr'>divitie.</span> <span class='ocrx_word' id='word_1_56' title='bbox 1442 501 1582 572; x_wconf 90' lang='lat' dir='ltr'>quomodo</span> <span class='ocrx_word' id='word_1_57' title='bbox 1592 502 1743 573; x_wconf 76' lang='lat' dir='ltr'><strong>Apostolus</strong></span> 
     </span>
     <span class='ocr_line' id='line_1_6' title="bbox 74 586 1743 661; baseline 0.004 -21"><span class='ocrx_word' id='word_1_58' title='bbox 74 586 331 658; x_wconf 73' lang='lat' dir='ltr'><strong>generationibus</strong></span> <span class='ocrx_word' id='word_1_59' title='bbox 345 587 409 642; x_wconf 83' lang='lat' dir='ltr'>siliis</span> <span class='ocrx_word' id='word_1_60' title='bbox 420 588 578 652; x_wconf 88' lang='lat' dir='ltr'>hominum,</span> <span class='ocrx_word' id='word_1_61' title='bbox 594 588 624 642; x_wconf 89' lang='lat' dir='ltr'>id</span> <span class='ocrx_word' id='word_1_62' title='bbox 637 593 680 642; x_wconf 90' lang='lat' dir='ltr'>est</span> <span class='ocrx_word' id='word_1_63' title='bbox 691 587 860 659; x_wconf 88' lang='lat' dir='ltr'>patriarchis</span> <span class='ocrx_word' id='word_1_64' title='bbox 875 593 903 641; x_wconf 91' lang='lat' dir='ltr'>et</span> <span class='ocrx_word' id='word_1_65' title='bbox 945 590 1155 645; x_wconf 82' lang='lat' dir='ltr'>missusesteas</span> <span class='ocrx_word' id='word_1_66' title='bbox 1165 590 1375 661; x_wconf 83' lang='lat' dir='ltr'>evangelizaret</span> <span class='ocrx_word' id='word_1_67' title='bbox 1393 590 1465 644; x_wconf 90' lang='lat' dir='ltr'>Nam</span> <span class='ocrx_word' id='word_1_68' title='bbox 1476 588 1677 661; x_wconf 88' lang='lat' dir='ltr'>investigabilis</span> <span class='ocrx_word' id='word_1_69' title='bbox 1696 607 1743 647; x_wconf 86' lang='lat' dir='ltr'>res</span> 
     </span>
     <span class='ocr_line' id='line_1_7' title="bbox 74 675 1742 750; baseline 0.004 -21"><span class='ocrx_word' id='word_1_70' title='bbox 74 675 247 747; x_wconf 86' lang='lat' dir='ltr'>prophetis</span> <span class='ocrx_word' id='word_1_71' title='bbox 256 676 412 747; x_wconf 88' lang='lat' dir='ltr'>atquealiis</span> <span class='ocrx_word' id='word_1_72' title='bbox 421 676 591 741; x_wconf 90' lang='lat' dir='ltr'>hominibus,</span> <span class='ocrx_word' id='word_1_73' title='bbox 603 693 658 731; x_wconf 94' lang='lat' dir='ltr'>non</span> <span class='ocrx_word' id='word_1_74' title='bbox 670 677 753 731; x_wconf 87' lang='lat' dir='ltr'>estad</span> <span class='ocrx_word' id='word_1_75' title='bbox 765 675 904 747; x_wconf 90' lang='lat' dir='ltr'>liquidum</span> <span class='ocrx_word' id='word_1_76' title='bbox 946 684 997 743; x_wconf 90' lang='lat' dir='ltr'>est,</span> <span class='ocrx_word' id='word_1_77' title='bbox 1005 695 1067 750; x_wconf 74' lang='lat' dir='ltr'>quae</span> <span class='ocrx_word' id='word_1_78' title='bbox 1077 695 1132 733; x_wconf 91' lang='lat' dir='ltr'>noo</span> <span class='ocrx_word' id='word_1_79' title='bbox 1144 677 1402 750; x_wconf 86' lang='lat' dir='ltr'>potestinvestigari</span> <span class='ocrx_word' id='word_1_80' title='bbox 1413 684 1442 732; x_wconf 90' lang='lat' dir='ltr'>et</span> <span class='ocrx_word' id='word_1_81' title='bbox 1450 677 1662 748; x_wconf 82' lang='lat' dir='ltr'><strong>comprehendi.</strong></span> <span class='ocrx_word' id='word_1_82' title='bbox 1674 678 1742 744; x_wconf 75' lang='lat' dir='ltr'>Quae</span> 
     </span>
     <span class='ocr_line' id='line_1_8' title="bbox 71 763 1743 838; baseline 0.002 -19"><span class='ocrx_word' id='word_1_83' title='bbox 71 764 131 819; x_wconf 73' lang='lat' dir='ltr'>ita</span> <span class='ocrx_word' id='word_1_84' title='bbox 142 763 364 820; x_wconf 80' lang='lat' dir='ltr'>manifestatum</span> <span class='ocrx_word' id='word_1_85' title='bbox 376 768 542 838; x_wconf 81' lang='lat' dir='ltr'>mysterium</span> <span class='ocrx_word' id='word_1_86' title='bbox 551 765 906 837; x_wconf 87' lang='lat' dir='ltr'>tideigentium,sicutapo·</span> <span class='ocrx_word' id='word_1_87' title='bbox 946 767 1096 838; x_wconf 80' lang='lat' dir='ltr'><strong>dupliciter</strong></span> <span class='ocrx_word' id='word_1_88' title='bbox 1104 772 1197 838; x_wconf 91' lang='lat' dir='ltr'>potest</span> <span class='ocrx_word' id='word_1_89' title='bbox 1207 767 1275 820; x_wconf 93' lang='lat' dir='ltr'>solvi</span> <span class='ocrx_word' id='word_1_90' title='bbox 1286 785 1293 819; x_wconf 96' lang='lat'><strong>:</strong></span> <span class='ocrx_word' id='word_1_91' title='bbox 1303 765 1514 836; x_wconf 80' lang='lat' dir='ltr'>iuvestigabiles</span> <span class='ocrx_word' id='word_1_92' title='bbox 1523 766 1661 837; x_wconf 85' lang='lat' dir='ltr'>siquidem</span> <span class='ocrx_word' id='word_1_93' title='bbox 1676 771 1743 823; x_wconf 87' lang='lat' dir='ltr'>ante</span> 
     </span>
     <span class='ocr_line' id='line_1_9' title="bbox 67 851 1744 932; baseline 0.002 -25"><span class='ocrx_word' id='word_1_94' title='bbox 67 851 179 907; x_wconf 73' lang='lat' dir='ltr'>stolis</span> <span class='ocrx_word' id='word_1_95' title='bbox 189 859 223 908; x_wconf 88' lang='lat' dir='ltr'>et</span> <span class='ocrx_word' id='word_1_96' title='bbox 231 852 376 925; x_wconf 88' lang='lat' dir='ltr'>prophetis</span> <span class='ocrx_word' id='word_1_97' title='bbox 385 853 455 908; x_wconf 89' lang='lat' dir='ltr'>Novi</span> <span class='ocrx_word' id='word_1_98' title='bbox 466 854 651 916; x_wconf 73' lang='lat' dir='ltr'>Testamenti,</span> <span class='ocrx_word' id='word_1_99' title='bbox 663 858 694 909; x_wconf 90' lang='lat' dir='ltr'>ut</span> <span class='ocrx_word' id='word_1_100' title='bbox 705 853 757 908; x_wconf 88' lang='lat' dir='ltr'>tuit</span> <span class='ocrx_word' id='word_1_101' title='bbox 766 852 880 932; x_wconf 75' lang='lat' dir='ltr'>hgahgs</span> <span class='ocrx_word' id='word_1_102' title='bbox 896 868 902 905; x_wconf 91' lang='lat'><strong>:</strong></span> <span class='ocrx_word' id='word_1_103' title='bbox 947 854 1058 912; x_wconf 89' lang='lat' dir='ltr'>Domini</span> <span class='ocrx_word' id='word_1_104' title='bbox 1072 855 1223 910; x_wconf 88' lang='lat' dir='ltr'>adventum</span> <span class='ocrx_word' id='word_1_105' title='bbox 1236 854 1360 916; x_wconf 83' lang='lat' dir='ltr'>fuerunt,</span> <span class='ocrx_word' id='word_1_106' title='bbox 1370 854 1536 924; x_wconf 83' lang='lat' dir='ltr'>quianullus</span> <span class='ocrx_word' id='word_1_107' title='bbox 1546 871 1593 910; x_wconf 87' lang='lat' dir='ltr'>aas</span> <span class='ocrx_word' id='word_1_108' title='bbox 1601 855 1694 927; x_wconf 92' lang='lat' dir='ltr'>potuit</span> <span class='ocrx_word' id='word_1_109' title='bbox 1707 855 1744 910; x_wconf 87' lang='lat' dir='ltr'>ad</span> 
     </span>
     <span class='ocr_line' id='line_1_10' title="bbox 66 941 1746 1015; baseline 0.001 -19"><span class='ocrx_word' id='word_1_110' title='bbox 66 956 226 1013; x_wconf 84' lang='lat' dir='ltr'>quorum</span> <span class='ocrx_word' id='word_1_111' title='bbox 234 941 433 1013; x_wconf 73' lang='lat' dir='ltr'>predicatione</span> <span class='ocrx_word' id='word_1_112' title='bbox 443 942 569 997; x_wconf 85' lang='lat' dir='ltr'>adlidem</span> <span class='ocrx_word' id='word_1_113' title='bbox 577 948 721 997; x_wconf 90' lang='lat' dir='ltr'>venerunt.</span> <span class='ocrx_word' id='word_1_114' title='bbox 729 941 807 1006; x_wconf 89' lang='lat' dir='ltr'>Quod</span> <span class='ocrx_word' id='word_1_115' title='bbox 814 945 907 1012; x_wconf 89' lang='lat' dir='ltr'>potest</span> <span class='ocrx_word' id='word_1_116' title='bbox 947 942 1085 1015; x_wconf 90' lang='lat' dir='ltr'>liquidum</span> <span class='ocrx_word' id='word_1_117' title='bbox 1096 959 1279 1012; x_wconf 77' lang='lat' dir='ltr'>cognoscere,</span> <span class='ocrx_word' id='word_1_118' title='bbox 1295 942 1343 996; x_wconf 91' lang='lat' dir='ltr'>sed</span> <span class='ocrx_word' id='word_1_119' title='bbox 1360 948 1510 1011; x_wconf 74' lang='lat' dir='ltr'>quaerant</span> <span class='ocrx_word' id='word_1_120' title='bbox 1523 944 1746 1014; x_wconf 90' lang='lat' dir='ltr'>anteinvestiga-</span> 
     </span>
     <span class='ocr_line' id='line_1_11' title="bbox 61 1027 1746 1103; baseline 0.001 -18"><span class='ocrx_word' id='word_1_121' title='bbox 61 1027 217 1103; x_wconf 83' lang='lat' dir='ltr'>probari</span> <span class='ocrx_word' id='word_1_122' title='bbox 233 1047 266 1086; x_wconf 85' lang='lat' dir='ltr'>ex</span> <span class='ocrx_word' id='word_1_123' title='bbox 279 1030 333 1085; x_wconf 90' lang='lat' dir='ltr'>hoc</span> <span class='ocrx_word' id='word_1_124' title='bbox 346 1029 422 1103; x_wconf 92' lang='lat' dir='ltr'>quod</span> <span class='ocrx_word' id='word_1_125' title='bbox 437 1030 574 1085; x_wconf 83' lang='lat' dir='ltr'>Dominus</span> <span class='ocrx_word' id='word_1_126' title='bbox 596 1031 637 1085; x_wconf 88' lang='lat' dir='ltr'>ait</span> <span class='ocrx_word' id='word_1_127' title='bbox 657 1029 807 1102; x_wconf 87' lang='lat' dir='ltr'>apostolis:</span> <span class='ocrx_word' id='word_1_128' title='bbox 824 1030 907 1084; x_wconf 81' lang='lat' dir='ltr'>Mutii</span> <span class='ocrx_word' id='word_1_129' title='bbox 947 1030 1027 1096; x_wconf 90' lang='lat' dir='ltr'>biles,</span> <span class='ocrx_word' id='word_1_130' title='bbox 1044 1030 1164 1085; x_wconf 88' lang='lat' dir='ltr'>Domino</span> <span class='ocrx_word' id='word_1_131' title='bbox 1179 1029 1319 1092; x_wconf 89' lang='lat' dir='ltr'>veniente,</span> <span class='ocrx_word' id='word_1_132' title='bbox 1330 1028 1506 1099; x_wconf 82' lang='lat' dir='ltr'>vestigabiles</span> <span class='ocrx_word' id='word_1_133' title='bbox 1518 1036 1547 1085; x_wconf 91' lang='lat' dir='ltr'>et</span> <span class='ocrx_word' id='word_1_134' title='bbox 1561 1033 1746 1102; x_wconf 89' lang='lat' dir='ltr'>comprehen-</span> 
     </span>
     <span class='ocr_line' id='line_1_12' title="bbox 62 1117 1748 1190; baseline 0.002 -17"><span class='ocrx_word' id='word_1_135' title='bbox 62 1133 176 1187; x_wconf 65' lang='grc' dir='ltr'>προς</span> <span class='ocrx_word' id='word_1_136' title='bbox 186 1122 216 1172; x_wconf 86' lang='lat' dir='ltr'>et</span> <span class='ocrx_word' id='word_1_137' title='bbox 228 1118 366 1187; x_wconf 78' lang='lat' dir='ltr'>propbeta</span> <span class='ocrx_word' id='word_1_138' title='bbox 377 1121 525 1172; x_wconf 83' lang='lat' dir='ltr'>coluerunt</span> <span class='ocrx_word' id='word_1_139' title='bbox 549 1120 639 1172; x_wconf 84' lang='lat' dir='ltr'>uidere</span> <span class='ocrx_word' id='word_1_140' title='bbox 661 1135 721 1187; x_wconf 80' lang='lat' dir='ltr'>qun</span> <span class='ocrx_word' id='word_1_141' title='bbox 738 1134 782 1172; x_wconf 87' lang='lat' dir='ltr'>cos</span> <span class='ocrx_word' id='word_1_142' title='bbox 797 1118 905 1180; x_wconf 85' lang='lat' dir='ltr'>videtis,</span> <span class='ocrx_word' id='word_1_143' title='bbox 949 1119 1044 1174; x_wconf 91' lang='lat' dir='ltr'>sibiles</span> <span class='ocrx_word' id='word_1_144' title='bbox 1051 1119 1130 1174; x_wconf 84' lang='lat' dir='ltr'>tactae</span> <span class='ocrx_word' id='word_1_145' title='bbox 1138 1117 1320 1172; x_wconf 78' lang='lat' dir='ltr'>suntdliter:</span> <span class='ocrx_word' id='word_1_146' title='bbox 1333 1117 1361 1171; x_wconf 90' lang='lat' dir='ltr'>ia</span> <span class='ocrx_word' id='word_1_147' title='bbox 1372 1134 1421 1171; x_wconf 89' lang='lat' dir='ltr'>sua</span> <span class='ocrx_word' id='word_1_148' title='bbox 1429 1118 1748 1190; x_wconf 88' lang='lat' dir='ltr'>naturainvestigabiles</span> 
     </span>
     <span class='ocr_line' id='line_1_13' title="bbox 56 1206 1748 1281; baseline 0.001 -18"><span class='ocrx_word' id='word_1_149' title='bbox 56 1213 101 1264; x_wconf 84' lang='lat' dir='ltr'>et</span> <span class='ocrx_word' id='word_1_150' title='bbox 123 1223 199 1262; x_wconf 83' lang='lat' dir='ltr'>non</span> <span class='ocrx_word' id='word_1_151' title='bbox 214 1207 463 1277; x_wconf 71' lang='lat' dir='ltr'>uideranttltatttv.</span> <span class='ocrx_word' id='word_1_152' title='bbox 479 1210 551 1271; x_wconf 80' lang='lat' dir='ltr'>xiii).</span> <span class='ocrx_word' id='word_1_153' title='bbox 565 1206 679 1277; x_wconf 85' lang='lat' dir='ltr'>ltlajoris</span> <span class='ocrx_word' id='word_1_154' title='bbox 702 1207 777 1261; x_wconf 69' lang='lat' dir='ltr'>iusim</span> <span class='ocrx_word' id='word_1_155' title='bbox 800 1206 907 1277; x_wconf 89' lang='lat' dir='ltr'>sapien·</span> <span class='ocrx_word' id='word_1_156' title='bbox 950 1214 1025 1274; x_wconf 89' lang='lat' dir='ltr'>sunt,</span> <span class='ocrx_word' id='word_1_157' title='bbox 1038 1206 1216 1279; x_wconf 89' lang='lat' dir='ltr'>pergratiam</span> <span class='ocrx_word' id='word_1_158' title='bbox 1232 1214 1326 1261; x_wconf 85' lang='lat' dir='ltr'>autern</span> <span class='ocrx_word' id='word_1_159' title='bbox 1334 1211 1363 1260; x_wconf 92' lang='lat' dir='ltr'>et</span> <span class='ocrx_word' id='word_1_160' title='bbox 1377 1206 1575 1262; x_wconf 79' lang='lat' dir='ltr'>revelationem</span> <span class='ocrx_word' id='word_1_161' title='bbox 1586 1209 1675 1263; x_wconf 88' lang='lat' dir='ltr'>sancti</span> <span class='ocrx_word' id='word_1_162' title='bbox 1684 1209 1748 1281; x_wconf 90' lang='lat' dir='ltr'>Spi-</span> 
     </span>
     <span class='ocr_line' id='line_1_14' title="bbox 53 1293 1750 1368; baseline -0.001 -15"><span class='ocrx_word' id='word_1_163' title='bbox 53 1296 131 1354; x_wconf 73' lang='lat' dir='ltr'>tim</span> <span class='ocrx_word' id='word_1_164' title='bbox 149 1296 283 1351; x_wconf 77' lang='lat' dir='ltr'>suerunt</span> <span class='ocrx_word' id='word_1_165' title='bbox 296 1294 417 1367; x_wconf 89' lang='lat' dir='ltr'>apostoli</span> <span class='ocrx_word' id='word_1_166' title='bbox 431 1311 515 1368; x_wconf 91' lang='lat' dir='ltr'>quam</span> <span class='ocrx_word' id='word_1_167' title='bbox 536 1295 704 1367; x_wconf 84' lang='lat' dir='ltr'>patriarchae</span> <span class='ocrx_word' id='word_1_168' title='bbox 722 1315 728 1349; x_wconf 90' lang='lat'>:</span> <span class='ocrx_word' id='word_1_169' title='bbox 748 1295 815 1368; x_wconf 89' lang='lat' dir='ltr'>quia</span> <span class='ocrx_word' id='word_1_170' title='bbox 833 1294 908 1366; x_wconf 92' lang='lat' dir='ltr'>quod</span> <span class='ocrx_word' id='word_1_171' title='bbox 950 1295 1022 1350; x_wconf 83' lang='lat' dir='ltr'>n‘tus</span> <span class='ocrx_word' id='word_1_172' title='bbox 1035 1293 1196 1349; x_wconf 89' lang='lat' dir='ltr'>hominibus</span> <span class='ocrx_word' id='word_1_173' title='bbox 1224 1293 1354 1349; x_wconf 85' lang='lat' dir='ltr'>fidelibus</span> <span class='ocrx_word' id='word_1_174' title='bbox 1367 1293 1545 1364; x_wconf 76' lang='lat' dir='ltr'>vestigabiles</span> <span class='ocrx_word' id='word_1_175' title='bbox 1568 1303 1644 1352; x_wconf 90' lang='lat' dir='ltr'>sunt.</span> <span class='ocrx_word' id='word_1_176' title='bbox 1664 1296 1750 1353; x_wconf 84' lang='lat' dir='ltr'>Verbi</span> 
     </span>
     <span class='ocr_line' id='line_1_15' title="bbox 52 1383 1751 1456; baseline 0.001 -14"><span class='ocrx_word' id='word_1_177' title='bbox 52 1385 124 1442; x_wconf 86' lang='lat' dir='ltr'>itti</span> <span class='ocrx_word' id='word_1_178' title='bbox 139 1383 408 1454; x_wconf 83' lang='lat' dir='ltr'>videruntalonge</span> <span class='ocrx_word' id='word_1_179' title='bbox 417 1384 446 1438; x_wconf 93' lang='lat' dir='ltr'>in</span> <span class='ocrx_word' id='word_1_180' title='bbox 458 1384 569 1456; x_wconf 88' lang='lat' dir='ltr'>spiritu,</span> <span class='ocrx_word' id='word_1_181' title='bbox 578 1385 708 1439; x_wconf 89' lang='lat' dir='ltr'>viderunt</span> <span class='ocrx_word' id='word_1_182' title='bbox 722 1384 802 1439; x_wconf 89' lang='lat' dir='ltr'>istiet</span> <span class='ocrx_word' id='word_1_183' title='bbox 814 1391 908 1439; x_wconf 85' lang='lat' dir='ltr'>inante</span> <span class='ocrx_word' id='word_1_184' title='bbox 949 1383 1043 1455; x_wconf 88' lang='lat' dir='ltr'>gratia</span> <span class='ocrx_word' id='word_1_185' title='bbox 1060 1401 1067 1438; x_wconf 92' lang='lat'>:</span> <span class='ocrx_word' id='word_1_186' title='bbox 1082 1388 1178 1438; x_wconf 86' lang='lat' dir='ltr'>statua</span> <span class='ocrx_word' id='word_1_187' title='bbox 1192 1399 1277 1454; x_wconf 88' lang='lat' dir='ltr'>quam</span> <span class='ocrx_word' id='word_1_188' title='bbox 1301 1399 1357 1438; x_wconf 94' lang='lat' dir='ltr'>non</span> <span class='ocrx_word' id='word_1_189' title='bbox 1373 1385 1465 1454; x_wconf 91' lang='lat' dir='ltr'>potuit</span> <span class='ocrx_word' id='word_1_190' title='bbox 1492 1383 1751 1443; x_wconf 82' lang='lat' dir='ltr'>Nabuchodonosor</span> 
     </span>
     <span class='ocr_line' id='line_1_16' title="bbox 51 1470 1750 1545; baseline -0.002 -13"><span class='ocrx_word' id='word_1_191' title='bbox 51 1480 105 1532; x_wconf 83' lang='lat' dir='ltr'>et</span> <span class='ocrx_word' id='word_1_192' title='bbox 116 1473 385 1545; x_wconf 86' lang='lat' dir='ltr'>oculiscorporeis</span> <span class='ocrx_word' id='word_1_193' title='bbox 405 1473 550 1544; x_wconf 86' lang='lat' dir='ltr'>Siquidem</span> <span class='ocrx_word' id='word_1_194' title='bbox 564 1473 652 1529; x_wconf 79' lang='lat' dir='ltr'>iudei</span> <span class='ocrx_word' id='word_1_195' title='bbox 669 1474 841 1529; x_wconf 91' lang='lat' dir='ltr'>nullomodo</span> <span class='ocrx_word' id='word_1_196' title='bbox 856 1489 908 1544; x_wconf 92' lang='lat' dir='ltr'>po·</span> <span class='ocrx_word' id='word_1_197' title='bbox 948 1471 1105 1542; x_wconf 88' lang='lat' dir='ltr'>intelligere</span> <span class='ocrx_word' id='word_1_198' title='bbox 1111 1470 1178 1542; x_wconf 91' lang='lat' dir='ltr'>quid</span> <span class='ocrx_word' id='word_1_199' title='bbox 1189 1472 1446 1542; x_wconf 83' lang='lat' dir='ltr'>praefiguraret,per</span> <span class='ocrx_word' id='word_1_200' title='bbox 1453 1473 1651 1528; x_wconf 88' lang='lat' dir='ltr'>revelationem</span> <span class='ocrx_word' id='word_1_201' title='bbox 1659 1474 1750 1530; x_wconf 73' lang='lat' dir='ltr'>sancfi</span> 
     </span>
     <span class='ocr_line' id='line_1_17' title="bbox 49 1544 1748 1633; baseline -0.002 -12"><span class='ocrx_word' id='word_1_202' title='bbox 49 1569 198 1622; x_wconf 80' lang='lat' dir='ltr'>terant</span> <span class='ocrx_word' id='word_1_203' title='bbox 207 1561 325 1618; x_wconf 69' lang='lat' dir='ltr'>medere</span> <span class='ocrx_word' id='word_1_204' title='bbox 337 1567 436 1633; x_wconf 88' lang='lat' dir='ltr'>gentes</span> <span class='ocrx_word' id='word_1_205' title='bbox 449 1568 582 1619; x_wconf 86' lang='lat' dir='ltr'>venturas</span> <span class='ocrx_word' id='word_1_206' title='bbox 609 1580 670 1617; x_wconf 88' lang='lat' dir='ltr'>esse</span> <span class='ocrx_word' id='word_1_207' title='bbox 694 1563 722 1617; x_wconf 92' lang='lat' dir='ltr'>in</span> <span class='ocrx_word' id='word_1_208' title='bbox 745 1563 907 1617; x_wconf 86' lang='lat' dir='ltr'>societatem</span> <span class='ocrx_word' id='word_1_209' title='bbox 917 1544 940 1604; x_wconf 78' lang='grc' dir='ltr'>Β</span> <span class='ocrx_word' id='word_1_210' title='bbox 950 1559 1185 1633; x_wconf 84' lang='lat' dir='ltr'>Spiritusllanieli</span> <span class='ocrx_word' id='word_1_211' title='bbox 1194 1559 1364 1630; x_wconf 88' lang='lat' dir='ltr'>vestigabilis</span> <span class='ocrx_word' id='word_1_212' title='bbox 1379 1565 1407 1613; x_wconf 91' lang='lat' dir='ltr'>et</span> <span class='ocrx_word' id='word_1_213' title='bbox 1421 1561 1748 1631; x_wconf 82' lang='lat' dir='ltr'>coinprehensibilisiuit,</span> 
     </span>
     <span class='ocr_line' id='line_1_18' title="bbox 57 1630 1751 1723; baseline -0.001 -15"><span class='ocrx_word' id='word_1_214' title='bbox 57 1669 197 1718; x_wconf 77' lang='lat' dir='ltr'>suam,</span> <span class='ocrx_word' id='word_1_215' title='bbox 211 1650 464 1707; x_wconf 89' lang='lat' dir='ltr'>seddicebantillis</span> <span class='ocrx_word' id='word_1_216' title='bbox 475 1652 522 1723; x_wconf 90' lang='lat' dir='ltr'>qui</span> <span class='ocrx_word' id='word_1_217' title='bbox 539 1651 673 1723; x_wconf 86' lang='lat' dir='ltr'>proselyti</span> <span class='ocrx_word' id='word_1_218' title='bbox 685 1651 802 1706; x_wconf 82' lang='lat' dir='ltr'>fiebant:</span> <span class='ocrx_word' id='word_1_219' title='bbox 815 1651 909 1705; x_wconf 87' lang='lat' dir='ltr'>Vitam</span> <span class='ocrx_word' id='word_1_220' title='bbox 951 1649 1000 1721; x_wconf 87' lang='lat' dir='ltr'>qui</span> <span class='ocrx_word' id='word_1_221' title='bbox 1010 1649 1212 1720; x_wconf 84' lang='lat' dir='ltr'>interpretator</span> <span class='ocrx_word' id='word_1_222' title='bbox 1221 1649 1282 1718; x_wconf 85' lang='lat' dir='ltr'>ejus</span> <span class='ocrx_word' id='word_1_223' title='bbox 1293 1648 1408 1702; x_wconf 86' lang='lat' dir='ltr'>exstitit.</span> <span class='ocrx_word' id='word_1_224' title='bbox 1419 1649 1491 1702; x_wconf 81' lang='lat' dir='ltr'>Data</span> <span class='ocrx_word' id='word_1_225' title='bbox 1504 1656 1547 1703; x_wconf 90' lang='lat' dir='ltr'>est</span> <span class='ocrx_word' id='word_1_226' title='bbox 1559 1651 1642 1705; x_wconf 90' lang='lat' dir='ltr'>etiam</span> <span class='ocrx_word' id='word_1_227' title='bbox 1658 1630 1751 1721; x_wconf 70' lang='lat' dir='ltr'>gratia</span> 
     </span>
     <span class='ocr_line' id='line_1_19' title="bbox 49 1736 1753 1811; baseline -0.002 -13"><span class='ocrx_word' id='word_1_228' title='bbox 49 1747 243 1798; x_wconf 82' lang='lat' dir='ltr'>aeternarn</span> <span class='ocrx_word' id='word_1_229' title='bbox 259 1738 371 1811; x_wconf 90' lang='lat' dir='ltr'>quidem</span> <span class='ocrx_word' id='word_1_230' title='bbox 387 1739 558 1810; x_wconf 83' lang='lat' dir='ltr'>percipietis,</span> <span class='ocrx_word' id='word_1_231' title='bbox 577 1738 626 1793; x_wconf 91' lang='lat' dir='ltr'>sed</span> <span class='ocrx_word' id='word_1_232' title='bbox 645 1755 701 1793; x_wconf 90' lang='lat' dir='ltr'>non</span> <span class='ocrx_word' id='word_1_233' title='bbox 717 1744 803 1793; x_wconf 78' lang='lat' dir='ltr'>tantae</span> <span class='ocrx_word' id='word_1_234' title='bbox 817 1737 912 1808; x_wconf 89' lang='lat' dir='ltr'>digni·</span> <span class='ocrx_word' id='word_1_235' title='bbox 952 1737 1087 1809; x_wconf 73' lang='lat' dir='ltr'>Apostolo</span> <span class='ocrx_word' id='word_1_236' title='bbox 1101 1736 1260 1791; x_wconf 90' lang='lat' dir='ltr'>illuminare</span> <span class='ocrx_word' id='word_1_237' title='bbox 1276 1753 1325 1808; x_wconf 90' lang='lat' dir='ltr'>per</span> <span class='ocrx_word' id='word_1_238' title='bbox 1337 1737 1420 1791; x_wconf 83' lang='lat' dir='ltr'>tidem</span> <span class='ocrx_word' id='word_1_239' title='bbox 1431 1753 1528 1792; x_wconf 89' lang='lat' dir='ltr'>omnes</span> <span class='ocrx_word' id='word_1_240' title='bbox 1543 1738 1753 1808; x_wconf 89' lang='lat' dir='ltr'>quivoluissent</span> 
     </span>
     <span class='ocr_line' id='line_1_20' title="bbox 48 1824 1837 1898; baseline -0.001 -11"><span class='ocrx_word' id='word_1_241' title='bbox 48 1829 161 1887; x_wconf 76' lang='lat' dir='ltr'>tatis</span> <span class='ocrx_word' id='word_1_242' title='bbox 174 1826 304 1882; x_wconf 86' lang='lat' dir='ltr'>eritisin</span> <span class='ocrx_word' id='word_1_243' title='bbox 312 1826 403 1898; x_wconf 89' lang='lat' dir='ltr'>gloria</span> <span class='ocrx_word' id='word_1_244' title='bbox 412 1836 525 1897; x_wconf 81' lang='lat' dir='ltr'>quantae</span> <span class='ocrx_word' id='word_1_245' title='bbox 539 1844 599 1883; x_wconf 90' lang='lat' dir='ltr'>nos.</span> <span class='ocrx_word' id='word_1_246' title='bbox 619 1826 692 1892; x_wconf 91' lang='lat' dir='ltr'>Quid</span> <span class='ocrx_word' id='word_1_247' title='bbox 719 1843 787 1897; x_wconf 91' lang='lat' dir='ltr'>ergo</span> <span class='ocrx_word' id='word_1_248' title='bbox 798 1825 912 1881; x_wconf 86' lang='lat' dir='ltr'>manite-</span> <span class='ocrx_word' id='word_1_249' title='bbox 953 1825 1077 1889; x_wconf 85' lang='lat' dir='ltr'>credere,</span> <span class='ocrx_word' id='word_1_250' title='bbox 1094 1824 1161 1896; x_wconf 90' lang='lat' dir='ltr'>quia</span> <span class='ocrx_word' id='word_1_251' title='bbox 1175 1824 1257 1880; x_wconf 90' lang='lat' dir='ltr'>sicuti</span> <span class='ocrx_word' id='word_1_252' title='bbox 1271 1825 1318 1879; x_wconf 93' lang='lat' dir='ltr'>ille</span> <span class='ocrx_word' id='word_1_253' title='bbox 1343 1824 1390 1896; x_wconf 90' lang='lat' dir='ltr'>qui</span> <span class='ocrx_word' id='word_1_254' title='bbox 1414 1824 1534 1880; x_wconf 82' lang='lat' dir='ltr'>infidelis</span> <span class='ocrx_word' id='word_1_255' title='bbox 1549 1831 1578 1881; x_wconf 93' lang='lat' dir='ltr'>et</span> <span class='ocrx_word' id='word_1_256' title='bbox 1592 1826 1753 1885; x_wconf 87' lang='lat' dir='ltr'>incredulus</span> <span class='ocrx_word' id='word_1_257' title='bbox 1834 1843 1837 1850; x_wconf 88' lang='lat'>·</span> 
     </span>
     <span class='ocr_line' id='line_1_21' title="bbox 52 1913 1754 1987; baseline -0.001 -12"><span class='ocrx_word' id='word_1_258' title='bbox 52 1924 213 1976; x_wconf 80' lang='lat' dir='ltr'>statum</span> <span class='ocrx_word' id='word_1_259' title='bbox 241 1920 286 1970; x_wconf 88' lang='lat' dir='ltr'>est</span> <span class='ocrx_word' id='word_1_260' title='bbox 303 1913 457 1987; x_wconf 85' lang='lat' dir='ltr'>apostolis?</span> <span class='ocrx_word' id='word_1_261' title='bbox 485 1933 539 1970; x_wconf 89' lang='lat' dir='ltr'>esse</span> <span class='ocrx_word' id='word_1_262' title='bbox 552 1920 642 1984; x_wconf 71' lang='lat' dir='ltr'>acrites</span> <span class='ocrx_word' id='word_1_263' title='bbox 651 1916 797 1970; x_wconf 79' lang='lat' dir='ltr'>coliaredes</span> <span class='ocrx_word' id='word_1_264' title='bbox 809 1913 913 1969; x_wconf 80' lang='lat' dir='ltr'>tudaeis</span> <span class='ocrx_word' id='word_1_265' title='bbox 954 1920 1006 1980; x_wconf 88' lang='lat' dir='ltr'>est,</span> <span class='ocrx_word' id='word_1_266' title='bbox 1017 1914 1046 1969; x_wconf 92' lang='lat' dir='ltr'>in</span> <span class='ocrx_word' id='word_1_267' title='bbox 1056 1913 1181 1969; x_wconf 86' lang='lat' dir='ltr'>tenebris</span> <span class='ocrx_word' id='word_1_268' title='bbox 1192 1918 1330 1977; x_wconf 87' lang='lat' dir='ltr'>moratur,</span> <span class='ocrx_word' id='word_1_269' title='bbox 1342 1913 1383 1968; x_wconf 88' lang='lat' dir='ltr'>ita</span> <span class='ocrx_word' id='word_1_270' title='bbox 1399 1913 1447 1984; x_wconf 91' lang='lat' dir='ltr'>qui</span> <span class='ocrx_word' id='word_1_271' title='bbox 1463 1913 1553 1969; x_wconf 83' lang='lat' dir='ltr'>tidelis</span> <span class='ocrx_word' id='word_1_272' title='bbox 1567 1920 1597 1970; x_wconf 92' lang='lat' dir='ltr'>et</span> <span class='ocrx_word' id='word_1_273' title='bbox 1622 1917 1754 1973; x_wconf 84' lang='lat' dir='ltr'>credulus</span> 
     </span>
     <span class='ocr_line' id='line_1_22' title="bbox 54 2001 1756 2080; baseline -0.002 -15"><span class='ocrx_word' id='word_1_274' title='bbox 54 2010 107 2065; x_wconf 85' lang='lat' dir='ltr'>in</span> <span class='ocrx_word' id='word_1_275' title='bbox 119 2003 363 2080; x_wconf 85' lang='lat' dir='ltr'>primacoelesti,</span> <span class='ocrx_word' id='word_1_276' title='bbox 373 2002 403 2058; x_wconf 90' lang='lat' dir='ltr'>in</span> <span class='ocrx_word' id='word_1_277' title='bbox 409 2002 622 2074; x_wconf 72' lang='lat' dir='ltr'>gloriantema.</span> <span class='ocrx_word' id='word_1_278' title='bbox 630 2008 654 2057; x_wconf 87' lang='lat' dir='ltr'>et</span> <span class='ocrx_word' id='word_1_279' title='bbox 664 2005 877 2072; x_wconf 85' lang='lat' dir='ltr'>concorporales,</span> <span class='ocrx_word' id='word_1_280' title='bbox 884 2001 913 2057; x_wconf 90' lang='lat' dir='ltr'>id</span> <span class='ocrx_word' id='word_1_281' title='bbox 955 2002 1166 2057; x_wconf 87' lang='lat' dir='ltr'>exsistitinluce</span> <span class='ocrx_word' id='word_1_282' title='bbox 1177 2001 1509 2073; x_wconf 88' lang='lat' dir='ltr'>quiescit,etnonsolum</span> <span class='ocrx_word' id='word_1_283' title='bbox 1520 2001 1690 2067; x_wconf 88' lang='lat' dir='ltr'>illuminare,</span> <span class='ocrx_word' id='word_1_284' title='bbox 1705 2004 1756 2061; x_wconf 84' lang='lat' dir='ltr'>sed</span> 
     </span>
     <span class='ocr_line' id='line_1_23' title="bbox 57 2089 1755 2163; baseline -0.003 -10"><span class='ocrx_word' id='word_1_285' title='bbox 57 2101 141 2160; x_wconf 81' lang='lat' dir='ltr'>est,</span> <span class='ocrx_word' id='word_1_286' title='bbox 164 2092 265 2149; x_wconf 79' lang='lat' dir='ltr'>simul</span> <span class='ocrx_word' id='word_1_287' title='bbox 278 2107 379 2163; x_wconf 88' lang='lat' dir='ltr'>corpus</span> <span class='ocrx_word' id='word_1_288' title='bbox 395 2091 499 2146; x_wconf 88' lang='lat' dir='ltr'>Christi</span> <span class='ocrx_word' id='word_1_289' title='bbox 529 2107 599 2157; x_wconf 86' lang='lat' dir='ltr'>esse,</span> <span class='ocrx_word' id='word_1_290' title='bbox 614 2091 659 2146; x_wconf 88' lang='lat' dir='ltr'>vel</span> <span class='ocrx_word' id='word_1_291' title='bbox 680 2091 708 2145; x_wconf 90' lang='lat' dir='ltr'>in</span> <span class='ocrx_word' id='word_1_292' title='bbox 724 2107 781 2145; x_wconf 90' lang='lat' dir='ltr'>uno</span> <span class='ocrx_word' id='word_1_293' title='bbox 796 2105 914 2162; x_wconf 87' lang='lat' dir='ltr'>corpore</span> <span class='ocrx_word' id='word_1_294' title='bbox 954 2091 1182 2161; x_wconf 84' lang='lat' dir='ltr'>etevangelizaro</span> <span class='ocrx_word' id='word_1_295' title='bbox 1195 2106 1254 2158; x_wconf 79' lang='lat' dir='ltr'>que</span> <span class='ocrx_word' id='word_1_296' title='bbox 1265 2093 1301 2144; x_wconf 89' lang='lat' dir='ltr'>sit</span> <span class='ocrx_word' id='word_1_297' title='bbox 1315 2091 1490 2158; x_wconf 82' lang='lat' dir='ltr'>dispensatio,</span> <span class='ocrx_word' id='word_1_298' title='bbox 1502 2089 1580 2145; x_wconf 89' lang='lat' dir='ltr'>idest</span> <span class='ocrx_word' id='word_1_299' title='bbox 1594 2091 1755 2149; x_wconf 84' lang='lat' dir='ltr'>distributio</span> 
     </span>
     <span class='ocr_line' id='line_1_24' title="bbox 67 2178 1759 2251; baseline 0.001 -14"><span class='ocrx_word' id='word_1_300' title='bbox 67 2183 248 2242; x_wconf 75' lang='lat' dir='ltr'>Ecclesiae</span> <span class='ocrx_word' id='word_1_301' title='bbox 261 2179 371 2246; x_wconf 86' lang='lat' dir='ltr'>sociari,</span> <span class='ocrx_word' id='word_1_302' title='bbox 391 2186 416 2234; x_wconf 85' lang='lat' dir='ltr'>et</span> <span class='ocrx_word' id='word_1_303' title='bbox 430 2183 637 2248; x_wconf 79' lang='lat' dir='ltr'>comparticipes</span> <span class='ocrx_word' id='word_1_304' title='bbox 647 2182 841 2249; x_wconf 80' lang='lat' dir='ltr'>promissionis</span> <span class='ocrx_word' id='word_1_305' title='bbox 855 2181 915 2247; x_wconf 82' lang='lat' dir='ltr'>ejas</span> <span class='ocrx_word' id='word_1_306' title='bbox 956 2180 999 2233; x_wconf 87' lang='lat' dir='ltr'>vel</span> <span class='ocrx_word' id='word_1_307' title='bbox 1016 2178 1200 2244; x_wconf 65' lang='lat' dir='ltr'>niinietratio,</span> <span class='ocrx_word' id='word_1_308' title='bbox 1227 2180 1395 2232; x_wconf 86' lang='lat' dir='ltr'>sacramenti</span> <span class='ocrx_word' id='word_1_309' title='bbox 1418 2180 1572 2234; x_wconf 80' lang='lat' dir='ltr'>absconditi</span> <span class='ocrx_word' id='word_1_310' title='bbox 1585 2183 1616 2235; x_wconf 88' lang='lat' dir='ltr'>in</span> <span class='ocrx_word' id='word_1_311' title='bbox 1629 2183 1691 2244; x_wconf 85' lang='lat' dir='ltr'>Deo,</span> <span class='ocrx_word' id='word_1_312' title='bbox 1708 2185 1759 2251; x_wconf 90' lang='lat' dir='ltr'>qui</span> 
     </span>
     <span class='ocr_line' id='line_1_25' title="bbox 59 2266 1758 2340; baseline -0.004 -9"><span class='ocrx_word' id='word_1_313' title='bbox 59 2279 111 2331; x_wconf 84' lang='lat' dir='ltr'>in</span> <span class='ocrx_word' id='word_1_314' title='bbox 133 2272 277 2333; x_wconf 73' lang='lat' dir='ltr'>Christo,</span> <span class='ocrx_word' id='word_1_315' title='bbox 293 2267 322 2323; x_wconf 91' lang='lat' dir='ltr'>id</span> <span class='ocrx_word' id='word_1_316' title='bbox 337 2274 381 2324; x_wconf 92' lang='lat' dir='ltr'>est</span> <span class='ocrx_word' id='word_1_317' title='bbox 405 2279 549 2324; x_wconf 89' lang='lat' dir='ltr'>consortes</span> <span class='ocrx_word' id='word_1_318' title='bbox 570 2285 631 2323; x_wconf 90' lang='lat' dir='ltr'>esse</span> <span class='ocrx_word' id='word_1_319' title='bbox 659 2267 851 2340; x_wconf 88' lang='lat' dir='ltr'>promissionis</span> <span class='ocrx_word' id='word_1_320' title='bbox 865 2266 916 2322; x_wconf 89' lang='lat' dir='ltr'>Dei</span> <span class='ocrx_word' id='word_1_321' title='bbox 957 2271 1052 2323; x_wconf 77' lang='lat' dir='ltr'>oiirnia</span> <span class='ocrx_word' id='word_1_322' title='bbox 1066 2270 1180 2322; x_wconf 84' lang='lat' dir='ltr'>creauit.</span> <span class='ocrx_word' id='word_1_323' title='bbox 1196 2266 1273 2320; x_wconf 91' lang='lat' dir='ltr'>ldem</span> <span class='ocrx_word' id='word_1_324' title='bbox 1297 2266 1380 2321; x_wconf 93' lang='lat' dir='ltr'>modo</span> <span class='ocrx_word' id='word_1_325' title='bbox 1405 2267 1528 2337; x_wconf 87' lang='lat' dir='ltr'>appellat</span> <span class='ocrx_word' id='word_1_326' title='bbox 1549 2275 1758 2325; x_wconf 86' lang='lat' dir='ltr'>sacramentum</span> 
     </span>
     <span class='ocr_line' id='line_1_26' title="bbox 60 2352 1761 2429; baseline -0.003 -11"><span class='ocrx_word' id='word_1_327' title='bbox 60 2356 585 2429; x_wconf 79' lang='lat' dir='ltr'>Patris‚quodinseminehhrahae</span> <span class='ocrx_word' id='word_1_328' title='bbox 605 2355 805 2411; x_wconf 88' lang='lat' dir='ltr'>benedicentur</span> <span class='ocrx_word' id='word_1_329' title='bbox 819 2371 916 2410; x_wconf 88' lang='lat' dir='ltr'>omnes</span> <span class='ocrx_word' id='word_1_330' title='bbox 957 2352 1761 2429; x_wconf 76' lang='lat' dir='ltr'>quodsuperIusdivitias,mysteriumincarnationisFilii</span> 
     </span>
     <span class='ocr_line' id='line_1_27' title="bbox 60 2441 1758 2524; baseline 0.004 -27"><span class='ocrx_word' id='word_1_331' title='bbox 60 2454 219 2524; x_wconf 71' lang='lat' dir='ltr'>gentes.</span> <span class='ocrx_word' id='word_1_332' title='bbox 957 2443 1017 2508; x_wconf 83' lang='lat' dir='ltr'>liei,</span> <span class='ocrx_word' id='word_1_333' title='bbox 1030 2443 1113 2497; x_wconf 85' lang='lat' dir='ltr'>tidem</span> <span class='ocrx_word' id='word_1_334' title='bbox 1125 2441 1278 2497; x_wconf 90' lang='lat' dir='ltr'>etsalutem</span> <span class='ocrx_word' id='word_1_335' title='bbox 1288 2442 1426 2513; x_wconf 87' lang='lat' dir='ltr'>gentium,</span> <span class='ocrx_word' id='word_1_336' title='bbox 1435 2443 1758 2512; x_wconf 79' lang='lat' dir='ltr'>etgaudiavitaeaebernae</span> 
     </span>
     <span class='ocr_line' id='line_1_28' title="bbox 114 2530 1756 2603; baseline -0.002 -8"><span class='ocrx_word' id='word_1_337' title='bbox 114 2537 214 2595; x_wconf 70' lang='lat' dir='ltr'>Mitti</span> <span class='ocrx_word' id='word_1_338' title='bbox 229 2538 361 2591; x_wconf 80' lang='lat' dir='ltr'>ninnium</span> <span class='ocrx_word' id='word_1_339' title='bbox 377 2540 536 2590; x_wconf 80' lang='lat' dir='ltr'>servatorum</span> <span class='ocrx_word' id='word_1_340' title='bbox 556 2535 676 2588; x_wconf 87' lang='lat' dir='ltr'>minimo</span> <span class='ocrx_word' id='word_1_341' title='bbox 688 2533 755 2587; x_wconf 86' lang='lat' dir='ltr'>data</span> <span class='ocrx_word' id='word_1_342' title='bbox 769 2537 807 2586; x_wconf 86' lang='lat' dir='ltr'>cst</span> <span class='ocrx_word' id='word_1_343' title='bbox 820 2533 916 2600; x_wconf 78' lang='lat' dir='ltr'>qratia</span> <span class='ocrx_word' id='word_1_344' title='bbox 960 2531 1033 2603; x_wconf 93' lang='lat' dir='ltr'>quod</span> <span class='ocrx_word' id='word_1_345' title='bbox 1049 2530 1193 2597; x_wconf 85' lang='lat' dir='ltr'>asaeculis,</span> <span class='ocrx_word' id='word_1_346' title='bbox 1209 2531 1267 2585; x_wconf 89' lang='lat' dir='ltr'>sive</span> <span class='ocrx_word' id='word_1_347' title='bbox 1281 2530 1317 2585; x_wconf 90' lang='lat' dir='ltr'>ab</span> <span class='ocrx_word' id='word_1_348' title='bbox 1341 2530 1431 2592; x_wconf 81' lang='lat' dir='ltr'>initio.</span> <span class='ocrx_word' id='word_1_349' title='bbox 1448 2531 1642 2588; x_wconf 85' lang='lat' dir='ltr'>absconditum</span> <span class='ocrx_word' id='word_1_350' title='bbox 1658 2534 1712 2589; x_wconf 87' lang='lat' dir='ltr'>suit</span> <span class='ocrx_word' id='word_1_351' title='bbox 1725 2533 1756 2591; x_wconf 94' lang='lat' dir='ltr'>in</span> 
     </span>
     <span class='ocr_line' id='line_1_29' title="bbox 65 2619 1760 2694; baseline -0.002 -11"><span class='ocrx_word' id='word_1_352' title='bbox 65 2631 145 2684; x_wconf 64' lang='lat' dir='ltr'>tiae</span> <span class='ocrx_word' id='word_1_353' title='bbox 154 2625 376 2693; x_wconf 75' lang='lat' dir='ltr'>evanactizere,</span> <span class='ocrx_word' id='word_1_354' title='bbox 389 2621 609 2694; x_wconf 81' lang='lat' dir='ltr'>sivepraedicare</span> <span class='ocrx_word' id='word_1_355' title='bbox 624 2624 654 2676; x_wconf 88' lang='lat' dir='ltr'>in</span> <span class='ocrx_word' id='word_1_356' title='bbox 668 2622 793 2690; x_wconf 73' lang='lat' dir='ltr'>pentibus</span> <span class='ocrx_word' id='word_1_357' title='bbox 806 2620 916 2674; x_wconf 83' lang='lat' dir='ltr'>inoesti-</span> <span class='ocrx_word' id='word_1_358' title='bbox 957 2621 1015 2676; x_wconf 89' lang='lat' dir='ltr'>Deo</span> <span class='ocrx_word' id='word_1_359' title='bbox 1025 2637 1090 2675; x_wconf 89' lang='lat' dir='ltr'>vero</span> <span class='ocrx_word' id='word_1_360' title='bbox 1100 2619 1148 2690; x_wconf 90' lang='lat' dir='ltr'>qui</span> <span class='ocrx_word' id='word_1_361' title='bbox 1160 2619 1265 2674; x_wconf 89' lang='lat' dir='ltr'>creavit</span> <span class='ocrx_word' id='word_1_362' title='bbox 1271 2619 1375 2674; x_wconf 84' lang='lat' dir='ltr'>omnia.</span> <span class='ocrx_word' id='word_1_363' title='bbox 1383 2620 1543 2675; x_wconf 89' lang='lat' dir='ltr'>Notandum</span> <span class='ocrx_word' id='word_1_364' title='bbox 1551 2622 1618 2693; x_wconf 91' lang='lat' dir='ltr'>quia</span> <span class='ocrx_word' id='word_1_365' title='bbox 1628 2622 1760 2679; x_wconf 88' lang='lat' dir='ltr'>noadioit</span> 
     </span>
     <span class='ocr_line' id='line_1_30' title="bbox 71 2706 1757 2787; baseline -0.003 -14"><span class='ocrx_word' id='word_1_366' title='bbox 71 2717 218 2787; x_wconf 77' lang='lat' dir='ltr'>pabiles</span> <span class='ocrx_word' id='word_1_367' title='bbox 233 2713 351 2767; x_wconf 81' lang='lat' dir='ltr'>diuitias</span> <span class='ocrx_word' id='word_1_368' title='bbox 366 2711 480 2777; x_wconf 78' lang='lat' dir='ltr'>Christi,</span> <span class='ocrx_word' id='word_1_369' title='bbox 495 2717 520 2765; x_wconf 89' lang='lat' dir='ltr'>et</span> <span class='ocrx_word' id='word_1_370' title='bbox 532 2713 697 2765; x_wconf 85' lang='lat' dir='ltr'>illuminare</span> <span class='ocrx_word' id='word_1_371' title='bbox 707 2725 808 2763; x_wconf 78' lang='lat' dir='ltr'>orarias.</span> <span class='ocrx_word' id='word_1_372' title='bbox 823 2706 916 2771; x_wconf 86' lang='lat' dir='ltr'>Quare</span> <span class='ocrx_word' id='word_1_373' title='bbox 957 2709 1014 2764; x_wconf 89' lang='lat' dir='ltr'>Deo</span> <span class='ocrx_word' id='word_1_374' title='bbox 1025 2709 1078 2763; x_wconf 91' lang='lat' dir='ltr'>suit</span> <span class='ocrx_word' id='word_1_375' title='bbox 1092 2706 1390 2773; x_wconf 87' lang='lat' dir='ltr'>absconditum,sedin</span> <span class='ocrx_word' id='word_1_376' title='bbox 1402 2708 1459 2763; x_wconf 86' lang='lat' dir='ltr'>Deo</span> <span class='ocrx_word' id='word_1_377' title='bbox 1470 2725 1616 2781; x_wconf 88' lang='lat' dir='ltr'>usquequo</span> <span class='ocrx_word' id='word_1_378' title='bbox 1632 2710 1691 2782; x_wconf 87' lang='lat' dir='ltr'>ipss</span> <span class='ocrx_word' id='word_1_379' title='bbox 1705 2727 1757 2782; x_wconf 86' lang='lat' dir='ltr'>per</span> 
     </span>
     <span class='ocr_line' id='line_1_31' title="bbox 63 2795 1760 2871; baseline -0.006 -6"><span class='ocrx_word' id='word_1_380' title='bbox 63 2804 162 2865; x_wconf 82' lang='lat' dir='ltr'>dicit</span> <span class='ocrx_word' id='word_1_381' title='bbox 177 2799 278 2858; x_wconf 90' lang='lat' dir='ltr'>modo</span> <span class='ocrx_word' id='word_1_382' title='bbox 289 2818 295 2854; x_wconf 93' lang='lat'><strong>:</strong></span> <span class='ocrx_word' id='word_1_383' title='bbox 308 2800 376 2857; x_wconf 81' lang='lat' dir='ltr'>Mihi</span> <span class='ocrx_word' id='word_1_384' title='bbox 383 2799 501 2854; x_wconf 89' lang='lat' dir='ltr'>minimo</span> <span class='ocrx_word' id='word_1_385' title='bbox 510 2799 636 2854; x_wconf 79' lang='lat' dir='ltr'>omnium</span> <span class='ocrx_word' id='word_1_386' title='bbox 648 2797 837 2868; x_wconf 87' lang='lat' dir='ltr'>apostolorum</span> <span class='ocrx_word' id='word_1_387' title='bbox 849 2795 917 2850; x_wconf 89' lang='lat' dir='ltr'>data</span> <span class='ocrx_word' id='word_1_388' title='bbox 961 2795 1143 2867; x_wconf 85' lang='lat' dir='ltr'>semetipsum</span> <span class='ocrx_word' id='word_1_389' title='bbox 1155 2796 1335 2850; x_wconf 80' lang='lat' dir='ltr'>manifestare</span> <span class='ocrx_word' id='word_1_390' title='bbox 1344 2795 1508 2867; x_wconf 85' lang='lat' dir='ltr'>designatus</span> <span class='ocrx_word' id='word_1_391' title='bbox 1517 2803 1570 2852; x_wconf 91' lang='lat' dir='ltr'>est.</span> <span class='ocrx_word' id='word_1_392' title='bbox 1580 2797 1658 2854; x_wconf 90' lang='lat' dir='ltr'>Unde</span> <span class='ocrx_word' id='word_1_393' title='bbox 1666 2799 1760 2871; x_wconf 85' lang='lat' dir='ltr'>appel·</span> 
     </span>
     <span class='ocr_line' id='line_1_32' title="bbox 62 2848 1759 2965; baseline -0.004 -16"><span class='ocrx_word' id='word_1_394' title='bbox 62 2901 132 2957; x_wconf 74' lang='lat' dir='ltr'>est</span> <span class='ocrx_word' id='word_1_395' title='bbox 140 2890 271 2965; x_wconf 82' lang='lat' dir='ltr'>gratia.</span> <span class='ocrx_word' id='word_1_396' title='bbox 287 2905 351 2944; x_wconf 90' lang='lat' dir='ltr'>cum</span> <span class='ocrx_word' id='word_1_397' title='bbox 368 2887 435 2943; x_wconf 85' lang='lat' dir='ltr'>alibi</span> <span class='ocrx_word' id='word_1_398' title='bbox 456 2889 621 2944; x_wconf 75' lang='lat' dir='ltr'>dicattPlus</span> <span class='ocrx_word' id='word_1_399' title='bbox 633 2886 761 2941; x_wconf 85' lang='lat' dir='ltr'>omnibus</span> <span class='ocrx_word' id='word_1_400' title='bbox 772 2886 896 2939; x_wconf 76' lang='lat' dir='ltr'>laborovi</span> <span class='ocrx_word' id='word_1_401' title='bbox 906 2848 951 2938; x_wconf 86' lang='lat' dir='ltr'>tC</span> <span class='ocrx_word' id='word_1_402' title='bbox 961 2885 1036 2940; x_wconf 88' lang='lat' dir='ltr'>latur</span> <span class='ocrx_word' id='word_1_403' title='bbox 1045 2888 1264 2949; x_wconf 86' lang='lat' dir='ltr'>sacramentum,</span> <span class='ocrx_word' id='word_1_404' title='bbox 1274 2883 1349 2955; x_wconf 92' lang='lat' dir='ltr'>quod</span> <span class='ocrx_word' id='word_1_405' title='bbox 1369 2891 1412 2938; x_wconf 92' lang='lat' dir='ltr'>est</span> <span class='ocrx_word' id='word_1_406' title='bbox 1422 2901 1466 2939; x_wconf 89' lang='lat' dir='ltr'>res</span> <span class='ocrx_word' id='word_1_407' title='bbox 1479 2890 1587 2942; x_wconf 89' lang='lat' dir='ltr'>secreta</span> <span class='ocrx_word' id='word_1_408' title='bbox 1598 2892 1627 2942; x_wconf 89' lang='lat' dir='ltr'>ct</span> <span class='ocrx_word' id='word_1_409' title='bbox 1640 2888 1759 2956; x_wconf 85' lang='lat' dir='ltr'>occulta,</span> 
     </span>
     <span class='ocr_line' id='line_1_33' title="bbox 63 2971 1492 3052; baseline -0.007 -12"><span class='ocrx_word' id='word_1_410' title='bbox 63 2989 277 3052; x_wconf 86' lang='lat' dir='ltr'>Utrumque</span> <span class='ocrx_word' id='word_1_411' title='bbox 291 2994 388 3034; x_wconf 90' lang='lat' dir='ltr'>verum</span> <span class='ocrx_word' id='word_1_412' title='bbox 397 2983 442 3052; x_wconf 84' lang='lat' dir='ltr'>est</span> <span class='ocrx_word' id='word_1_413' title='bbox 457 2993 464 3029; x_wconf 91' lang='lat'><strong>:</strong></span> <span class='ocrx_word' id='word_1_414' title='bbox 481 2980 510 3031; x_wconf 89' lang='lat' dir='ltr'>et</span> <span class='ocrx_word' id='word_1_415' title='bbox 523 2991 612 3030; x_wconf 92' lang='lat' dir='ltr'>unum</span> <span class='ocrx_word' id='word_1_416' title='bbox 625 2973 802 3029; x_wconf 87' lang='lat' dir='ltr'>referendum</span> <span class='ocrx_word' id='word_1_417' title='bbox 823 2977 867 3027; x_wconf 93' lang='lat' dir='ltr'>est</span> <span class='ocrx_word' id='word_1_418' title='bbox 884 2973 920 3028; x_wconf 88' lang='lat' dir='ltr'>sd</span> <span class='ocrx_word' id='word_1_419' title='bbox 961 2979 1111 3046; x_wconf 87' lang='lat' dir='ltr'>antequam</span> <span class='ocrx_word' id='word_1_420' title='bbox 1127 2972 1157 3028; x_wconf 93' lang='lat' dir='ltr'>in</span> <span class='ocrx_word' id='word_1_421' title='bbox 1167 2971 1310 3045; x_wconf 92' lang='lat' dir='ltr'>publicum</span> <span class='ocrx_word' id='word_1_422' title='bbox 1324 2972 1492 3031; x_wconf 88' lang='lat' dir='ltr'>deducatur.</span> 
     </span>
     <span class='ocr_line' id='line_1_34' title="bbox 56 3060 1761 3139; baseline -0.003 -13"><span class='ocrx_word' id='word_1_423' title='bbox 56 3074 254 3137; x_wconf 69' lang='lat' dir='ltr'>laborem,</span> <span class='ocrx_word' id='word_1_424' title='bbox 267 3065 339 3139; x_wconf 90' lang='lat' dir='ltr'>quod</span> <span class='ocrx_word' id='word_1_425' title='bbox 352 3064 433 3120; x_wconf 89' lang='lat' dir='ltr'>dicit:</span> <span class='ocrx_word' id='word_1_426' title='bbox 447 3064 514 3119; x_wconf 89' lang='lat' dir='ltr'>Plus</span> <span class='ocrx_word' id='word_1_427' title='bbox 529 3062 659 3119; x_wconf 87' lang='lat' dir='ltr'>omnibus</span> <span class='ocrx_word' id='word_1_428' title='bbox 681 3061 823 3128; x_wconf 74' lang='lat' dir='ltr'>latioravi;</span> <span class='ocrx_word' id='word_1_429' title='bbox 843 3061 921 3117; x_wconf 87' lang='lat' dir='ltr'>aliud</span> <span class='ocrx_word' id='word_1_430' title='bbox 1000 3062 1030 3116; x_wconf 88' lang='lat' dir='ltr'>tlt</span> <span class='ocrx_word' id='word_1_431' title='bbox 1045 3060 1267 3128; x_wconf 87' lang='lat' dir='ltr'>innotescat,hoo</span> <span class='ocrx_word' id='word_1_432' title='bbox 1276 3066 1330 3127; x_wconf 90' lang='lat' dir='ltr'>est,</span> <span class='ocrx_word' id='word_1_433' title='bbox 1345 3061 1494 3117; x_wconf 83' lang='lat' dir='ltr'>manifesta</span> <span class='ocrx_word' id='word_1_434' title='bbox 1504 3069 1533 3118; x_wconf 91' lang='lat' dir='ltr'>et</span> <span class='ocrx_word' id='word_1_435' title='bbox 1542 3068 1610 3120; x_wconf 89' lang='lat' dir='ltr'>nota</span> <span class='ocrx_word' id='word_1_436' title='bbox 1619 3066 1679 3133; x_wconf 89' lang='lat' dir='ltr'>tiat,</span> <span class='ocrx_word' id='word_1_437' title='bbox 1688 3067 1761 3122; x_wconf 79' lang='lat' dir='ltr'>inut-</span> 
     </span>
     <span class='ocr_line' id='line_1_35' title="bbox 50 3150 1760 3228; baseline -0.002 -16"><span class='ocrx_word' id='word_1_438' title='bbox 50 3165 121 3227; x_wconf 64' lang='lat' dir='ltr'>2d</span> <span class='ocrx_word' id='word_1_439' title='bbox 139 3151 520 3228; x_wconf 74' lang='lat' dir='ltr'>tempusvocatiooissuae.</span> <span class='ocrx_word' id='word_1_440' title='bbox 543 3151 610 3207; x_wconf 88' lang='lat' dir='ltr'>Plus</span> <span class='ocrx_word' id='word_1_441' title='bbox 625 3151 699 3207; x_wconf 87' lang='lat' dir='ltr'>enim</span> <span class='ocrx_word' id='word_1_442' title='bbox 710 3150 840 3205; x_wconf 91' lang='lat' dir='ltr'>omnibus</span> <span class='ocrx_word' id='word_1_443' title='bbox 850 3166 920 3222; x_wconf 90' lang='lat' dir='ltr'>apo·</span> <span class='ocrx_word' id='word_1_444' title='bbox 963 3152 1086 3220; x_wconf 77' lang='lat' dir='ltr'>tisormis</span> <span class='ocrx_word' id='word_1_445' title='bbox 1099 3151 1238 3219; x_wconf 85' lang='lat' dir='ltr'>sapientia</span> <span class='ocrx_word' id='word_1_446' title='bbox 1253 3150 1311 3217; x_wconf 87' lang='lat' dir='ltr'>lici,</span> <span class='ocrx_word' id='word_1_447' title='bbox 1327 3152 1531 3220; x_wconf 81' lang='lat' dir='ltr'>etprincipibus</span> <span class='ocrx_word' id='word_1_448' title='bbox 1544 3159 1569 3208; x_wconf 86' lang='lat' dir='ltr'>et</span> <span class='ocrx_word' id='word_1_449' title='bbox 1581 3155 1760 3222; x_wconf 80' lang='lat' dir='ltr'>potestatibus</span> 
     </span>
     <span class='ocr_line' id='line_1_36' title="bbox 50 3237 1762 3318; baseline -0.002 -15"><span class='ocrx_word' id='word_1_450' title='bbox 50 3248 188 3318; x_wconf 65' lang='lat' dir='ltr'>,tolia</span> <span class='ocrx_word' id='word_1_451' title='bbox 200 3242 357 3310; x_wconf 88' lang='lat' dir='ltr'>laboravit,</span> <span class='ocrx_word' id='word_1_452' title='bbox 368 3242 437 3315; x_wconf 87' lang='lat' dir='ltr'>quia</span> <span class='ocrx_word' id='word_1_453' title='bbox 452 3257 516 3297; x_wconf 92' lang='lat' dir='ltr'>cum</span> <span class='ocrx_word' id='word_1_454' title='bbox 526 3239 619 3296; x_wconf 73' lang='lat' dir='ltr'>ceteri</span> <span class='ocrx_word' id='word_1_455' title='bbox 634 3240 663 3295; x_wconf 93' lang='lat' dir='ltr'>in</span> <span class='ocrx_word' id='word_1_456' title='bbox 677 3238 745 3294; x_wconf 88' lang='lat' dir='ltr'>locis</span> <span class='ocrx_word' id='word_1_457' title='bbox 757 3238 809 3294; x_wconf 89' lang='lat' dir='ltr'>sibi</span> <span class='ocrx_word' id='word_1_458' title='bbox 826 3237 921 3294; x_wconf 91' lang='lat' dir='ltr'>distri-</span> <span class='ocrx_word' id='word_1_459' title='bbox 962 3240 994 3293; x_wconf 90' lang='lat' dir='ltr'>in</span> <span class='ocrx_word' id='word_1_460' title='bbox 1008 3239 1158 3294; x_wconf 76' lang='lat' dir='ltr'>celestibus</span> <span class='ocrx_word' id='word_1_461' title='bbox 1182 3252 1234 3307; x_wconf 85' lang='lat' dir='ltr'>per</span> <span class='ocrx_word' id='word_1_462' title='bbox 1249 3238 1407 3293; x_wconf 82' lang='lat' dir='ltr'>Ecclesiam.</span> <span class='ocrx_word' id='word_1_463' title='bbox 1424 3237 1607 3296; x_wconf 84' lang='lat' dir='ltr'>blultitormis</span> <span class='ocrx_word' id='word_1_464' title='bbox 1621 3242 1762 3314; x_wconf 87' lang='lat' dir='ltr'>sapientia</span> 
     </span>
     <span class='ocr_line' id='line_1_37' title="bbox 41 3325 1761 3405; baseline -0.001 -15"><span class='ocrx_word' id='word_1_465' title='bbox 41 3329 397 3405; x_wconf 66' lang='lat' dir='ltr'>butispraedicarent,</span> <span class='ocrx_word' id='word_1_466' title='bbox 408 3328 455 3383; x_wconf 92' lang='lat' dir='ltr'>ille</span> <span class='ocrx_word' id='word_1_467' title='bbox 465 3344 522 3383; x_wconf 93' lang='lat' dir='ltr'>non</span> <span class='ocrx_word' id='word_1_468' title='bbox 533 3326 734 3383; x_wconf 80' lang='lat' dir='ltr'>solumtudaeis</span> <span class='ocrx_word' id='word_1_469' title='bbox 748 3325 920 3398; x_wconf 85' lang='lat' dir='ltr'>praedicavit,</span> <span class='ocrx_word' id='word_1_470' title='bbox 962 3327 1014 3383; x_wconf 86' lang='lat' dir='ltr'>Dei</span> <span class='ocrx_word' id='word_1_471' title='bbox 1028 3326 1141 3392; x_wconf 86' lang='lat' dir='ltr'>dicitur,</span> <span class='ocrx_word' id='word_1_472' title='bbox 1157 3326 1237 3400; x_wconf 87' lang='lat' dir='ltr'>quasi</span> <span class='ocrx_word' id='word_1_473' title='bbox 1252 3326 1397 3397; x_wconf 83' lang='lat' dir='ltr'>multiplex</span> <span class='ocrx_word' id='word_1_474' title='bbox 1421 3333 1451 3381; x_wconf 90' lang='lat' dir='ltr'>et</span> <span class='ocrx_word' id='word_1_475' title='bbox 1475 3328 1578 3386; x_wconf 90' lang='lat' dir='ltr'>multas</span> <span class='ocrx_word' id='word_1_476' title='bbox 1605 3333 1713 3403; x_wconf 86' lang='lat' dir='ltr'>species</span> <span class='ocrx_word' id='word_1_477' title='bbox 1732 3338 1761 3388; x_wconf 89' lang='lat' dir='ltr'>et</span> 
     </span>
     <span class='ocr_line' id='line_1_38' title="bbox 41 3413 1759 3494; baseline 0.001 -18"><span class='ocrx_word' id='word_1_478' title='bbox 41 3424 151 3494; x_wconf 66' lang='lat' dir='ltr'>sed</span> <span class='ocrx_word' id='word_1_479' title='bbox 169 3421 271 3477; x_wconf 88' lang='lat' dir='ltr'>etiam</span> <span class='ocrx_word' id='word_1_480' title='bbox 287 3416 419 3473; x_wconf 88' lang='lat' dir='ltr'>omnibus</span> <span class='ocrx_word' id='word_1_481' title='bbox 430 3415 564 3488; x_wconf 90' lang='lat' dir='ltr'>gentibus</span> <span class='ocrx_word' id='word_1_482' title='bbox 577 3414 679 3488; x_wconf 90' lang='lat' dir='ltr'>quibus</span> <span class='ocrx_word' id='word_1_483' title='bbox 692 3415 862 3470; x_wconf 90' lang='lat' dir='ltr'>constitutus</span> <span class='ocrx_word' id='word_1_484' title='bbox 879 3421 923 3470; x_wconf 88' lang='lat' dir='ltr'>est</span> <span class='ocrx_word' id='word_1_485' title='bbox 962 3415 1066 3469; x_wconf 86' lang='lat' dir='ltr'>formas</span> <span class='ocrx_word' id='word_1_486' title='bbox 1082 3413 1197 3469; x_wconf 87' lang='lat' dir='ltr'>habens.</span> <span class='ocrx_word' id='word_1_487' title='bbox 1207 3413 1359 3469; x_wconf 86' lang='lat' dir='ltr'>Videamus</span> <span class='ocrx_word' id='word_1_488' title='bbox 1369 3415 1508 3485; x_wconf 92' lang='lat' dir='ltr'>quomodo</span> <span class='ocrx_word' id='word_1_489' title='bbox 1522 3418 1702 3476; x_wconf 76' lang='lat' dir='ltr'>multiformis</span> <span class='ocrx_word' id='word_1_490' title='bbox 1711 3420 1759 3478; x_wconf 89' lang='lat' dir='ltr'>sit.</span> 
     </span>
     <span class='ocr_line' id='line_1_39' title="bbox 54 3501 1759 3584; baseline 0.001 -19"><span class='ocrx_word' id='word_1_491' title='bbox 54 3510 257 3584; x_wconf 70' lang='lat' dir='ltr'>magister</span> <span class='ocrx_word' id='word_1_492' title='bbox 265 3511 295 3580; x_wconf 86' lang='lat' dir='ltr'>et</span> <span class='ocrx_word' id='word_1_493' title='bbox 315 3505 517 3577; x_wconf 76' lang='lat' dir='ltr'>praedicatorii</span> <span class='ocrx_word' id='word_1_494' title='bbox 533 3503 594 3560; x_wconf 81' lang='lat' dir='ltr'>Cor.</span> <span class='ocrx_word' id='word_1_495' title='bbox 610 3506 680 3572; x_wconf 78' lang='lat' dir='ltr'>xvi).</span> <span class='ocrx_word' id='word_1_496' title='bbox 696 3502 813 3559; x_wconf 89' lang='lat' dir='ltr'>Minimo</span> <span class='ocrx_word' id='word_1_497' title='bbox 825 3509 921 3558; x_wconf 88' lang='lat' dir='ltr'>autem</span> <span class='ocrx_word' id='word_1_498' title='bbox 961 3501 1049 3557; x_wconf 89' lang='lat' dir='ltr'>Filius</span> <span class='ocrx_word' id='word_1_499' title='bbox 1062 3501 1113 3556; x_wconf 87' lang='lat' dir='ltr'>Dei</span> <span class='ocrx_word' id='word_1_500' title='bbox 1127 3507 1211 3555; x_wconf 88' lang='lat' dir='ltr'>natus</span> <span class='ocrx_word' id='word_1_501' title='bbox 1221 3506 1265 3555; x_wconf 89' lang='lat' dir='ltr'>est</span> <span class='ocrx_word' id='word_1_502' title='bbox 1278 3501 1312 3556; x_wconf 89' lang='lat' dir='ltr'>de</span> <span class='ocrx_word' id='word_1_503' title='bbox 1338 3501 1444 3573; x_wconf 89' lang='lat' dir='ltr'>virgine</span> <span class='ocrx_word' id='word_1_504' title='bbox 1472 3505 1532 3560; x_wconf 89' lang='lat' dir='ltr'>sine</span> <span class='ocrx_word' id='word_1_505' title='bbox 1555 3505 1628 3562; x_wconf 91' lang='lat' dir='ltr'>virili</span> <span class='ocrx_word' id='word_1_506' title='bbox 1642 3508 1759 3579; x_wconf 84' lang='lat' dir='ltr'>semine,</span> 
     </span>
     <span class='ocr_line' id='line_1_40' title="bbox 44 3588 1761 3689; baseline 0.001 -37"><span class='ocrx_word' id='word_1_507' title='bbox 44 3599 184 3689; x_wconf 71' lang='lat' dir='ltr'>quod</span> <span class='ocrx_word' id='word_1_508' title='bbox 200 3596 285 3662; x_wconf 89' lang='lat' dir='ltr'>dicit,</span> <span class='ocrx_word' id='word_1_509' title='bbox 296 3595 355 3650; x_wconf 86' lang='lat' dir='ltr'>tale</span> <span class='ocrx_word' id='word_1_510' title='bbox 365 3600 418 3658; x_wconf 90' lang='lat' dir='ltr'>est,</span> <span class='ocrx_word' id='word_1_511' title='bbox 434 3611 466 3650; x_wconf 89' lang='lat' dir='ltr'>ac</span> <span class='ocrx_word' id='word_1_512' title='bbox 479 3593 502 3649; x_wconf 92' lang='lat' dir='ltr'>si</span> <span class='ocrx_word' id='word_1_513' title='bbox 517 3593 633 3656; x_wconf 88' lang='lat' dir='ltr'>diceret,</span> <span class='ocrx_word' id='word_1_514' title='bbox 647 3592 798 3648; x_wconf 89' lang='lat' dir='ltr'>novissimo</span> <span class='ocrx_word' id='word_1_515' title='bbox 809 3598 839 3647; x_wconf 91' lang='lat' dir='ltr'>et</span> <span class='ocrx_word' id='word_1_516' title='bbox 853 3591 921 3646; x_wconf 90' lang='lat' dir='ltr'>ulti·</span> <span class='ocrx_word' id='word_1_517' title='bbox 963 3588 1091 3661; x_wconf 80' lang='lat' dir='ltr'>vagiebat</span> <span class='ocrx_word' id='word_1_518' title='bbox 1104 3589 1132 3643; x_wconf 92' lang='lat' dir='ltr'>in</span> <span class='ocrx_word' id='word_1_519' title='bbox 1143 3590 1278 3661; x_wconf 80' lang='lat' dir='ltr'>praesepio</span> <span class='ocrx_word' id='word_1_520' title='bbox 1288 3597 1319 3645; x_wconf 92' lang='lat' dir='ltr'>ut</span> <span class='ocrx_word' id='word_1_521' title='bbox 1330 3590 1431 3654; x_wconf 85' lang='lat' dir='ltr'>intans,</span> <span class='ocrx_word' id='word_1_522' title='bbox 1442 3592 1533 3649; x_wconf 90' lang='lat' dir='ltr'>sedab</span> <span class='ocrx_word' id='word_1_523' title='bbox 1547 3597 1654 3668; x_wconf 79' lang='lat' dir='ltr'>angelis</span> <span class='ocrx_word' id='word_1_524' title='bbox 1672 3599 1761 3669; x_wconf 91' lang='lat' dir='ltr'>glori·</span> 
     </span>
     <span class='ocr_line' id='line_1_41' title="bbox 47 3678 1761 3759; baseline 0.001 -16"><span class='ocrx_word' id='word_1_525' title='bbox 47 3709 166 3759; x_wconf 74' lang='lat' dir='ltr'>mo.</span> <span class='ocrx_word' id='word_1_526' title='bbox 185 3683 369 3743; x_wconf 86' lang='lat' dir='ltr'>Novissimus</span> <span class='ocrx_word' id='word_1_527' title='bbox 381 3683 457 3738; x_wconf 90' lang='lat' dir='ltr'>enim</span> <span class='ocrx_word' id='word_1_528' title='bbox 472 3683 664 3755; x_wconf 87' lang='lat' dir='ltr'>apostolorum</span> <span class='ocrx_word' id='word_1_529' title='bbox 679 3681 738 3752; x_wconf 88' lang='lat' dir='ltr'>ipse</span> <span class='ocrx_word' id='word_1_530' title='bbox 752 3686 866 3736; x_wconf 88' lang='lat' dir='ltr'>vocotus</span> <span class='ocrx_word' id='word_1_531' title='bbox 876 3684 921 3735; x_wconf 91' lang='lat' dir='ltr'>est</span> <span class='ocrx_word' id='word_1_532' title='bbox 961 3678 1097 3733; x_wconf 73' lang='lat' dir='ltr'>secabatur</span> <span class='ocrx_word' id='word_1_533' title='bbox 1107 3684 1136 3732; x_wconf 93' lang='lat' dir='ltr'>ut</span> <span class='ocrx_word' id='word_1_534' title='bbox 1158 3681 1231 3734; x_wconf 81' lang='lat' dir='ltr'>[teus</span> <span class='ocrx_word' id='word_1_535' title='bbox 1246 3679 1275 3732; x_wconf 93' lang='lat' dir='ltr'>in</span> <span class='ocrx_word' id='word_1_536' title='bbox 1295 3680 1382 3747; x_wconf 85' lang='lat' dir='ltr'>coelo;</span> <span class='ocrx_word' id='word_1_537' title='bbox 1407 3679 1443 3734; x_wconf 91' lang='lat' dir='ltr'>ab</span> <span class='ocrx_word' id='word_1_538' title='bbox 1457 3682 1568 3738; x_wconf 87' lang='lat' dir='ltr'>llerode</span> <span class='ocrx_word' id='word_1_539' title='bbox 1582 3685 1761 3757; x_wconf 73' lang='lat' dir='ltr'>querebatur</span> 
     </span>
     <span class='ocr_line' id='line_1_42' title="bbox 53 3765 1760 3847; baseline 0.001 -18"><span class='ocrx_word' id='word_1_540' title='bbox 53 3782 123 3844; x_wconf 62' lang='lat' dir='ltr'>,d</span> <span class='ocrx_word' id='word_1_541' title='bbox 132 3773 282 3847; x_wconf 71' lang='lat' dir='ltr'>gratiam</span> <span class='ocrx_word' id='word_1_542' title='bbox 293 3771 446 3844; x_wconf 83' lang='lat' dir='ltr'>Evangelii,</span> <span class='ocrx_word' id='word_1_543' title='bbox 458 3772 525 3843; x_wconf 86' lang='lat' dir='ltr'>quia</span> <span class='ocrx_word' id='word_1_544' title='bbox 535 3770 577 3825; x_wconf 93' lang='lat' dir='ltr'>illi</span> <span class='ocrx_word' id='word_1_545' title='bbox 586 3776 652 3826; x_wconf 84' lang='lat' dir='ltr'>avite</span> <span class='ocrx_word' id='word_1_546' title='bbox 663 3769 821 3841; x_wconf 84' lang='lat' dir='ltr'>passionem</span> <span class='ocrx_word' id='word_1_547' title='bbox 836 3786 854 3824; x_wconf 88' lang='lat' dir='ltr'>a</span> <span class='ocrx_word' id='word_1_548' title='bbox 868 3768 921 3823; x_wconf 91' lang='lat' dir='ltr'>Do·</span> <span class='ocrx_word' id='word_1_549' title='bbox 960 3766 1080 3822; x_wconf 80' lang='lat' dir='ltr'>interfici</span> <span class='ocrx_word' id='word_1_550' title='bbox 1089 3773 1121 3820; x_wconf 92' lang='lat' dir='ltr'>ut</span> <span class='ocrx_word' id='word_1_551' title='bbox 1137 3765 1232 3832; x_wconf 88' lang='lat' dir='ltr'>homo,</span> <span class='ocrx_word' id='word_1_552' title='bbox 1249 3767 1298 3822; x_wconf 89' lang='lat' dir='ltr'>sed</span> <span class='ocrx_word' id='word_1_553' title='bbox 1320 3784 1337 3822; x_wconf 91' lang='lat' dir='ltr'>a</span> <span class='ocrx_word' id='word_1_554' title='bbox 1350 3768 1440 3839; x_wconf 87' lang='lat' dir='ltr'>magis</span> <span class='ocrx_word' id='word_1_555' title='bbox 1454 3771 1537 3824; x_wconf 90' lang='lat' dir='ltr'>stella</span> <span class='ocrx_word' id='word_1_556' title='bbox 1548 3772 1667 3828; x_wconf 86' lang='lat' dir='ltr'>ducente</span> <span class='ocrx_word' id='word_1_557' title='bbox 1682 3792 1760 3846; x_wconf 81' lang='lat' dir='ltr'>qum·</span> 
     </span>
     <span class='ocr_line' id='line_1_43' title="bbox 55 3853 1760 3933; baseline -0.002 -10"><span class='ocrx_word' id='word_1_558' title='bbox 55 3870 205 3930; x_wconf 80' lang='lat' dir='ltr'>mino,</span> <span class='ocrx_word' id='word_1_559' title='bbox 218 3862 268 3917; x_wconf 88' lang='lat' dir='ltr'>hic</span> <span class='ocrx_word' id='word_1_560' title='bbox 287 3877 353 3917; x_wconf 91' lang='lat' dir='ltr'>vero</span> <span class='ocrx_word' id='word_1_561' title='bbox 364 3866 426 3933; x_wconf 90' lang='lat' dir='ltr'>post</span> <span class='ocrx_word' id='word_1_562' title='bbox 441 3860 503 3931; x_wconf 84' lang='lat' dir='ltr'>ejus</span> <span class='ocrx_word' id='word_1_563' title='bbox 524 3860 727 3925; x_wconf 88' lang='lat' dir='ltr'>ascensionem,</span> <span class='ocrx_word' id='word_1_564' title='bbox 738 3857 773 3913; x_wconf 89' lang='lat' dir='ltr'>de</span> <span class='ocrx_word' id='word_1_565' title='bbox 787 3858 857 3912; x_wconf 86' lang='lat' dir='ltr'>coelo</span> <span class='ocrx_word' id='word_1_566' title='bbox 871 3874 921 3912; x_wconf 90' lang='lat' dir='ltr'>vo·</span> <span class='ocrx_word' id='word_1_567' title='bbox 962 3853 1198 3911; x_wconf 87' lang='lat' dir='ltr'>rebaturadorari</span> <span class='ocrx_word' id='word_1_568' title='bbox 1212 3860 1244 3910; x_wconf 92' lang='lat' dir='ltr'>ot</span> <span class='ocrx_word' id='word_1_569' title='bbox 1258 3856 1344 3923; x_wconf 86' lang='lat' dir='ltr'>Deus;</span> <span class='ocrx_word' id='word_1_570' title='bbox 1362 3865 1489 3914; x_wconf 87' lang='lat' dir='ltr'>mortuus</span> <span class='ocrx_word' id='word_1_571' title='bbox 1501 3866 1544 3915; x_wconf 90' lang='lat' dir='ltr'>est</span> <span class='ocrx_word' id='word_1_572' title='bbox 1558 3868 1591 3917; x_wconf 92' lang='lat' dir='ltr'>ut</span> <span class='ocrx_word' id='word_1_573' title='bbox 1603 3862 1697 3931; x_wconf 91' lang='lat' dir='ltr'>homo,</span> <span class='ocrx_word' id='word_1_574' title='bbox 1713 3881 1760 3922; x_wconf 88' lang='lat' dir='ltr'>re·</span> 
     </span>
     <span class='ocr_line' id='line_1_44' title="bbox 67 3943 1760 4021; baseline 0.002 -15"><span class='ocrx_word' id='word_1_575' title='bbox 67 3957 200 4011; x_wconf 71' lang='lat' dir='ltr'>entus</span> <span class='ocrx_word' id='word_1_576' title='bbox 209 3953 265 4004; x_wconf 89' lang='lat' dir='ltr'>est.</span> <span class='ocrx_word' id='word_1_577' title='bbox 281 3947 489 4018; x_wconf 79' lang='lat' dir='ltr'>Evangelieare,</span> <span class='ocrx_word' id='word_1_578' title='bbox 506 3953 550 4001; x_wconf 91' lang='lat' dir='ltr'>est</span> <span class='ocrx_word' id='word_1_579' title='bbox 561 3946 635 4002; x_wconf 90' lang='lat' dir='ltr'>bona</span> <span class='ocrx_word' id='word_1_580' title='bbox 655 3946 834 4013; x_wconf 88' lang='lat' dir='ltr'>annuntiare,</span> <span class='ocrx_word' id='word_1_581' title='bbox 856 3946 924 4017; x_wconf 89' lang='lat' dir='ltr'>quia</span> <span class='ocrx_word' id='word_1_582' title='bbox 963 3943 1085 3999; x_wconf 81' lang='lat' dir='ltr'>surrexit</span> <span class='ocrx_word' id='word_1_583' title='bbox 1091 3961 1141 4016; x_wconf 91' lang='lat' dir='ltr'>per</span> <span class='ocrx_word' id='word_1_584' title='bbox 1148 3943 1302 4016; x_wconf 91' lang='lat' dir='ltr'>potentiam</span> <span class='ocrx_word' id='word_1_585' title='bbox 1314 3945 1631 4021; x_wconf 78' lang='lat' dir='ltr'>Deitatisltesurgensa</span> <span class='ocrx_word' id='word_1_586' title='bbox 1640 3954 1760 4010; x_wconf 85' lang='lat' dir='ltr'>mortuis</span> 
     </span>
     <span class='ocr_line' id='line_1_45' title="bbox 68 4032 1761 4112; baseline 0.004 -19"><span class='ocrx_word' id='word_1_587' title='bbox 68 4036 305 4109; x_wconf 76' lang='lat' dir='ltr'>Evangelium</span> <span class='ocrx_word' id='word_1_588' title='bbox 320 4042 363 4091; x_wconf 86' lang='lat' dir='ltr'>est</span> <span class='ocrx_word' id='word_1_589' title='bbox 377 4035 481 4091; x_wconf 88' lang='lat' dir='ltr'>bonum</span> <span class='ocrx_word' id='word_1_590' title='bbox 497 4035 637 4091; x_wconf 87' lang='lat' dir='ltr'>nuntium.</span> <span class='ocrx_word' id='word_1_591' title='bbox 655 4035 833 4106; x_wconf 85' lang='lat' dir='ltr'>Evangeliaat</span> <span class='ocrx_word' id='word_1_592' title='bbox 844 4050 921 4106; x_wconf 86' lang='lat' dir='ltr'>ergo,</span> <span class='ocrx_word' id='word_1_593' title='bbox 962 4032 1096 4104; x_wconf 88' lang='lat' dir='ltr'>apparuit</span> <span class='ocrx_word' id='word_1_594' title='bbox 1109 4032 1397 4104; x_wconf 89' lang='lat' dir='ltr'>discipulisinhabitu</span> <span class='ocrx_word' id='word_1_595' title='bbox 1407 4034 1540 4104; x_wconf 88' lang='lat' dir='ltr'>bominis,</span> <span class='ocrx_word' id='word_1_596' title='bbox 1565 4039 1615 4095; x_wconf 90' lang='lat' dir='ltr'>sed</span> <span class='ocrx_word' id='word_1_597' title='bbox 1623 4039 1761 4112; x_wconf 89' lang='lat' dir='ltr'>Spiritum</span> 
     </span>
     <span class='ocr_line' id='line_1_46' title="bbox 72 4121 1762 4220; baseline 0.004 -38"><span class='ocrx_word' id='word_1_598' title='bbox 72 4143 170 4182; x_wconf 87' lang='lat' dir='ltr'>non</span> <span class='ocrx_word' id='word_1_599' title='bbox 186 4125 281 4182; x_wconf 87' lang='lat' dir='ltr'>solum</span> <span class='ocrx_word' id='word_1_600' title='bbox 292 4125 342 4198; x_wconf 92' lang='lat' dir='ltr'>qui</span> <span class='ocrx_word' id='word_1_601' title='bbox 352 4125 536 4197; x_wconf 86' lang='lat' dir='ltr'>Evangelium</span> <span class='ocrx_word' id='word_1_602' title='bbox 548 4124 678 4196; x_wconf 87' lang='lat' dir='ltr'>praedicat</span> <span class='ocrx_word' id='word_1_603' title='bbox 688 4122 791 4179; x_wconf 86' lang='lat' dir='ltr'>Christi</span> <span class='ocrx_word' id='word_1_604' title='bbox 802 4139 850 4178; x_wconf 91' lang='lat' dir='ltr'>oro</span> <span class='ocrx_word' id='word_1_605' title='bbox 861 4127 1091 4220; x_wconf 76' lang='lat' dir='ltr'>pro-Dsanetum</span> <span class='ocrx_word' id='word_1_606' title='bbox 1100 4121 1224 4177; x_wconf 87' lang='lat' dir='ltr'>dediteis</span> <span class='ocrx_word' id='word_1_607' title='bbox 1232 4129 1264 4176; x_wconf 94' lang='lat' dir='ltr'>ut</span> <span class='ocrx_word' id='word_1_608' title='bbox 1272 4123 1355 4177; x_wconf 89' lang='lat' dir='ltr'>Deus.</span> <span class='ocrx_word' id='word_1_609' title='bbox 1370 4123 1439 4180; x_wconf 86' lang='lat' dir='ltr'>Ecce</span> <span class='ocrx_word' id='word_1_610' title='bbox 1449 4126 1571 4196; x_wconf 84' lang='lat' dir='ltr'>qualiter</span> <span class='ocrx_word' id='word_1_611' title='bbox 1580 4130 1762 4188; x_wconf 84' lang='lat' dir='ltr'>multilornris</span> 
     </span>
     <span class='ocr_line' id='line_1_47' title="bbox 76 4209 1763 4290; baseline 0.005 -22"><span class='ocrx_word' id='word_1_612' title='bbox 76 4214 224 4281; x_wconf 78' lang='lat' dir='ltr'>latum,</span> <span class='ocrx_word' id='word_1_613' title='bbox 239 4213 289 4270; x_wconf 88' lang='lat' dir='ltr'>sed</span> <span class='ocrx_word' id='word_1_614' title='bbox 304 4213 353 4287; x_wconf 83' lang='lat' dir='ltr'>qui</span> <span class='ocrx_word' id='word_1_615' title='bbox 377 4213 453 4269; x_wconf 90' lang='lat' dir='ltr'>bona</span> <span class='ocrx_word' id='word_1_616' title='bbox 479 4213 683 4281; x_wconf 65' lang='lat' dir='ltr'>annuntiatae</span> <span class='ocrx_word' id='word_1_617' title='bbox 704 4212 809 4284; x_wconf 89' lang='lat' dir='ltr'>gaudia</span> <span class='ocrx_word' id='word_1_618' title='bbox 826 4211 923 4285; x_wconf 78' lang='lat' dir='ltr'>patriae</span> <span class='ocrx_word' id='word_1_619' title='bbox 965 4210 1221 4282; x_wconf 83' lang='lat' dir='ltr'>estsapientialiei.</span> <span class='ocrx_word' id='word_1_620' title='bbox 1232 4209 1404 4282; x_wconf 87' lang='lat' dir='ltr'>Utergoista</span> <span class='ocrx_word' id='word_1_621' title='bbox 1413 4214 1763 4290; x_wconf 80' lang='lat' dir='ltr'>multiplexsapientialtei</span> 
     </span>
     <span class='ocr_line' id='line_1_48' title="bbox 82 4298 1763 4375; baseline 0.006 -20"><span class='ocrx_word' id='word_1_622' title='bbox 82 4301 243 4359; x_wconf 79' lang='lat' dir='ltr'>ooelestis</span> <span class='ocrx_word' id='word_1_623' title='bbox 251 4301 403 4375; x_wconf 88' lang='lat' dir='ltr'>promittit,</span> <span class='ocrx_word' id='word_1_624' title='bbox 419 4318 481 4374; x_wconf 78' lang='lat' dir='ltr'>quae</span> <span class='ocrx_word' id='word_1_625' title='bbox 495 4303 525 4356; x_wconf 91' lang='lat' dir='ltr'>in</span> <span class='ocrx_word' id='word_1_626' title='bbox 541 4301 603 4373; x_wconf 91' lang='lat' dir='ltr'>lege</span> <span class='ocrx_word' id='word_1_627' title='bbox 617 4307 646 4356; x_wconf 91' lang='lat' dir='ltr'>et</span> <span class='ocrx_word' id='word_1_628' title='bbox 659 4299 803 4373; x_wconf 88' lang='lat' dir='ltr'>prophetis</span> <span class='ocrx_word' id='word_1_629' title='bbox 812 4307 841 4356; x_wconf 92' lang='lat' dir='ltr'>et</span> <span class='ocrx_word' id='word_1_630' title='bbox 852 4300 925 4372; x_wconf 89' lang='lat' dir='ltr'>psal·</span> <span class='ocrx_word' id='word_1_631' title='bbox 965 4299 1194 4355; x_wconf 87' lang='lat' dir='ltr'>manitestaretur</span> <span class='ocrx_word' id='word_1_632' title='bbox 1213 4298 1384 4370; x_wconf 87' lang='lat' dir='ltr'>principibus</span> <span class='ocrx_word' id='word_1_633' title='bbox 1396 4306 1425 4355; x_wconf 92' lang='lat' dir='ltr'>et</span> <span class='ocrx_word' id='word_1_634' title='bbox 1447 4304 1632 4373; x_wconf 89' lang='lat' dir='ltr'>potestatibus</span> <span class='ocrx_word' id='word_1_635' title='bbox 1642 4307 1671 4362; x_wconf 93' lang='lat' dir='ltr'>in</span> <span class='ocrx_word' id='word_1_636' title='bbox 1682 4309 1763 4365; x_wconf 85' lang='lat' dir='ltr'>eoele·</span> 
     </span>
     <span class='ocr_line' id='line_1_49' title="bbox 87 4386 1763 4464; baseline 0.008 -24"><span class='ocrx_word' id='word_1_637' title='bbox 87 4387 187 4453; x_wconf 75' lang='lat' dir='ltr'>mie,</span> <span class='ocrx_word' id='word_1_638' title='bbox 199 4392 339 4464; x_wconf 84' lang='lat' dir='ltr'>dictisque</span> <span class='ocrx_word' id='word_1_639' title='bbox 347 4396 509 4446; x_wconf 90' lang='lat' dir='ltr'>sanctorum</span> <span class='ocrx_word' id='word_1_640' title='bbox 530 4389 841 4445; x_wconf 89' lang='lat' dir='ltr'>Patrumcootinentur.</span> <span class='ocrx_word' id='word_1_641' title='bbox 858 4389 925 4454; x_wconf 77' lang='lat' dir='ltr'>Qua</span> <span class='ocrx_word' id='word_1_642' title='bbox 965 4389 1065 4454; x_wconf 89' lang='lat' dir='ltr'>stibus,</span> <span class='ocrx_word' id='word_1_643' title='bbox 1081 4404 1151 4458; x_wconf 88' lang='lat' dir='ltr'>quas</span> <span class='ocrx_word' id='word_1_644' title='bbox 1167 4386 1265 4443; x_wconf 89' lang='lat' dir='ltr'>beatus</span> <span class='ocrx_word' id='word_1_645' title='bbox 1287 4387 1476 4462; x_wconf 86' lang='lat' dir='ltr'>Hieronymus</span> <span class='ocrx_word' id='word_1_646' title='bbox 1490 4393 1631 4463; x_wconf 88' lang='lat' dir='ltr'>angelicas</span> <span class='ocrx_word' id='word_1_647' title='bbox 1644 4395 1763 4453; x_wconf 83' lang='lat' dir='ltr'>virtutes</span> 
     </span>
     <span class='ocr_line' id='line_1_50' title="bbox 93 4475 1763 4550; baseline 0.007 -20"><span class='ocrx_word' id='word_1_648' title='bbox 93 4480 257 4536; x_wconf 73' lang='lat' dir='ltr'>sentisse</span> <span class='ocrx_word' id='word_1_649' title='bbox 269 4479 373 4537; x_wconf 80' lang='lat' dir='ltr'>diviua</span> <span class='ocrx_word' id='word_1_650' title='bbox 382 4479 486 4536; x_wconf 81' lang='lat' dir='ltr'>Christi</span> <span class='ocrx_word' id='word_1_651' title='bbox 496 4479 712 4550; x_wconf 90' lang='lat' dir='ltr'>investigabiles,</span> <span class='ocrx_word' id='word_1_652' title='bbox 728 4478 763 4533; x_wconf 91' lang='lat' dir='ltr'>ad</span> <span class='ocrx_word' id='word_1_653' title='bbox 779 4495 848 4550; x_wconf 88' lang='lat' dir='ltr'>quas</span> <span class='ocrx_word' id='word_1_654' title='bbox 857 4477 924 4532; x_wconf 90' lang='lat' dir='ltr'>mis-</span> <span class='ocrx_word' id='word_1_655' title='bbox 965 4477 1024 4532; x_wconf 90' lang='lat' dir='ltr'>vult</span> <span class='ocrx_word' id='word_1_656' title='bbox 1036 4475 1156 4546; x_wconf 80' lang='lat' dir='ltr'>intelligi</span> <span class='ocrx_word' id='word_1_657' title='bbox 1168 4475 1197 4530; x_wconf 92' lang='lat' dir='ltr'>in</span> <span class='ocrx_word' id='word_1_658' title='bbox 1211 4476 1280 4530; x_wconf 88' lang='lat' dir='ltr'>coelo</span> <span class='ocrx_word' id='word_1_659' title='bbox 1294 4476 1461 4543; x_wconf 88' lang='lat' dir='ltr'>residentes,</span> <span class='ocrx_word' id='word_1_660' title='bbox 1475 4476 1560 4534; x_wconf 87' lang='lat' dir='ltr'>Filius</span> <span class='ocrx_word' id='word_1_661' title='bbox 1575 4480 1625 4536; x_wconf 88' lang='lat' dir='ltr'>Dei</span> <span class='ocrx_word' id='word_1_662' title='bbox 1648 4484 1763 4542; x_wconf 85' lang='lat' dir='ltr'>veniens</span> 
     </span>
     <span class='ocr_line' id='line_1_51' title="bbox 99 4563 1763 4643; baseline 0.005 -23"><span class='ocrx_word' id='word_1_663' title='bbox 99 4573 160 4617; x_wconf 66' lang='grc' dir='ltr'>ωε</span> <span class='ocrx_word' id='word_1_664' title='bbox 167 4574 222 4623; x_wconf 78' lang='lat' dir='ltr'>est</span> <span class='ocrx_word' id='word_1_665' title='bbox 229 4568 381 4642; x_wconf 77' lang='lat' dir='ltr'>Apostolus</span> <span class='ocrx_word' id='word_1_666' title='bbox 387 4568 579 4641; x_wconf 85' lang='lat' dir='ltr'>evangelizare</span> <span class='ocrx_word' id='word_1_667' title='bbox 587 4568 617 4622; x_wconf 93' lang='lat' dir='ltr'>in</span> <span class='ocrx_word' id='word_1_668' title='bbox 627 4565 925 4639; x_wconf 81' lang='lat' dir='ltr'>gentibusllv&#39;imirum</span> <span class='ocrx_word' id='word_1_669' title='bbox 965 4567 994 4621; x_wconf 92' lang='lat' dir='ltr'>in</span> <span class='ocrx_word' id='word_1_670' title='bbox 1009 4564 1145 4620; x_wconf 90' lang='lat' dir='ltr'>mundum</span> <span class='ocrx_word' id='word_1_671' title='bbox 1156 4563 1289 4619; x_wconf 87' lang='lat' dir='ltr'>revelavit</span> <span class='ocrx_word' id='word_1_672' title='bbox 1298 4581 1360 4619; x_wconf 87' lang='lat' dir='ltr'>eam</span> <span class='ocrx_word' id='word_1_673' title='bbox 1374 4566 1508 4637; x_wconf 90' lang='lat' dir='ltr'>apostolis</span> <span class='ocrx_word' id='word_1_674' title='bbox 1521 4568 1590 4624; x_wconf 84' lang='lat' dir='ltr'>suls.</span> <span class='ocrx_word' id='word_1_675' title='bbox 1603 4571 1637 4625; x_wconf 84' lang='lat' dir='ltr'>Et</span> <span class='ocrx_word' id='word_1_676' title='bbox 1648 4588 1699 4643; x_wconf 88' lang='lat' dir='ltr'>per</span> <span class='ocrx_word' id='word_1_677' title='bbox 1709 4571 1763 4629; x_wconf 83' lang='lat' dir='ltr'>Ec·</span> 
     </span>
     <span class='ocr_line' id='line_1_52' title="bbox 102 4644 1764 4732; baseline 0.004 -20"><span class='ocrx_word' id='word_1_678' title='bbox 102 4644 189 4721; x_wconf 70' lang='lat' dir='ltr'>illae,</span> <span class='ocrx_word' id='word_1_679' title='bbox 207 4656 356 4730; x_wconf 87' lang='lat' dir='ltr'>dequibus</span> <span class='ocrx_word' id='word_1_680' title='bbox 381 4656 457 4712; x_wconf 90' lang='lat' dir='ltr'>idem</span> <span class='ocrx_word' id='word_1_681' title='bbox 482 4657 635 4729; x_wconf 82' lang='lat' dir='ltr'>Apostolus</span> <span class='ocrx_word' id='word_1_682' title='bbox 663 4656 729 4712; x_wconf 90' lang='lat' dir='ltr'>alibi</span> <span class='ocrx_word' id='word_1_683' title='bbox 747 4655 833 4712; x_wconf 89' lang='lat' dir='ltr'>dicit:</span> <span class='ocrx_word' id='word_1_684' title='bbox 850 4656 926 4725; x_wconf 82' lang='lat' dir='ltr'>Quod</span> <span class='ocrx_word' id='word_1_685' title='bbox 966 4652 1090 4719; x_wconf 83' lang='lat' dir='ltr'>alesiam,</span> <span class='ocrx_word' id='word_1_686' title='bbox 1101 4652 1154 4707; x_wconf 90' lang='lat' dir='ltr'>hoc</span> <span class='ocrx_word' id='word_1_687' title='bbox 1164 4657 1217 4719; x_wconf 89' lang='lat' dir='ltr'>est,</span> <span class='ocrx_word' id='word_1_688' title='bbox 1226 4652 1256 4707; x_wconf 90' lang='lat' dir='ltr'>in</span> <span class='ocrx_word' id='word_1_689' title='bbox 1267 4652 1389 4708; x_wconf 83' lang='lat' dir='ltr'>Ecclesia</span> <span class='ocrx_word' id='word_1_690' title='bbox 1403 4655 1620 4725; x_wconf 85' lang='lat' dir='ltr'>praedicantibus</span> <span class='ocrx_word' id='word_1_691' title='bbox 1630 4662 1764 4732; x_wconf 88' lang='lat' dir='ltr'>apostolis</span> 
     </span>
     <span class='ocr_line' id='line_1_53' title="bbox 111 4740 1765 4822; baseline 0.007 -24"><span class='ocrx_word' id='word_1_692' title='bbox 111 4743 430 4813; x_wconf 61' lang='lat' dir='ltr'>autumnatione</span> <span class='ocrx_word' id='word_1_693' title='bbox 438 4748 521 4800; x_wconf 87' lang='lat' dir='ltr'>auris</span> <span class='ocrx_word' id='word_1_694' title='bbox 530 4747 701 4812; x_wconf 81' lang='lat' dir='ltr'>audiuit,nee</span> <span class='ocrx_word' id='word_1_695' title='bbox 711 4750 742 4800; x_wconf 88' lang='lat' dir='ltr'>in</span> <span class='ocrx_word' id='word_1_696' title='bbox 753 4746 926 4801; x_wconf 78' lang='lat' dir='ltr'>certaminis</span> <span class='ocrx_word' id='word_1_697' title='bbox 968 4741 1157 4797; x_wconf 76' lang='lat' dir='ltr'>manifestavit</span> <span class='ocrx_word' id='word_1_698' title='bbox 1166 4741 1301 4813; x_wconf 89' lang='lat' dir='ltr'>angelicis</span> <span class='ocrx_word' id='word_1_699' title='bbox 1311 4740 1470 4798; x_wconf 87' lang='lat' dir='ltr'>virtutibus.</span> <span class='ocrx_word' id='word_1_700' title='bbox 1483 4742 1687 4822; x_wconf 86' lang='lat' dir='ltr'>Dixitnamque</span> <span class='ocrx_word' id='word_1_701' title='bbox 1700 4751 1765 4810; x_wconf 86' lang='lat' dir='ltr'>bea·</span> 
     </span>
     <span class='ocr_line' id='line_1_54' title="bbox 113 4830 1765 4911; baseline 0.004 -24"><span class='ocrx_word' id='word_1_702' title='bbox 113 4834 259 4896; x_wconf 68' lang='lat' dir='ltr'>ttoendit,</span> <span class='ocrx_word' id='word_1_703' title='bbox 271 4849 332 4904; x_wconf 81' lang='lat' dir='ltr'>qua</span> <span class='ocrx_word' id='word_1_704' title='bbox 340 4836 591 4903; x_wconf 74' lang='lat' dir='ltr'>preparavittleus</span> <span class='ocrx_word' id='word_1_705' title='bbox 600 4836 780 4903; x_wconf 77' lang='lat' dir='ltr'>ditiqcntibus</span> <span class='ocrx_word' id='word_1_706' title='bbox 790 4850 816 4888; x_wconf 85' lang='lat' dir='ltr'>se</span> <span class='ocrx_word' id='word_1_707' title='bbox 827 4836 852 4906; x_wconf 81' lang='lat' dir='ltr'>(t</span> <span class='ocrx_word' id='word_1_708' title='bbox 864 4834 926 4890; x_wconf 78' lang='lat' dir='ltr'>dor.</span> <span class='ocrx_word' id='word_1_709' title='bbox 968 4835 1015 4886; x_wconf 90' lang='lat' dir='ltr'>tus</span> <span class='ocrx_word' id='word_1_710' title='bbox 1027 4830 1227 4902; x_wconf 91' lang='lat' dir='ltr'>llieronymus,</span> <span class='ocrx_word' id='word_1_711' title='bbox 1243 4830 1316 4900; x_wconf 91' lang='lat' dir='ltr'>qood</span> <span class='ocrx_word' id='word_1_712' title='bbox 1330 4830 1456 4901; x_wconf 77' lang='lat' dir='ltr'>quiedam</span> <span class='ocrx_word' id='word_1_713' title='bbox 1466 4834 1599 4905; x_wconf 84' lang='lat' dir='ltr'>angelicae</span> <span class='ocrx_word' id='word_1_714' title='bbox 1612 4838 1765 4911; x_wconf 69' lang='lat' dir='ltr'>dignitates</span> 
     </span>
     <span class='ocr_line' id='line_1_55' title="bbox 117 4915 1837 5001; baseline 0.011 -29"><span class='ocrx_word' id='word_1_715' title='bbox 117 4923 150 4973; x_wconf 68' lang='lat'>¹¹.»</span> <span class='ocrx_word' id='word_1_716' title='bbox 176 4915 237 4976; x_wconf 89' lang='lat' dir='ltr'>hoc</span> <span class='ocrx_word' id='word_1_717' title='bbox 250 4927 304 4989; x_wconf 85' lang='lat' dir='ltr'>est,</span> <span class='ocrx_word' id='word_1_718' title='bbox 328 4921 434 4994; x_wconf 88' lang='lat' dir='ltr'>gaudia</span> <span class='ocrx_word' id='word_1_719' title='bbox 457 4923 554 4994; x_wconf 83' lang='lat' dir='ltr'>patriae</span> <span class='ocrx_word' id='word_1_720' title='bbox 579 4923 779 4984; x_wconf 75' lang='lat' dir='ltr'>celestissita</span> <span class='ocrx_word' id='word_1_721' title='bbox 796 4923 857 4978; x_wconf 91' lang='lat' dir='ltr'>sine</span> <span class='ocrx_word' id='word_1_722' title='bbox 872 4922 929 4978; x_wconf 90' lang='lat' dir='ltr'>tlne</span> <span class='ocrx_word' id='word_1_723' title='bbox 969 4924 1133 4991; x_wconf 77' lang='lat' dir='ltr'>erantque</span> <span class='ocrx_word' id='word_1_724' title='bbox 1149 4918 1286 4991; x_wconf 88' lang='lat' dir='ltr'>mysteria</span> <span class='ocrx_word' id='word_1_725' title='bbox 1299 4918 1428 4990; x_wconf 85' lang='lat' dir='ltr'>superius</span> <span class='ocrx_word' id='word_1_726' title='bbox 1441 4931 1597 4982; x_wconf 79' lang='lat' dir='ltr'>memorata</span> <span class='ocrx_word' id='word_1_727' title='bbox 1611 4929 1647 4984; x_wconf 91' lang='lat' dir='ltr'>ad</span> <span class='ocrx_word' id='word_1_728' title='bbox 1661 4947 1767 5001; x_wconf 86' lang='lat' dir='ltr'>purum</span> <span class='ocrx_word' id='word_1_729' title='bbox 1827 4952 1837 4968; x_wconf 91' lang='lat'><strong>·</strong></span> 
     </span>
     <span class='ocr_line' id='line_1_56' title="bbox 120 5006 1766 5092; baseline 0.012 -33"><span class='ocrx_word' id='word_1_730' title='bbox 120 5010 263 5065; x_wconf 66' lang='lat' dir='ltr'>fflflnsura</span> <span class='ocrx_word' id='word_1_731' title='bbox 287 5010 369 5076; x_wconf 83' lang='lat' dir='ltr'>Quod</span> <span class='ocrx_word' id='word_1_732' title='bbox 384 5027 451 5083; x_wconf 88' lang='lat' dir='ltr'>ergo</span> <span class='ocrx_word' id='word_1_733' title='bbox 465 5011 518 5066; x_wconf 90' lang='lat' dir='ltr'>hoe</span> <span class='ocrx_word' id='word_1_734' title='bbox 531 5011 592 5066; x_wconf 93' lang='lat' dir='ltr'>loco</span> <span class='ocrx_word' id='word_1_735' title='bbox 603 5011 672 5067; x_wconf 90' lang='lat' dir='ltr'>dicit</span> <span class='ocrx_word' id='word_1_736' title='bbox 684 5010 806 5076; x_wconf 89' lang='lat' dir='ltr'>divitias,</span> <span class='ocrx_word' id='word_1_737' title='bbox 818 5011 847 5066; x_wconf 93' lang='lat' dir='ltr'>in</span> <span class='ocrx_word' id='word_1_738' title='bbox 865 5008 929 5066; x_wconf 91' lang='lat' dir='ltr'>sub·</span> <span class='ocrx_word' id='word_1_739' title='bbox 968 5008 1240 5064; x_wconf 85' lang='lat' dir='ltr'>noninteltexerunt.</span> <span class='ocrx_word' id='word_1_740' title='bbox 1250 5006 1339 5061; x_wconf 90' lang='lat' dir='ltr'>donec</span> <span class='ocrx_word' id='word_1_741' title='bbox 1350 5010 1490 5081; x_wconf 85' lang='lat' dir='ltr'>completa</span> <span class='ocrx_word' id='word_1_742' title='bbox 1498 5018 1766 5092; x_wconf 81' lang='lat' dir='ltr'>estpassiochristi,</span> 
     </span>
     <span class='ocr_line' id='line_1_57' title="bbox 121 5095 1769 5183; baseline 0.008 -30"><span class='ocrx_word' id='word_1_743' title='bbox 121 5096 310 5157; x_wconf 64' lang='lat' dir='ltr'>resumebas</span> <span class='ocrx_word' id='word_1_744' title='bbox 326 5097 478 5170; x_wconf 87' lang='lat' dir='ltr'>appellavit</span> <span class='ocrx_word' id='word_1_745' title='bbox 500 5105 718 5167; x_wconf 89' lang='lat' dir='ltr'>sacramentum,</span> <span class='ocrx_word' id='word_1_746' title='bbox 740 5098 860 5171; x_wconf 90' lang='lat' dir='ltr'>ideoque</span> <span class='ocrx_word' id='word_1_747' title='bbox 879 5114 929 5170; x_wconf 89' lang='lat' dir='ltr'>per</span> <span class='ocrx_word' id='word_1_748' title='bbox 970 5104 999 5154; x_wconf 87' lang='lat' dir='ltr'>et</span> <span class='ocrx_word' id='word_1_749' title='bbox 1011 5097 1144 5169; x_wconf 89' lang='lat' dir='ltr'>apostolis</span> <span class='ocrx_word' id='word_1_750' title='bbox 1156 5095 1373 5168; x_wconf 76' lang='lat' dir='ltr'>predicantibus</span> <span class='ocrx_word' id='word_1_751' title='bbox 1387 5116 1438 5170; x_wconf 91' lang='lat' dir='ltr'>per</span> <span class='ocrx_word' id='word_1_752' title='bbox 1451 5118 1549 5159; x_wconf 87' lang='lat' dir='ltr'>onvnes</span> <span class='ocrx_word' id='word_1_753' title='bbox 1562 5114 1661 5177; x_wconf 88' lang='lat' dir='ltr'>gentes</span> <span class='ocrx_word' id='word_1_754' title='bbox 1671 5111 1769 5183; x_wconf 75' lang='lat' dir='ltr'>crepis-</span> 
     </span>
     <span class='ocr_line' id='line_1_58' title="bbox 126 5172 1766 5261; baseline 0.011 -22"><span class='ocrx_word' id='word_1_755' title='bbox 126 5172 310 5243; x_wconf 61' lang='lat' dir='ltr'>buumnon</span> <span class='ocrx_word' id='word_1_756' title='bbox 335 5185 490 5259; x_wconf 88' lang='lat' dir='ltr'>incongrue</span> <span class='ocrx_word' id='word_1_757' title='bbox 518 5187 654 5261; x_wconf 90' lang='lat' dir='ltr'>mysteria</span> <span class='ocrx_word' id='word_1_758' title='bbox 681 5185 882 5243; x_wconf 85' lang='lat' dir='ltr'>incarnationis</span> <span class='ocrx_word' id='word_1_759' title='bbox 900 5192 930 5242; x_wconf 93' lang='lat' dir='ltr'>et</span> <span class='ocrx_word' id='word_1_760' title='bbox 970 5191 1036 5242; x_wconf 88' lang='lat' dir='ltr'>sent</span> <span class='ocrx_word' id='word_1_761' title='bbox 1050 5184 1249 5258; x_wconf 80' lang='lat' dir='ltr'>predicatione</span> <span class='ocrx_word' id='word_1_762' title='bbox 1275 5202 1327 5240; x_wconf 89' lang='lat' dir='ltr'>sua</span> <span class='ocrx_word' id='word_1_763' title='bbox 1353 5189 1473 5257; x_wconf 89' lang='lat' dir='ltr'>gentiles</span> <span class='ocrx_word' id='word_1_764' title='bbox 1493 5194 1607 5250; x_wconf 88' lang='lat' dir='ltr'>trahere</span> <span class='ocrx_word' id='word_1_765' title='bbox 1621 5198 1655 5253; x_wconf 90' lang='lat' dir='ltr'>ad</span> <span class='ocrx_word' id='word_1_766' title='bbox 1671 5199 1766 5257; x_wconf 87' lang='lat' dir='ltr'>tidem.</span> 
     </span>
     <span class='ocr_line' id='line_1_59' title="bbox 130 5270 1768 5354; baseline 0.007 -23"><span class='ocrx_word' id='word_1_767' title='bbox 130 5270 929 5348; x_wconf 66' lang='lat' dir='ltr'>pt⁸tionisffiristipossumusintelligere,redemptionem</span> <span class='ocrx_word' id='word_1_768' title='bbox 971 5274 1051 5340; x_wconf 89' lang='lat' dir='ltr'>Quod</span> <span class='ocrx_word' id='word_1_769' title='bbox 1066 5272 1179 5346; x_wconf 89' lang='lat' dir='ltr'>probari</span> <span class='ocrx_word' id='word_1_770' title='bbox 1190 5280 1283 5346; x_wconf 88' lang='lat' dir='ltr'>potest</span> <span class='ocrx_word' id='word_1_771' title='bbox 1297 5293 1331 5330; x_wconf 87' lang='lat' dir='ltr'>ex</span> <span class='ocrx_word' id='word_1_772' title='bbox 1343 5276 1395 5332; x_wconf 89' lang='lat' dir='ltr'>hoc</span> <span class='ocrx_word' id='word_1_773' title='bbox 1409 5280 1483 5350; x_wconf 91' lang='lat' dir='ltr'>quod</span> <span class='ocrx_word' id='word_1_774' title='bbox 1494 5284 1587 5354; x_wconf 89' lang='lat' dir='ltr'>angeli</span> <span class='ocrx_word' id='word_1_775' title='bbox 1602 5286 1768 5343; x_wconf 87' lang='lat' dir='ltr'>admirando</span> 
     </span>
     <span class='ocr_line' id='line_1_60' title="bbox 139 5363 1805 5446; baseline 0.007 -27"><span class='ocrx_word' id='word_1_776' title='bbox 139 5363 242 5437; x_wconf 75' lang='lat' dir='ltr'>gmina</span> <span class='ocrx_word' id='word_1_777' title='bbox 256 5364 374 5421; x_wconf 85' lang='lat' dir='ltr'>humani</span> <span class='ocrx_word' id='word_1_778' title='bbox 387 5368 417 5421; x_wconf 90' lang='lat' dir='ltr'>et</span> <span class='ocrx_word' id='word_1_779' title='bbox 430 5364 516 5421; x_wconf 88' lang='lat' dir='ltr'>tldem</span> <span class='ocrx_word' id='word_1_780' title='bbox 529 5364 668 5437; x_wconf 90' lang='lat' dir='ltr'>gentium,</span> <span class='ocrx_word' id='word_1_781' title='bbox 679 5366 709 5419; x_wconf 90' lang='lat' dir='ltr'>et</span> <span class='ocrx_word' id='word_1_782' title='bbox 722 5380 779 5436; x_wconf 94' lang='lat' dir='ltr'>quo</span> <span class='ocrx_word' id='word_1_783' title='bbox 790 5364 868 5420; x_wconf 87' lang='lat' dir='ltr'>nulla</span> <span class='ocrx_word' id='word_1_784' title='bbox 886 5363 931 5420; x_wconf 90' lang='lat' dir='ltr'>di·</span> <span class='ocrx_word' id='word_1_785' title='bbox 971 5364 1113 5430; x_wconf 84' lang='lat' dir='ltr'>dixerunt,</span> <span class='ocrx_word' id='word_1_786' title='bbox 1129 5363 1178 5420; x_wconf 93' lang='lat' dir='ltr'>illo</span> <span class='ocrx_word' id='word_1_787' title='bbox 1192 5365 1361 5421; x_wconf 88' lang='lat' dir='ltr'>ascendente</span> <span class='ocrx_word' id='word_1_788' title='bbox 1376 5367 1410 5421; x_wconf 88' lang='lat' dir='ltr'>sd</span> <span class='ocrx_word' id='word_1_789' title='bbox 1426 5369 1509 5424; x_wconf 76' lang='lat' dir='ltr'>emtas</span> <span class='ocrx_word' id='word_1_790' title='bbox 1523 5373 1637 5442; x_wconf 86' lang='lat' dir='ltr'>propris</span> <span class='ocrx_word' id='word_1_791' title='bbox 1650 5373 1768 5446; x_wconf 64' lang='lat' dir='ltr'>virtute,</span> <span class='ocrx_word' id='word_1_792' title='bbox 1790 5385 1805 5392; x_wconf 81' lang='grc'>·’</span> 
     </span>
    </p>
   </div>
   <div class='ocr_carea' id='block_1_3' title="bbox 251 5461 1652 5530">
    <p class='ocr_par' dir='ltr' id='par_1_3' title="bbox 251 5461 1652 5530">
     <span class='ocr_line' id='line_1_61' title="bbox 251 5461 1652 5530; baseline 0.005 -7"><span class='ocrx_word' id='word_1_793' title='bbox 251 5463 384 5526; x_wconf 79' lang='lat' dir='ltr'>Piraei.</span> <span class='ocrx_word' id='word_1_794' title='bbox 407 5461 526 5525; x_wconf 78' lang='lat' dir='ltr'>cxvii.</span> <span class='ocrx_word' id='word_1_795' title='bbox 1614 5468 1652 5530; x_wconf 72' lang='lat' dir='ltr'>tt</span> 
     </span>
    </p>
   </div>
   <div class='ocr_carea' id='block_1_4' title="bbox 0 0 1955 6098">
    <p class='ocr_par' dir='ltr' id='par_1_4' title="bbox 0 0 1955 6098">
     <span class='ocr_line' id='line_1_62' title="bbox 0 0 1955 6098; baseline 0 0"><span class='ocrx_word' id='word_1_796' title='bbox 0 0 1955 6098; x_wconf 95' lang='lat' dir='ltr'> </span> 
     </span>
    </p>
   </div>
  </div>
 </body>
</html>
