<?xml version="1.0" encoding="UTF-8"?>
<!DOCTYPE html PUBLIC "-//W3C//DTD XHTML 1.0 Transitional//EN"
    "http://www.w3.org/TR/xhtml1/DTD/xhtml1-transitional.dtd">
<html xmlns="http://www.w3.org/1999/xhtml" xml:lang="en" lang="en">
 <head>
  <title>
</title>
<meta http-equiv="Content-Type" content="text/html;charset=utf-8" />
  <meta name='ocr-system' content='tesseract 3.04.00' />
  <meta name='ocr-capabilities' content='ocr_page ocr_carea ocr_par ocr_line ocrx_word'/>
</head>
<body>
  <div class='ocr_page' id='page_1' title='image "./patrologiaecurs31unkngoog_0240.png"; bbox 0 0 3818 6104; ppageno 0'>
   <div class='ocr_carea' id='block_1_1' title="bbox 336 211 1621 318">
    <p class='ocr_par' dir='ltr' id='par_1_1' title="bbox 336 211 1621 318">
     <span class='ocr_line' id='line_1_1' title="bbox 336 211 1621 318; baseline 0 -6"><span class='ocrx_word' id='word_1_1' title='bbox 336 248 675 315; x_wconf 77' lang='lat' dir='ltr'><strong>axrosmomaer.</strong></span> <span class='ocrx_word' id='word_1_2' title='bbox 695 255 1259 318; x_wconf 77' lang='lat' dir='ltr'><strong>s.muur.-1nar1sr.noaou.</strong></span> <span class='ocrx_word' id='word_1_3' title='bbox 1566 211 1621 312; x_wconf 73' lang='lat' dir='ltr'><strong>tto</strong></span> 
     </span>
    </p>
   </div>
   <div class='ocr_carea' id='block_1_2' title="bbox 109 370 1620 546">
    <p class='ocr_par' dir='ltr' id='par_1_2' title="bbox 109 370 1620 546">
     <span class='ocr_line' id='line_1_2' title="bbox 109 370 1620 459; baseline 0 -23"><span class='ocrx_word' id='word_1_4' title='bbox 109 381 242 452; x_wconf 82' lang='lat' dir='ltr'><strong>udinqdit</strong></span> <span class='ocrx_word' id='word_1_5' title='bbox 256 381 397 437; x_wconf 87' lang='lat' dir='ltr'><strong>:Obsecro</strong></span> <span class='ocrx_word' id='word_1_6' title='bbox 414 400 462 452; x_wconf 90' lang='lat' dir='ltr'><strong>per</strong></span> <span class='ocrx_word' id='word_1_7' title='bbox 483 385 700 445; x_wconf 87' lang='lat' dir='ltr'><strong>misericordiam</strong></span> <span class='ocrx_word' id='word_1_8' title='bbox 720 386 808 444; x_wconf 71' lang='lat' dir='ltr'><strong>[leid</strong></span> <span class='ocrx_word' id='word_1_9' title='bbox 821 386 1239 459; x_wconf 81' lang='lat' dir='ltr'><strong>haberetlrgurativasacrificia</strong></span> <span class='ocrx_word' id='word_1_10' title='bbox 1249 384 1332 455; x_wconf 77' lang='lat' dir='ltr'><strong>louge</strong></span> <span class='ocrx_word' id='word_1_11' title='bbox 1342 370 1620 456; x_wconf 79' lang='lat' dir='ltr'><strong>antequamrenire&#39;t,</strong></span> 
     </span>
     <span class='ocr_line' id='line_1_3' title="bbox 109 466 1618 546; baseline 0 -22"><span class='ocrx_word' id='word_1_12' title='bbox 109 470 155 524; x_wconf 69' lang='lat' dir='ltr'><strong>&#39;ati</strong></span> <span class='ocrx_word' id='word_1_13' title='bbox 170 470 247 527; x_wconf 85' lang='lat' dir='ltr'><strong>estis.</strong></span> <span class='ocrx_word' id='word_1_14' title='bbox 265 477 297 524; x_wconf 92' lang='lat' dir='ltr'><strong>ut</strong></span> <span class='ocrx_word' id='word_1_15' title='bbox 316 471 471 524; x_wconf 81' lang='lat' dir='ltr'><strong>exhibeatis</strong></span> <span class='ocrx_word' id='word_1_16' title='bbox 481 489 597 542; x_wconf 90' lang='lat' dir='ltr'><strong>corpora</strong></span> <span class='ocrx_word' id='word_1_17' title='bbox 610 483 699 526; x_wconf 87' lang='lat' dir='ltr'><strong>vestra</strong></span> <span class='ocrx_word' id='word_1_18' title='bbox 711 474 775 526; x_wconf 82' lang='lat' dir='ltr'><strong>lins-</strong></span> <span class='ocrx_word' id='word_1_19' title='bbox 819 483 904 543; x_wconf 88' lang='lat' dir='ltr'><strong>utper</strong></span> <span class='ocrx_word' id='word_1_20' title='bbox 915 475 959 527; x_wconf 89' lang='lat' dir='ltr'><strong>illa</strong></span> <span class='ocrx_word' id='word_1_21' title='bbox 973 475 1067 546; x_wconf 83' lang='lat' dir='ltr'><strong>typica</strong></span> <span class='ocrx_word' id='word_1_22' title='bbox 1077 475 1186 529; x_wconf 73' lang='lat' dir='ltr'>facilius</span> <span class='ocrx_word' id='word_1_23' title='bbox 1202 473 1361 544; x_wconf 87' lang='lat' dir='ltr'><strong>perveniret</strong></span> <span class='ocrx_word' id='word_1_24' title='bbox 1381 474 1415 526; x_wconf 89' lang='lat' dir='ltr'><strong>ad</strong></span> <span class='ocrx_word' id='word_1_25' title='bbox 1427 466 1502 526; x_wconf 87' lang='lat' dir='ltr'><strong>istud</strong></span> <span class='ocrx_word' id='word_1_26' title='bbox 1515 487 1618 526; x_wconf 88' lang='lat' dir='ltr'><strong>verum.</strong></span> 
     </span>
    </p>
   </div>
   <div class='ocr_carea' id='block_1_3' title="bbox 109 560 1628 5308">
    <p class='ocr_par' dir='ltr' id='par_1_3' title="bbox 109 560 1628 5308">
     <span class='ocr_line' id='line_1_4' title="bbox 109 560 1625 633; baseline -0.001 -20"><span class='ocrx_word' id='word_1_27' title='bbox 109 562 284 629; x_wconf 74' lang='lat' dir='ltr'><strong>tritennquorl</strong></span> <span class='ocrx_word' id='word_1_28' title='bbox 297 566 378 612; x_wconf 77' lang='lat' dir='ltr'><strong>erant</strong></span> <span class='ocrx_word' id='word_1_29' title='bbox 388 561 460 629; x_wconf 85' lang='lat' dir='ltr'><strong>apud</strong></span> <span class='ocrx_word' id='word_1_30' title='bbox 472 560 614 614; x_wconf 75' lang='lat' dir='ltr'><strong>Rorncmos</strong></span> <span class='ocrx_word' id='word_1_31' title='bbox 623 562 710 614; x_wconf 78' lang='lat' dir='ltr'><strong>tndei</strong></span> <span class='ocrx_word' id='word_1_32' title='bbox 720 576 778 614; x_wconf 90' lang='lat' dir='ltr'><strong>cre·</strong></span> <span class='ocrx_word' id='word_1_33' title='bbox 818 561 881 616; x_wconf 79' lang='lat' dir='ltr'><strong>sne</strong></span> <span class='ocrx_word' id='word_1_34' title='bbox 896 564 980 616; x_wconf 87' lang='lat' dir='ltr'><strong>etiam</strong></span> <span class='ocrx_word' id='word_1_35' title='bbox 991 562 1164 616; x_wconf 87' lang='lat' dir='ltr'><strong>tertiacausn</strong></span> <span class='ocrx_word' id='word_1_36' title='bbox 1176 562 1299 633; x_wconf 79' lang='lat' dir='ltr'><strong>mysterii</strong></span> <span class='ocrx_word' id='word_1_37' title='bbox 1309 562 1372 625; x_wconf 86' lang='lat' dir='ltr'><strong>snit,</strong></span> <span class='ocrx_word' id='word_1_38' title='bbox 1388 568 1420 614; x_wconf 94' lang='lat' dir='ltr'><strong>ut</strong></span> <span class='ocrx_word' id='word_1_39' title='bbox 1432 561 1480 615; x_wconf 90' lang='lat' dir='ltr'><strong>illa</strong></span> <span class='ocrx_word' id='word_1_40' title='bbox 1490 560 1625 633; x_wconf 66' lang='lat' dir='ltr'><strong>‹oberren-</strong></span> 
     </span>
     <span class='ocr_line' id='line_1_5' title="bbox 109 634 1621 721; baseline 0.001 -22"><span class='ocrx_word' id='word_1_41' title='bbox 109 634 138 699; x_wconf 86' lang='lat' dir='ltr'><strong>ui</strong></span> <span class='ocrx_word' id='word_1_42' title='bbox 156 647 284 700; x_wconf 85' lang='lat' dir='ltr'><strong>victimas</strong></span> <span class='ocrx_word' id='word_1_43' title='bbox 299 655 327 700; x_wconf 87' lang='lat' dir='ltr'><strong>et</strong></span> <span class='ocrx_word' id='word_1_44' title='bbox 342 648 447 701; x_wconf 85' lang='lat' dir='ltr'><strong>hostias</strong></span> <span class='ocrx_word' id='word_1_45' title='bbox 460 649 629 717; x_wconf 78' lang='lat' dir='ltr'><strong>legalesDeo</strong></span> <span class='ocrx_word' id='word_1_46' title='bbox 648 650 778 703; x_wconf 86' lang='lat' dir='ltr'><strong>Hieroso·</strong></span> <span class='ocrx_word' id='word_1_47' title='bbox 818 655 866 702; x_wconf 90' lang='lat' dir='ltr'><strong>tur</strong></span> <span class='ocrx_word' id='word_1_48' title='bbox 893 651 1031 705; x_wconf 84' lang='lat' dir='ltr'><strong>sacrificia</strong></span> <span class='ocrx_word' id='word_1_49' title='bbox 1054 652 1156 721; x_wconf 83' lang='lat' dir='ltr'><strong>typice,</strong></span> <span class='ocrx_word' id='word_1_50' title='bbox 1182 660 1321 721; x_wconf 88' lang='lat' dir='ltr'><strong>quatenus</strong></span> <span class='ocrx_word' id='word_1_51' title='bbox 1351 648 1431 703; x_wconf 89' lang='lat' dir='ltr'><strong>istud</strong></span> <span class='ocrx_word' id='word_1_52' title='bbox 1451 646 1621 703; x_wconf 84' lang='lat' dir='ltr'><strong>sacrificium</strong></span> 
     </span>
     <span class='ocr_line' id='line_1_6' title="bbox 122 734 1619 809; baseline 0.001 -21"><span class='ocrx_word' id='word_1_53' title='bbox 122 735 227 805; x_wconf 88' lang='lat' dir='ltr'><strong>templo</strong></span> <span class='ocrx_word' id='word_1_54' title='bbox 243 735 429 790; x_wconf 89' lang='lat' dir='ltr'><strong>obtulerant:</strong></span> <span class='ocrx_word' id='word_1_55' title='bbox 458 737 508 788; x_wconf 82' lang='lat' dir='ltr'><strong>lios</strong></span> <span class='ocrx_word' id='word_1_56' title='bbox 526 736 655 789; x_wconf 86' lang='lat' dir='ltr'><strong>bortatur</strong></span> <span class='ocrx_word' id='word_1_57' title='bbox 675 741 706 789; x_wconf 95' lang='lat' dir='ltr'><strong>ut</strong></span> <span class='ocrx_word' id='word_1_58' title='bbox 717 738 777 806; x_wconf 83' lang='lat' dir='ltr'><strong>jain</strong></span> <span class='ocrx_word' id='word_1_59' title='bbox 818 739 1046 807; x_wconf 68' lang='lat' dir='ltr'><strong>praefiguraretur</strong></span> <span class='ocrx_word' id='word_1_60' title='bbox 1060 736 1134 809; x_wconf 90' lang='lat' dir='ltr'><strong>quod</strong></span> <span class='ocrx_word' id='word_1_61' title='bbox 1156 736 1282 809; x_wconf 76' lang='lat' dir='ltr'>quotidie</span> <span class='ocrx_word' id='word_1_62' title='bbox 1305 736 1429 791; x_wconf 77' lang='lat' dir='ltr'><strong>Ecclesia</strong></span> <span class='ocrx_word' id='word_1_63' title='bbox 1450 752 1501 808; x_wconf 88' lang='lat' dir='ltr'><strong>pro</strong></span> <span class='ocrx_word' id='word_1_64' title='bbox 1526 734 1619 791; x_wconf 87' lang='lat' dir='ltr'><strong>salute</strong></span> 
     </span>
     <span class='ocr_line' id='line_1_7' title="bbox 109 824 1083 896; baseline 0.002 -19"><span class='ocrx_word' id='word_1_65' title='bbox 109 836 145 881; x_wconf 80' lang='lat' dir='ltr'><strong>ee.</strong></span> <span class='ocrx_word' id='word_1_66' title='bbox 162 839 218 877; x_wconf 90' lang='lat' dir='ltr'><strong>non</strong></span> <span class='ocrx_word' id='word_1_67' title='bbox 232 824 333 888; x_wconf 81' lang='lat' dir='ltr'><strong>hircos,</strong></span> <span class='ocrx_word' id='word_1_68' title='bbox 348 840 403 877; x_wconf 94' lang='lat' dir='ltr'><strong>non</strong></span> <span class='ocrx_word' id='word_1_69' title='bbox 425 824 537 885; x_wconf 69' lang='lat' dir='ltr'><strong>arietes</strong></span> <span class='ocrx_word' id='word_1_70' title='bbox 554 825 600 878; x_wconf 90' lang='lat' dir='ltr'><strong>sed</strong></span> <span class='ocrx_word' id='word_1_71' title='bbox 615 826 780 896; x_wconf 77' lang='lat' dir='ltr'><strong>semetipsos</strong></span> <span class='ocrx_word' id='word_1_72' title='bbox 822 825 946 879; x_wconf 82' lang='lat' dir='ltr'><strong>fidelium</strong></span> <span class='ocrx_word' id='word_1_73' title='bbox 958 824 1083 880; x_wconf 78' lang='lat' dir='ltr'><strong>offertur.</strong></span> 
     </span>
     <span class='ocr_line' id='line_1_8' title="bbox 109 908 1621 983; baseline 0.003 -18"><span class='ocrx_word' id='word_1_74' title='bbox 109 908 157 965; x_wconf 76' lang='lat' dir='ltr'><strong>lec</strong></span> <span class='ocrx_word' id='word_1_75' title='bbox 166 911 306 981; x_wconf 87' lang='lat' dir='ltr'><strong>spiritales</strong></span> <span class='ocrx_word' id='word_1_76' title='bbox 321 913 476 966; x_wconf 81' lang='lat' dir='ltr'><strong>immolent.</strong></span> <span class='ocrx_word' id='word_1_77' title='bbox 499 913 643 982; x_wconf 81' lang='lat' dir='ltr'><strong>Siquidem</strong></span> <span class='ocrx_word' id='word_1_78' title='bbox 669 912 780 983; x_wconf 83' lang='lat' dir='ltr'><strong>quando</strong></span> <span class='ocrx_word' id='word_1_79' title='bbox 857 914 889 967; x_wconf 82' lang='lat' dir='ltr'><strong>Et</strong></span> <span class='ocrx_word' id='word_1_80' title='bbox 902 918 985 968; x_wconf 79' lang='lat' dir='ltr'><strong>nolite</strong></span> <span class='ocrx_word' id='word_1_81' title='bbox 998 916 1171 982; x_wconf 75' lang='lat' dir='ltr'><strong>conformari</strong></span> <span class='ocrx_word' id='word_1_82' title='bbox 1178 915 1243 969; x_wconf 83' lang='lat' dir='ltr'><strong>haic</strong></span> <span class='ocrx_word' id='word_1_83' title='bbox 1255 914 1419 971; x_wconf 67' lang='lat' dir='ltr'><strong>secunao</strong></span> <span class='ocrx_word' id='word_1_84' title='bbox 1432 912 1566 970; x_wconf 74' lang='lat' dir='ltr'><strong>seculum</strong></span> <span class='ocrx_word' id='word_1_85' title='bbox 1574 910 1621 969; x_wconf 89' lang='lat' dir='ltr'><strong>hic</strong></span> 
     </span>
     <span class='ocr_line' id='line_1_9' title="bbox 109 998 1619 1074; baseline 0.001 -21"><span class='ocrx_word' id='word_1_86' title='bbox 109 998 190 1053; x_wconf 83' lang='lat' dir='ltr'><strong>bebat</strong></span> <span class='ocrx_word' id='word_1_87' title='bbox 218 1001 378 1070; x_wconf 78' lang='lat' dir='ltr'><strong>Apostolus,</strong></span> <span class='ocrx_word' id='word_1_88' title='bbox 395 1001 486 1054; x_wconf 90' lang='lat' dir='ltr'><strong>adbuc</strong></span> <span class='ocrx_word' id='word_1_89' title='bbox 501 1002 634 1071; x_wconf 91' lang='lat' dir='ltr'><strong>templum</strong></span> <span class='ocrx_word' id='word_1_90' title='bbox 650 1001 779 1055; x_wconf 88' lang='lat' dir='ltr'><strong>Hieroso·</strong></span> <span class='ocrx_word' id='word_1_91' title='bbox 821 1018 877 1055; x_wconf 91' lang='lat' dir='ltr'><strong>nou</strong></span> <span class='ocrx_word' id='word_1_92' title='bbox 891 1000 1189 1073; x_wconf 82' lang='lat' dir='ltr'><strong>debemusintelligere</strong></span> <span class='ocrx_word' id='word_1_93' title='bbox 1199 1010 1364 1074; x_wconf 73' lang='lat' dir='ltr'><strong>presentem</strong></span> <span class='ocrx_word' id='word_1_94' title='bbox 1376 1003 1537 1073; x_wconf 72' lang='lat' dir='ltr'><strong>vitamque</strong></span> <span class='ocrx_word' id='word_1_95' title='bbox 1547 1018 1619 1056; x_wconf 90' lang='lat' dir='ltr'><strong>sem·</strong></span> 
     </span>
     <span class='ocr_line' id='line_1_10' title="bbox 109 1085 1620 1161; baseline 0.004 -22"><span class='ocrx_word' id='word_1_96' title='bbox 109 1085 182 1151; x_wconf 82' lang='lat' dir='ltr'><strong>ebat,</strong></span> <span class='ocrx_word' id='word_1_97' title='bbox 194 1092 222 1140; x_wconf 89' lang='lat' dir='ltr'><strong>et</strong></span> <span class='ocrx_word' id='word_1_98' title='bbox 235 1088 352 1141; x_wconf 87' lang='lat' dir='ltr'><strong>necdum</strong></span> <span class='ocrx_word' id='word_1_99' title='bbox 368 1092 428 1140; x_wconf 87' lang='lat' dir='ltr'><strong>emt</strong></span> <span class='ocrx_word' id='word_1_100' title='bbox 438 1089 600 1141; x_wconf 80' lang='lat' dir='ltr'><strong>subversum</strong></span> <span class='ocrx_word' id='word_1_101' title='bbox 611 1088 779 1145; x_wconf 76' lang='lat' dir='ltr'><strong>allornanis.</strong></span> <span class='ocrx_word' id='word_1_102' title='bbox 820 1090 976 1161; x_wconf 81' lang='lat' dir='ltr'><strong>perennis,</strong></span> <span class='ocrx_word' id='word_1_103' title='bbox 992 1091 1175 1161; x_wconf 77' lang='lat' dir='ltr'><strong>temporibus,</strong></span> <span class='ocrx_word' id='word_1_104' title='bbox 1191 1091 1298 1155; x_wconf 83' lang='lat' dir='ltr'><strong>diebus,</strong></span> <span class='ocrx_word' id='word_1_105' title='bbox 1322 1090 1460 1158; x_wconf 88' lang='lat' dir='ltr'><strong>noctibus,</strong></span> <span class='ocrx_word' id='word_1_106' title='bbox 1477 1090 1562 1157; x_wconf 87' lang='lat' dir='ltr'><strong>horis,</strong></span> <span class='ocrx_word' id='word_1_107' title='bbox 1576 1086 1620 1145; x_wconf 80' lang='lat' dir='ltr'><strong>at·</strong></span> 
     </span>
     <span class='ocr_line' id='line_1_11' title="bbox 109 1164 1622 1252; baseline 0.003 -25"><span class='ocrx_word' id='word_1_108' title='bbox 109 1174 184 1245; x_wconf 77' lang='lat' dir='ltr'><strong>gitur</strong></span> <span class='ocrx_word' id='word_1_109' title='bbox 192 1176 393 1229; x_wconf 90' lang='lat' dir='ltr'><strong>etimmolatnr</strong></span> <span class='ocrx_word' id='word_1_110' title='bbox 404 1186 433 1228; x_wconf 93' lang='lat' dir='ltr'><strong>et</strong></span> <span class='ocrx_word' id='word_1_111' title='bbox 442 1177 500 1229; x_wconf 78' lang='lat' dir='ltr'><strong>vira</strong></span> <span class='ocrx_word' id='word_1_112' title='bbox 508 1184 559 1237; x_wconf 85' lang='lat' dir='ltr'><strong>est,</strong></span> <span class='ocrx_word' id='word_1_113' title='bbox 576 1177 780 1247; x_wconf 84' lang='lat' dir='ltr'><strong>quandohorno</strong></span> <span class='ocrx_word' id='word_1_114' title='bbox 821 1194 875 1249; x_wconf 91' lang='lat' dir='ltr'><strong>que</strong></span> <span class='ocrx_word' id='word_1_115' title='bbox 891 1179 1040 1232; x_wconf 87' lang='lat' dir='ltr'><strong>momentis</strong></span> <span class='ocrx_word' id='word_1_116' title='bbox 1051 1179 1179 1241; x_wconf 85' lang='lat' dir='ltr'><strong>rolritur,</strong></span> <span class='ocrx_word' id='word_1_117' title='bbox 1196 1179 1244 1232; x_wconf 89' lang='lat' dir='ltr'><strong>sed</strong></span> <span class='ocrx_word' id='word_1_118' title='bbox 1270 1180 1397 1233; x_wconf 89' lang='lat' dir='ltr'><strong>homines</strong></span> <span class='ocrx_word' id='word_1_119' title='bbox 1416 1196 1467 1252; x_wconf 92' lang='lat' dir='ltr'><strong>per</strong></span> <span class='ocrx_word' id='word_1_120' title='bbox 1478 1164 1622 1249; x_wconf 84' lang='lat' dir='ltr'><strong>carnalem</strong></span> 
     </span>
     <span class='ocr_line' id='line_1_12' title="bbox 109 1258 1619 1341; baseline 0.003 -25"><span class='ocrx_word' id='word_1_121' title='bbox 109 1262 151 1316; x_wconf 87' lang='lat' dir='ltr'><strong>ita</strong></span> <span class='ocrx_word' id='word_1_122' title='bbox 167 1280 221 1317; x_wconf 90' lang='lat' dir='ltr'><strong>non</strong></span> <span class='ocrx_word' id='word_1_123' title='bbox 237 1264 340 1325; x_wconf 87' lang='lat' dir='ltr'><strong>delicit,</strong></span> <span class='ocrx_word' id='word_1_124' title='bbox 358 1273 386 1317; x_wconf 91' lang='lat' dir='ltr'><strong>et</strong></span> <span class='ocrx_word' id='word_1_125' title='bbox 400 1264 559 1319; x_wconf 87' lang='lat' dir='ltr'><strong>carnalibus</strong></span> <span class='ocrx_word' id='word_1_126' title='bbox 574 1266 649 1318; x_wconf 86' lang='lat' dir='ltr'><strong>vitiis</strong></span> <span class='ocrx_word' id='word_1_127' title='bbox 663 1282 693 1318; x_wconf 90' lang='lat' dir='ltr'><strong>se</strong></span> <span class='ocrx_word' id='word_1_128' title='bbox 705 1266 781 1319; x_wconf 89' lang='lat' dir='ltr'><strong>occi·</strong></span> <span class='ocrx_word' id='word_1_129' title='bbox 821 1266 1061 1321; x_wconf 85' lang='lat' dir='ltr'><strong>conversationem</strong></span> <span class='ocrx_word' id='word_1_130' title='bbox 1077 1267 1177 1321; x_wconf 88' lang='lat' dir='ltr'><strong>saeculu</strong></span> <span class='ocrx_word' id='word_1_131' title='bbox 1193 1258 1312 1329; x_wconf 83' lang='lat' dir='ltr'><strong>deditos,</strong></span> <span class='ocrx_word' id='word_1_132' title='bbox 1334 1282 1458 1341; x_wconf 78' lang='lat' dir='ltr'><strong>paganos</strong></span> <span class='ocrx_word' id='word_1_133' title='bbox 1481 1262 1619 1333; x_wconf 78' lang='lat' dir='ltr'><strong>videlicet,</strong></span> 
     </span>
     <span class='ocr_line' id='line_1_13' title="bbox 109 1351 1622 1425; baseline 0.003 -21"><span class='ocrx_word' id='word_1_134' title='bbox 109 1351 246 1406; x_wconf 82' lang='lat' dir='ltr'><strong>titieando</strong></span> <span class='ocrx_word' id='word_1_135' title='bbox 259 1352 384 1405; x_wconf 86' lang='lat' dir='ltr'><strong>membra</strong></span> <span class='ocrx_word' id='word_1_136' title='bbox 398 1369 449 1406; x_wconf 89' lang='lat' dir='ltr'><strong>sua</strong></span> <span class='ocrx_word' id='word_1_137' title='bbox 464 1369 528 1406; x_wconf 88' lang='lat' dir='ltr'><strong>cum</strong></span> <span class='ocrx_word' id='word_1_138' title='bbox 544 1355 702 1424; x_wconf 87' lang='lat' dir='ltr'><strong>peccatiset</strong></span> <span class='ocrx_word' id='word_1_139' title='bbox 717 1370 782 1408; x_wconf 91' lang='lat' dir='ltr'><strong>con·</strong></span> <span class='ocrx_word' id='word_1_140' title='bbox 820 1355 941 1416; x_wconf 73' lang='lat' dir='ltr'><strong>ludaeos,</strong></span> <span class='ocrx_word' id='word_1_141' title='bbox 958 1354 1114 1417; x_wconf 76' lang='lat' dir='ltr'><strong>haereticos,</strong></span> <span class='ocrx_word' id='word_1_142' title='bbox 1145 1354 1288 1423; x_wconf 78' lang='lat' dir='ltr'><strong>falsosque</strong></span> <span class='ocrx_word' id='word_1_143' title='bbox 1310 1355 1495 1419; x_wconf 85' lang='lat' dir='ltr'><strong>Christianos,</strong></span> <span class='ocrx_word' id='word_1_144' title='bbox 1520 1352 1622 1425; x_wconf 90' lang='lat' dir='ltr'><strong>quibus</strong></span> 
     </span>
     <span class='ocr_line' id='line_1_14' title="bbox 109 1439 1620 1515; baseline 0 -22"><span class='ocrx_word' id='word_1_145' title='bbox 109 1439 172 1493; x_wconf 82' lang='lat' dir='ltr'><strong>rtiis.</strong></span> <span class='ocrx_word' id='word_1_146' title='bbox 190 1440 273 1494; x_wconf 82' lang='lat' dir='ltr'><strong>Verbi</strong></span> <span class='ocrx_word' id='word_1_147' title='bbox 288 1442 380 1508; x_wconf 70' lang='lat' dir='ltr'><strong>gratia</strong></span> <span class='ocrx_word' id='word_1_148' title='bbox 400 1460 406 1493; x_wconf 93' lang='lat'>:</span> <span class='ocrx_word' id='word_1_149' title='bbox 423 1442 477 1495; x_wconf 87' lang='lat' dir='ltr'><strong>suit</strong></span> <span class='ocrx_word' id='word_1_150' title='bbox 497 1442 644 1512; x_wconf 86' lang='lat' dir='ltr'><strong>superbus,</strong></span> <span class='ocrx_word' id='word_1_151' title='bbox 662 1443 782 1496; x_wconf 91' lang='lat' dir='ltr'><strong>ellicitur</strong></span> <span class='ocrx_word' id='word_1_152' title='bbox 821 1457 877 1496; x_wconf 89' lang='lat' dir='ltr'><strong>non</strong></span> <span class='ocrx_word' id='word_1_153' title='bbox 892 1443 1027 1496; x_wconf 90' lang='lat' dir='ltr'><strong>debemus</strong></span> <span class='ocrx_word' id='word_1_154' title='bbox 1054 1442 1203 1515; x_wconf 78' lang='lat' dir='ltr'><strong>assimilari</strong></span> <span class='ocrx_word' id='word_1_155' title='bbox 1228 1447 1256 1496; x_wconf 90' lang='lat' dir='ltr'><strong>et</strong></span> <span class='ocrx_word' id='word_1_156' title='bbox 1278 1441 1443 1504; x_wconf 82' lang='lat' dir='ltr'><strong>consociari,</strong></span> <span class='ocrx_word' id='word_1_157' title='bbox 1465 1458 1500 1495; x_wconf 90' lang='lat' dir='ltr'><strong>ue</strong></span> <span class='ocrx_word' id='word_1_158' title='bbox 1522 1456 1620 1495; x_wconf 88' lang='lat' dir='ltr'><strong>eorum</strong></span> 
     </span>
     <span class='ocr_line' id='line_1_15' title="bbox 109 1527 1622 1603; baseline 0.001 -23"><span class='ocrx_word' id='word_1_159' title='bbox 109 1544 116 1595; x_wconf 72' lang='grc' dir='ltr'><strong><em>ς</em></strong></span> <span class='ocrx_word' id='word_1_160' title='bbox 132 1527 186 1582; x_wconf 81' lang='lat' dir='ltr'><strong>tuo</strong></span> <span class='ocrx_word' id='word_1_161' title='bbox 198 1529 365 1583; x_wconf 85' lang='lat' dir='ltr'><strong>luxuriosus.</strong></span> <span class='ocrx_word' id='word_1_162' title='bbox 378 1530 497 1584; x_wconf 81' lang='lat' dir='ltr'><strong>eflicitur</strong></span> <span class='ocrx_word' id='word_1_163' title='bbox 507 1538 617 1596; x_wconf 89' lang='lat' dir='ltr'><strong>castus;</strong></span> <span class='ocrx_word' id='word_1_164' title='bbox 633 1531 687 1584; x_wconf 85' lang='lat' dir='ltr'><strong>suit</strong></span> <span class='ocrx_word' id='word_1_165' title='bbox 699 1532 781 1600; x_wconf 83' lang='lat' dir='ltr'><strong>gulo·</strong></span> <span class='ocrx_word' id='word_1_166' title='bbox 822 1532 884 1586; x_wconf 85' lang='lat' dir='ltr'><strong>ritis</strong></span> <span class='ocrx_word' id='word_1_167' title='bbox 899 1532 1079 1603; x_wconf 84' lang='lat' dir='ltr'><strong>inquinemur</strong></span> <span class='ocrx_word' id='word_1_168' title='bbox 1093 1537 1121 1586; x_wconf 91' lang='lat' dir='ltr'><strong>et</strong></span> <span class='ocrx_word' id='word_1_169' title='bbox 1135 1532 1248 1585; x_wconf 88' lang='lat' dir='ltr'><strong>uostris.</strong></span> <span class='ocrx_word' id='word_1_170' title='bbox 1270 1528 1374 1597; x_wconf 81' lang='lat' dir='ltr'><strong>Nolite,</strong></span> <span class='ocrx_word' id='word_1_171' title='bbox 1395 1530 1497 1603; x_wconf 86' lang='lat' dir='ltr'><strong>inquit,</strong></span> <span class='ocrx_word' id='word_1_172' title='bbox 1512 1528 1622 1584; x_wconf 86' lang='lat' dir='ltr'><strong>confor-</strong></span> 
     </span>
     <span class='ocr_line' id='line_1_16' title="bbox 109 1612 1622 1713; baseline 0.002 -45"><span class='ocrx_word' id='word_1_173' title='bbox 109 1615 190 1668; x_wconf 89' lang='lat' dir='ltr'><strong>lcitur</strong></span> <span class='ocrx_word' id='word_1_174' title='bbox 218 1622 401 1686; x_wconf 81' lang='lat' dir='ltr'><strong>temperatus,</strong></span> <span class='ocrx_word' id='word_1_175' title='bbox 434 1618 575 1688; x_wconf 86' lang='lat' dir='ltr'><strong>appetitor</strong></span> <span class='ocrx_word' id='word_1_176' title='bbox 604 1618 895 1713; x_wconf 74' lang='lat' dir='ltr'><strong>parcimoniaeBmari</strong></span> <span class='ocrx_word' id='word_1_177' title='bbox 911 1620 975 1674; x_wconf 88' lang='lat' dir='ltr'><strong>huic</strong></span> <span class='ocrx_word' id='word_1_178' title='bbox 988 1621 1099 1678; x_wconf 81' lang='lat' dir='ltr'><strong>saeculo,</strong></span> <span class='ocrx_word' id='word_1_179' title='bbox 1117 1618 1209 1683; x_wconf 85' lang='lat' dir='ltr'><strong>idest,</strong></span> <span class='ocrx_word' id='word_1_180' title='bbox 1224 1619 1426 1674; x_wconf 85' lang='lat' dir='ltr'><strong>nolitesimiles</strong></span> <span class='ocrx_word' id='word_1_181' title='bbox 1439 1612 1622 1673; x_wconf 80' lang='lat' dir='ltr'><strong>lleriamato·</strong></span> 
     </span>
     <span class='ocr_line' id='line_1_17' title="bbox 110 1700 1622 1778; baseline 0 -21"><span class='ocrx_word' id='word_1_182' title='bbox 110 1745 118 1765; x_wconf 82' lang='lat'><strong>,</strong></span> <span class='ocrx_word' id='word_1_183' title='bbox 138 1703 285 1773; x_wconf 89' lang='lat' dir='ltr'><strong>omnisque</strong></span> <span class='ocrx_word' id='word_1_184' title='bbox 299 1704 478 1774; x_wconf 77' lang='lat' dir='ltr'><strong>frugalitatis.</strong></span> <span class='ocrx_word' id='word_1_185' title='bbox 497 1706 541 1760; x_wconf 87' lang='lat' dir='ltr'><strong>Sic</strong></span> <span class='ocrx_word' id='word_1_186' title='bbox 553 1706 617 1760; x_wconf 83' lang='lat' dir='ltr'><strong>vivit</strong></span> <span class='ocrx_word' id='word_1_187' title='bbox 631 1716 713 1759; x_wconf 83' lang='lat' dir='ltr'><strong>nomo</strong></span> <span class='ocrx_word' id='word_1_188' title='bbox 730 1706 781 1758; x_wconf 88' lang='lat' dir='ltr'><strong>vir·</strong></span> <span class='ocrx_word' id='word_1_189' title='bbox 824 1708 901 1763; x_wconf 89' lang='lat' dir='ltr'><strong>ribus</strong></span> <span class='ocrx_word' id='word_1_190' title='bbox 915 1709 999 1777; x_wconf 77' lang='lat' dir='ltr'><strong>buius</strong></span> <span class='ocrx_word' id='word_1_191' title='bbox 1013 1707 1116 1770; x_wconf 78' lang='lat' dir='ltr'><strong>saeculi,</strong></span> <span class='ocrx_word' id='word_1_192' title='bbox 1134 1707 1182 1778; x_wconf 93' lang='lat' dir='ltr'><strong>qui</strong></span> <span class='ocrx_word' id='word_1_193' title='bbox 1199 1707 1315 1762; x_wconf 82' lang='lat' dir='ltr'><strong>virtutes</strong></span> <span class='ocrx_word' id='word_1_194' title='bbox 1330 1706 1497 1778; x_wconf 79' lang='lat' dir='ltr'><strong>despiciunt,</strong></span> <span class='ocrx_word' id='word_1_195' title='bbox 1509 1709 1538 1759; x_wconf 87' lang='lat' dir='ltr'><strong>et</strong></span> <span class='ocrx_word' id='word_1_196' title='bbox 1552 1700 1622 1758; x_wconf 85' lang='lat' dir='ltr'><strong>vitia</strong></span> 
     </span>
     <span class='ocr_line' id='line_1_18' title="bbox 116 1792 1621 1864; baseline 0.001 -20"><span class='ocrx_word' id='word_1_197' title='bbox 116 1796 146 1844; x_wconf 88' lang='lat' dir='ltr'><strong>et</strong></span> <span class='ocrx_word' id='word_1_198' title='bbox 164 1792 284 1844; x_wconf 88' lang='lat' dir='ltr'><strong>moritur</strong></span> <span class='ocrx_word' id='word_1_199' title='bbox 298 1792 381 1845; x_wconf 75' lang='lat' dir='ltr'><strong>vitiis.</strong></span> <span class='ocrx_word' id='word_1_200' title='bbox 403 1793 506 1846; x_wconf 86' lang='lat' dir='ltr'><strong>llostiae</strong></span> <span class='ocrx_word' id='word_1_201' title='bbox 521 1794 738 1863; x_wconf 88' lang='lat' dir='ltr'><strong>appellabantur</strong></span> <span class='ocrx_word' id='word_1_202' title='bbox 751 1795 781 1848; x_wconf 87' lang='lat' dir='ltr'><strong>in</strong></span> <span class='ocrx_word' id='word_1_203' title='bbox 822 1798 1030 1863; x_wconf 83' lang='lat' dir='ltr'><strong>sectantur;sed</strong></span> <span class='ocrx_word' id='word_1_204' title='bbox 1045 1798 1280 1864; x_wconf 80' lang='lat' dir='ltr'><strong>resornmminiin</strong></span> <span class='ocrx_word' id='word_1_205' title='bbox 1292 1799 1411 1850; x_wconf 82' lang='lat' dir='ltr'><strong>nouitate</strong></span> <span class='ocrx_word' id='word_1_206' title='bbox 1422 1811 1517 1849; x_wconf 81' lang='lat' dir='ltr'><strong>sensus</strong></span> <span class='ocrx_word' id='word_1_207' title='bbox 1527 1794 1621 1857; x_wconf 82' lang='lat' dir='ltr'><strong>vestri,</strong></span> 
     </span>
     <span class='ocr_line' id='line_1_19' title="bbox 109 1877 1623 1958; baseline 0.003 -27"><span class='ocrx_word' id='word_1_208' title='bbox 109 1877 273 1932; x_wconf 56' lang='lat' dir='ltr'><strong>festamento</strong></span> <span class='ocrx_word' id='word_1_209' title='bbox 287 1880 428 1942; x_wconf 88' lang='lat' dir='ltr'><strong>animalia,</strong></span> <span class='ocrx_word' id='word_1_210' title='bbox 447 1897 508 1950; x_wconf 84' lang='lat' dir='ltr'><strong>quae</strong></span> <span class='ocrx_word' id='word_1_211' title='bbox 524 1881 735 1936; x_wconf 80' lang='lat' dir='ltr'><strong>adducebantur</strong></span> <span class='ocrx_word' id='word_1_212' title='bbox 746 1882 781 1935; x_wconf 89' lang='lat' dir='ltr'><strong>ad</strong></span> <span class='ocrx_word' id='word_1_213' title='bbox 823 1903 873 1958; x_wconf 91' lang='lat' dir='ltr'><strong>per</strong></span> <span class='ocrx_word' id='word_1_214' title='bbox 887 1885 1010 1940; x_wconf 90' lang='lat' dir='ltr'><strong>studium</strong></span> <span class='ocrx_word' id='word_1_215' title='bbox 1024 1884 1152 1938; x_wconf 86' lang='lat' dir='ltr'><strong>lectionis</strong></span> <span class='ocrx_word' id='word_1_216' title='bbox 1162 1890 1190 1938; x_wconf 88' lang='lat' dir='ltr'><strong>et</strong></span> <span class='ocrx_word' id='word_1_217' title='bbox 1201 1882 1392 1938; x_wconf 77' lang='lat' dir='ltr'><strong>meditationis</strong></span> <span class='ocrx_word' id='word_1_218' title='bbox 1402 1882 1511 1937; x_wconf 83' lang='lat' dir='ltr'><strong>Veteris</strong></span> <span class='ocrx_word' id='word_1_219' title='bbox 1524 1880 1623 1938; x_wconf 86' lang='lat' dir='ltr'><strong>Testa-</strong></span> 
     </span>
     <span class='ocr_line' id='line_1_20' title="bbox 109 1966 1624 2040; baseline 0.001 -19"><span class='ocrx_word' id='word_1_220' title='bbox 109 1966 204 2022; x_wconf 87' lang='lat' dir='ltr'><strong>lomus</strong></span> <span class='ocrx_word' id='word_1_221' title='bbox 234 1970 355 2033; x_wconf 82' lang='lat' dir='ltr'><strong>Domini,</strong></span> <span class='ocrx_word' id='word_1_222' title='bbox 372 1969 465 2040; x_wconf 80' lang='lat' dir='ltr'><strong>ibique</strong></span> <span class='ocrx_word' id='word_1_223' title='bbox 480 1971 672 2025; x_wconf 76' lang='lat' dir='ltr'><strong>sacerdotibus</strong></span> <span class='ocrx_word' id='word_1_224' title='bbox 687 1972 782 2025; x_wconf 87' lang='lat' dir='ltr'><strong>trade·</strong></span> <span class='ocrx_word' id='word_1_225' title='bbox 823 1975 910 2029; x_wconf 88' lang='lat' dir='ltr'><strong>menti</strong></span> <span class='ocrx_word' id='word_1_226' title='bbox 926 1981 954 2028; x_wconf 91' lang='lat' dir='ltr'><strong>et</strong></span> <span class='ocrx_word' id='word_1_227' title='bbox 968 1973 1049 2029; x_wconf 82' lang='lat' dir='ltr'><strong>Nori.</strong></span> <span class='ocrx_word' id='word_1_228' title='bbox 1064 1972 1194 2036; x_wconf 78' lang='lat' dir='ltr'><strong>Quotidie</strong></span> <span class='ocrx_word' id='word_1_229' title='bbox 1204 1989 1303 2027; x_wconf 89' lang='lat' dir='ltr'><strong>sensus</strong></span> <span class='ocrx_word' id='word_1_230' title='bbox 1316 1970 1449 2026; x_wconf 85' lang='lat' dir='ltr'><strong>nosteret</strong></span> <span class='ocrx_word' id='word_1_231' title='bbox 1463 1968 1624 2025; x_wconf 85' lang='lat' dir='ltr'><strong>intellectus</strong></span> 
     </span>
     <span class='ocr_line' id='line_1_21' title="bbox 124 2055 1625 2137; baseline 0.004 -30"><span class='ocrx_word' id='word_1_232' title='bbox 124 2055 245 2109; x_wconf 76' lang='lat' dir='ltr'><strong>victimae</strong></span> <span class='ocrx_word' id='word_1_233' title='bbox 266 2072 329 2110; x_wconf 87' lang='lat' dir='ltr'><strong>vero</strong></span> <span class='ocrx_word' id='word_1_234' title='bbox 353 2057 520 2111; x_wconf 81' lang='lat' dir='ltr'><strong>dicebantur</strong></span> <span class='ocrx_word' id='word_1_235' title='bbox 543 2075 560 2112; x_wconf 95' lang='lat' dir='ltr'><strong>a</strong></span> <span class='ocrx_word' id='word_1_236' title='bbox 578 2059 732 2118; x_wconf 83' lang='lat' dir='ltr'><strong>vinciendo.</strong></span> <span class='ocrx_word' id='word_1_237' title='bbox 749 2074 782 2112; x_wconf 89' lang='lat' dir='ltr'><strong>eo</strong></span> <span class='ocrx_word' id='word_1_238' title='bbox 822 2062 973 2116; x_wconf 79' lang='lat' dir='ltr'><strong>innovatur</strong></span> <span class='ocrx_word' id='word_1_239' title='bbox 987 2067 1016 2115; x_wconf 88' lang='lat' dir='ltr'><strong>et</strong></span> <span class='ocrx_word' id='word_1_240' title='bbox 1030 2061 1273 2115; x_wconf 87' lang='lat' dir='ltr'><strong>relor·maturdum</strong></span> <span class='ocrx_word' id='word_1_241' title='bbox 1286 2059 1625 2137; x_wconf 74' lang='lat' dir='ltr'><strong>proficimusetmagisac</strong></span> 
     </span>
     <span class='ocr_line' id='line_1_22' title="bbox 109 2142 1621 2222; baseline 0.004 -26"><span class='ocrx_word' id='word_1_242' title='bbox 109 2142 187 2197; x_wconf 87' lang='lat' dir='ltr'><strong>uibus</strong></span> <span class='ocrx_word' id='word_1_243' title='bbox 202 2152 229 2197; x_wconf 88' lang='lat' dir='ltr'><strong>et</strong></span> <span class='ocrx_word' id='word_1_244' title='bbox 245 2145 364 2198; x_wconf 86' lang='lat' dir='ltr'><strong>restibus</strong></span> <span class='ocrx_word' id='word_1_245' title='bbox 378 2147 468 2199; x_wconf 86' lang='lat' dir='ltr'><strong>vincta</strong></span> <span class='ocrx_word' id='word_1_246' title='bbox 482 2147 615 2201; x_wconf 87' lang='lat' dir='ltr'><strong>aninmlia</strong></span> <span class='ocrx_word' id='word_1_247' title='bbox 629 2149 662 2200; x_wconf 92' lang='lat' dir='ltr'><strong>ad</strong></span> <span class='ocrx_word' id='word_1_248' title='bbox 677 2148 784 2201; x_wconf 88' lang='lat' dir='ltr'><strong>sacriti-</strong></span> <span class='ocrx_word' id='word_1_249' title='bbox 825 2151 957 2222; x_wconf 83' lang='lat' dir='ltr'><strong>magisin</strong></span> <span class='ocrx_word' id='word_1_250' title='bbox 983 2149 1121 2220; x_wconf 88' lang='lat' dir='ltr'><strong>sapientia</strong></span> <span class='ocrx_word' id='word_1_251' title='bbox 1150 2148 1311 2210; x_wconf 71' lang='lat' dir='ltr'><strong>crescimus</strong></span> <span class='ocrx_word' id='word_1_252' title='bbox 1330 2165 1364 2201; x_wconf 90' lang='lat' dir='ltr'><strong>ea</strong></span> <span class='ocrx_word' id='word_1_253' title='bbox 1386 2149 1421 2202; x_wconf 90' lang='lat' dir='ltr'><strong>de</strong></span> <span class='ocrx_word' id='word_1_254' title='bbox 1442 2146 1498 2202; x_wconf 88' lang='lat' dir='ltr'><strong>Deo</strong></span> <span class='ocrx_word' id='word_1_255' title='bbox 1515 2146 1621 2202; x_wconf 86' lang='lat' dir='ltr'><strong>intelll-</strong></span> 
     </span>
     <span class='ocr_line' id='line_1_23' title="bbox 111 2230 1626 2312; baseline 0.003 -27"><span class='ocrx_word' id='word_1_256' title='bbox 111 2230 296 2286; x_wconf 85' lang='lat' dir='ltr'><strong>ducebantur.</strong></span> <span class='ocrx_word' id='word_1_257' title='bbox 321 2234 464 2296; x_wconf 89' lang='lat' dir='ltr'><strong>Quantum</strong></span> <span class='ocrx_word' id='word_1_258' title='bbox 484 2253 548 2289; x_wconf 89' lang='lat' dir='ltr'><strong>vern</strong></span> <span class='ocrx_word' id='word_1_259' title='bbox 560 2238 593 2290; x_wconf 91' lang='lat' dir='ltr'><strong>ad</strong></span> <span class='ocrx_word' id='word_1_260' title='bbox 611 2252 783 2306; x_wconf 79' lang='lat' dir='ltr'><strong>paganorum</strong></span> <span class='ocrx_word' id='word_1_261' title='bbox 824 2241 917 2312; x_wconf 83' lang='lat' dir='ltr'><strong>gendo</strong></span> <span class='ocrx_word' id='word_1_262' title='bbox 932 2256 994 2310; x_wconf 77' lang='lat' dir='ltr'><strong>que</strong></span> <span class='ocrx_word' id='word_1_263' title='bbox 1010 2246 1093 2292; x_wconf 88' lang='lat' dir='ltr'><strong>antea</strong></span> <span class='ocrx_word' id='word_1_264' title='bbox 1109 2237 1318 2308; x_wconf 80' lang='lat' dir='ltr'><strong>ignorabamus.</strong></span> <span class='ocrx_word' id='word_1_265' title='bbox 1341 2233 1521 2290; x_wconf 81' lang='lat' dir='ltr'><strong>Reformatur</strong></span> <span class='ocrx_word' id='word_1_266' title='bbox 1539 2235 1626 2290; x_wconf 89' lang='lat' dir='ltr'><strong>etiam</strong></span> 
     </span>
     <span class='ocr_line' id='line_1_24' title="bbox 132 2321 1626 2395; baseline 0.004 -23"><span class='ocrx_word' id='word_1_267' title='bbox 132 2321 227 2378; x_wconf 86' lang='lat' dir='ltr'><strong>rltum¹</strong></span> <span class='ocrx_word' id='word_1_268' title='bbox 256 2321 347 2375; x_wconf 84' lang='lat' dir='ltr'><strong>liostia</strong></span> <span class='ocrx_word' id='word_1_269' title='bbox 362 2323 507 2378; x_wconf 77' lang='lat' dir='ltr'><strong>dicebatur</strong></span> <span class='ocrx_word' id='word_1_270' title='bbox 522 2325 689 2378; x_wconf 89' lang='lat' dir='ltr'><strong>sacriticium</strong></span> <span class='ocrx_word' id='word_1_271' title='bbox 710 2325 784 2395; x_wconf 87' lang='lat' dir='ltr'><strong>quod</strong></span> <span class='ocrx_word' id='word_1_272' title='bbox 826 2325 853 2380; x_wconf 94' lang='lat' dir='ltr'><strong>in</strong></span> <span class='ocrx_word' id='word_1_273' title='bbox 864 2328 987 2382; x_wconf 79' lang='lat' dir='ltr'><strong>novitate</strong></span> <span class='ocrx_word' id='word_1_274' title='bbox 1000 2344 1099 2381; x_wconf 87' lang='lat' dir='ltr'><strong>sensus</strong></span> <span class='ocrx_word' id='word_1_275' title='bbox 1111 2333 1215 2387; x_wconf 85' lang='lat' dir='ltr'><strong>noster,</strong></span> <span class='ocrx_word' id='word_1_276' title='bbox 1226 2322 1292 2379; x_wconf 89' lang='lat' dir='ltr'><strong>dum</strong></span> <span class='ocrx_word' id='word_1_277' title='bbox 1305 2322 1415 2395; x_wconf 87' lang='lat' dir='ltr'><strong>prolicit</strong></span> <span class='ocrx_word' id='word_1_278' title='bbox 1424 2325 1452 2379; x_wconf 87' lang='lat' dir='ltr'><strong>in</strong></span> <span class='ocrx_word' id='word_1_279' title='bbox 1465 2323 1545 2379; x_wconf 89' lang='lat' dir='ltr'><strong>nobis</strong></span> <span class='ocrx_word' id='word_1_280' title='bbox 1555 2334 1626 2394; x_wconf 86' lang='lat' dir='ltr'><strong>opus</strong></span> 
     </span>
     <span class='ocr_line' id='line_1_25' title="bbox 109 2408 1626 2487; baseline 0.002 -25"><span class='ocrx_word' id='word_1_281' title='bbox 109 2416 156 2462; x_wconf 90' lang='lat' dir='ltr'><strong>tur</strong></span> <span class='ocrx_word' id='word_1_282' title='bbox 165 2409 371 2480; x_wconf 76' lang='lat' dir='ltr'><strong>idolisquando</strong></span> <span class='ocrx_word' id='word_1_283' title='bbox 383 2420 480 2464; x_wconf 86' lang='lat' dir='ltr'><strong>contra</strong></span> <span class='ocrx_word' id='word_1_284' title='bbox 491 2412 585 2466; x_wconf 87' lang='lat' dir='ltr'><strong>hostes</strong></span> <span class='ocrx_word' id='word_1_285' title='bbox 594 2414 784 2467; x_wconf 89' lang='lat' dir='ltr'><strong>dimicandum</strong></span> <span class='ocrx_word' id='word_1_286' title='bbox 825 2415 1009 2486; x_wconf 72' lang='lat' dir='ltr'><strong>bonurnquia&#39;</strong></span> <span class='ocrx_word' id='word_1_287' title='bbox 1024 2422 1130 2487; x_wconf 89' lang='lat' dir='ltr'><strong>quanto</strong></span> <span class='ocrx_word' id='word_1_288' title='bbox 1143 2414 1339 2468; x_wconf 83' lang='lat' dir='ltr'><strong>intellectuale</strong></span> <span class='ocrx_word' id='word_1_289' title='bbox 1350 2413 1479 2468; x_wconf 85' lang='lat' dir='ltr'><strong>ellectum</strong></span> <span class='ocrx_word' id='word_1_290' title='bbox 1495 2408 1626 2483; x_wconf 86' lang='lat' dir='ltr'><strong>operibus</strong></span> 
     </span>
     <span class='ocr_line' id='line_1_26' title="bbox 109 2497 1623 2574; baseline 0.003 -24"><span class='ocrx_word' id='word_1_291' title='bbox 109 2497 195 2550; x_wconf 83' lang='lat' dir='ltr'><strong>rtirua</strong></span> <span class='ocrx_word' id='word_1_292' title='bbox 208 2513 272 2552; x_wconf 80' lang='lat' dir='ltr'><strong>vero</strong></span> <span class='ocrx_word' id='word_1_293' title='bbox 286 2500 432 2554; x_wconf 79' lang='lat' dir='ltr'><strong>dicebatur</strong></span> <span class='ocrx_word' id='word_1_294' title='bbox 448 2502 625 2557; x_wconf 83' lang='lat' dir='ltr'><strong>sacrificium.</strong></span> <span class='ocrx_word' id='word_1_295' title='bbox 644 2504 728 2572; x_wconf 88' lang='lat' dir='ltr'><strong>qnod,</strong></span> <span class='ocrx_word' id='word_1_296' title='bbox 744 2502 784 2555; x_wconf 90' lang='lat' dir='ltr'><strong>vi·</strong></span> <span class='ocrx_word' id='word_1_297' title='bbox 827 2505 1037 2558; x_wconf 80' lang='lat' dir='ltr'><strong>renituntanm</strong></span> <span class='ocrx_word' id='word_1_298' title='bbox 1053 2502 1173 2574; x_wconf 84' lang='lat' dir='ltr'><strong>amplius</strong></span> <span class='ocrx_word' id='word_1_299' title='bbox 1185 2501 1477 2556; x_wconf 86' lang='lat' dir='ltr'><strong>innovatur.l)icamus</strong></span> <span class='ocrx_word' id='word_1_300' title='bbox 1489 2501 1623 2572; x_wconf 77' lang='lat' dir='ltr'><strong>apertius:</strong></span> 
     </span>
     <span class='ocr_line' id='line_1_27' title="bbox 109 2586 1628 2662; baseline 0.003 -23"><span class='ocrx_word' id='word_1_301' title='bbox 109 2586 236 2641; x_wconf 73' lang='lat' dir='ltr'><strong>»timens</strong></span> <span class='ocrx_word' id='word_1_302' title='bbox 251 2605 300 2658; x_wconf 92' lang='lat' dir='ltr'><strong>pro</strong></span> <span class='ocrx_word' id='word_1_303' title='bbox 313 2590 470 2658; x_wconf 82' lang='lat' dir='ltr'><strong>gratiarum</strong></span> <span class='ocrx_word' id='word_1_304' title='bbox 483 2592 592 2644; x_wconf 88' lang='lat' dir='ltr'><strong>actione</strong></span> <span class='ocrx_word' id='word_1_305' title='bbox 604 2591 784 2645; x_wconf 78' lang='lat' dir='ltr'><strong>offerebatur.</strong></span> <span class='ocrx_word' id='word_1_306' title='bbox 827 2602 887 2646; x_wconf 86' lang='lat' dir='ltr'><strong>erat</strong></span> <span class='ocrx_word' id='word_1_307' title='bbox 903 2595 964 2662; x_wconf 88' lang='lat' dir='ltr'><strong>quis</strong></span> <span class='ocrx_word' id='word_1_308' title='bbox 981 2592 1008 2645; x_wconf 91' lang='lat' dir='ltr'><strong>in</strong></span> <span class='ocrx_word' id='word_1_309' title='bbox 1024 2590 1198 2661; x_wconf 80' lang='lat' dir='ltr'><strong>litteralegis</strong></span> <span class='ocrx_word' id='word_1_310' title='bbox 1208 2591 1326 2661; x_wconf 71' lang='lat' dir='ltr'><strong>positus</strong></span> <span class='ocrx_word' id='word_1_311' title='bbox 1342 2606 1396 2644; x_wconf 89' lang='lat' dir='ltr'><strong>non</strong></span> <span class='ocrx_word' id='word_1_312' title='bbox 1411 2588 1578 2661; x_wconf 87' lang='lat' dir='ltr'><strong>penetrabat</strong></span> <span class='ocrx_word' id='word_1_313' title='bbox 1587 2587 1628 2643; x_wconf 89' lang='lat' dir='ltr'><strong>in·</strong></span> 
     </span>
     <span class='ocr_line' id='line_1_28' title="bbox 109 2672 1626 2748; baseline 0.003 -22"><span class='ocrx_word' id='word_1_314' title='bbox 109 2688 143 2727; x_wconf 79' lang='lat' dir='ltr'><strong>t:</strong></span> <span class='ocrx_word' id='word_1_315' title='bbox 163 2690 278 2744; x_wconf 87' lang='lat' dir='ltr'><strong>corpora</strong></span> <span class='ocrx_word' id='word_1_316' title='bbox 295 2688 389 2730; x_wconf 84' lang='lat' dir='ltr'><strong>nostra</strong></span> <span class='ocrx_word' id='word_1_317' title='bbox 412 2679 472 2733; x_wconf 88' lang='lat' dir='ltr'><strong>lleri</strong></span> <span class='ocrx_word' id='word_1_318' title='bbox 494 2679 596 2732; x_wconf 90' lang='lat' dir='ltr'><strong>debent</strong></span> <span class='ocrx_word' id='word_1_319' title='bbox 619 2679 709 2733; x_wconf 84' lang='lat' dir='ltr'><strong>hostia</strong></span> <span class='ocrx_word' id='word_1_320' title='bbox 722 2697 784 2732; x_wconf 92' lang='lat' dir='ltr'><strong>san·</strong></span> <span class='ocrx_word' id='word_1_321' title='bbox 826 2682 929 2735; x_wconf 85' lang='lat' dir='ltr'><strong>teriora</strong></span> <span class='ocrx_word' id='word_1_322' title='bbox 949 2680 1080 2734; x_wconf 83' lang='lat' dir='ltr'><strong>:transiit</strong></span> <span class='ocrx_word' id='word_1_323' title='bbox 1092 2678 1126 2732; x_wconf 90' lang='lat' dir='ltr'><strong>ad</strong></span> <span class='ocrx_word' id='word_1_324' title='bbox 1154 2676 1357 2748; x_wconf 83' lang='lat' dir='ltr'><strong>Evangelium:</strong></span> <span class='ocrx_word' id='word_1_325' title='bbox 1381 2677 1479 2732; x_wconf 88' lang='lat' dir='ltr'><strong>didicit</strong></span> <span class='ocrx_word' id='word_1_326' title='bbox 1493 2674 1567 2747; x_wconf 89' lang='lat' dir='ltr'><strong>quud</strong></span> <span class='ocrx_word' id='word_1_327' title='bbox 1582 2672 1626 2730; x_wconf 81' lang='lat' dir='ltr'><strong>lex</strong></span> 
     </span>
     <span class='ocr_line' id='line_1_29' title="bbox 109 2765 1627 2840; baseline 0.002 -24"><span class='ocrx_word' id='word_1_328' title='bbox 109 2778 123 2816; x_wconf 82' lang='lat' dir='ltr'><strong>a</strong></span> <span class='ocrx_word' id='word_1_329' title='bbox 136 2765 273 2834; x_wconf 87' lang='lat' dir='ltr'><strong>templum</strong></span> <span class='ocrx_word' id='word_1_330' title='bbox 289 2772 353 2819; x_wconf 89' lang='lat' dir='ltr'><strong>sunt</strong></span> <span class='ocrx_word' id='word_1_331' title='bbox 370 2767 491 2837; x_wconf 82' lang='lat' dir='ltr'><strong>Spiritus</strong></span> <span class='ocrx_word' id='word_1_332' title='bbox 502 2769 600 2823; x_wconf 83' lang='lat' dir='ltr'><strong>sancti.</strong></span> <span class='ocrx_word' id='word_1_333' title='bbox 614 2770 694 2839; x_wconf 73' lang='lat' dir='ltr'><strong>iuxta</strong></span> <span class='ocrx_word' id='word_1_334' title='bbox 710 2769 783 2839; x_wconf 85' lang='lat' dir='ltr'><strong>quod</strong></span> <span class='ocrx_word' id='word_1_335' title='bbox 826 2769 991 2840; x_wconf 86' lang='lat' dir='ltr'><strong>spiritaliter</strong></span> <span class='ocrx_word' id='word_1_336' title='bbox 1000 2767 1100 2821; x_wconf 89' lang='lat' dir='ltr'><strong>debeat</strong></span> <span class='ocrx_word' id='word_1_337' title='bbox 1111 2765 1239 2836; x_wconf 83' lang='lat' dir='ltr'><strong>intelligi.</strong></span> <span class='ocrx_word' id='word_1_338' title='bbox 1253 2770 1338 2833; x_wconf 88' lang='lat' dir='ltr'><strong>atque</strong></span> <span class='ocrx_word' id='word_1_339' title='bbox 1348 2765 1388 2819; x_wconf 86' lang='lat' dir='ltr'><strong>ila</strong></span> <span class='ocrx_word' id='word_1_340' title='bbox 1400 2765 1568 2818; x_wconf 78' lang='lat' dir='ltr'><strong>reformatus</strong></span> <span class='ocrx_word' id='word_1_341' title='bbox 1583 2768 1627 2819; x_wconf 84' lang='lat' dir='ltr'><strong>est</strong></span> 
     </span>
     <span class='ocr_line' id='line_1_30' title="bbox 109 2848 1626 2923; baseline 0 -18"><span class='ocrx_word' id='word_1_342' title='bbox 109 2848 167 2905; x_wconf 85' lang='lat' dir='ltr'><strong>tlibi</strong></span> <span class='ocrx_word' id='word_1_343' title='bbox 191 2870 197 2906; x_wconf 87' lang='grc'>;</span> <span class='ocrx_word' id='word_1_344' title='bbox 216 2852 356 2921; x_wconf 83' lang='lat' dir='ltr'><strong>Templum</strong></span> <span class='ocrx_word' id='word_1_345' title='bbox 372 2855 418 2907; x_wconf 82' lang='lat' dir='ltr'><strong>lm</strong></span> <span class='ocrx_word' id='word_1_346' title='bbox 435 2860 564 2908; x_wconf 75' lang='lat' dir='ltr'><strong>carectum</strong></span> <span class='ocrx_word' id='word_1_347' title='bbox 575 2860 622 2916; x_wconf 85' lang='lat' dir='ltr'><strong>ert,</strong></span> <span class='ocrx_word' id='word_1_348' title='bbox 634 2858 707 2923; x_wconf 82' lang='lat' dir='ltr'><strong>qrrod</strong></span> <span class='ocrx_word' id='word_1_349' title='bbox 721 2861 784 2908; x_wconf 82' lang='lat' dir='ltr'><strong>erlis</strong></span> <span class='ocrx_word' id='word_1_350' title='bbox 825 2857 853 2911; x_wconf 92' lang='lat' dir='ltr'><strong>in</strong></span> <span class='ocrx_word' id='word_1_351' title='bbox 870 2858 1101 2912; x_wconf 77' lang='lat' dir='ltr'><strong>novitatesensus</strong></span> <span class='ocrx_word' id='word_1_352' title='bbox 1111 2855 1238 2909; x_wconf 79' lang='lat' dir='ltr'><strong>suidam</strong></span> <span class='ocrx_word' id='word_1_353' title='bbox 1250 2852 1362 2906; x_wconf 88' lang='lat' dir='ltr'><strong>amissis</strong></span> <span class='ocrx_word' id='word_1_354' title='bbox 1377 2850 1626 2906; x_wconf 84' lang='lat' dir='ltr'><strong>tenebriscarnalis</strong></span> 
     </span>
     <span class='ocr_line' id='line_1_31' title="bbox 109 2939 1622 3015; baseline -0.001 -22"><span class='ocrx_word' id='word_1_355' title='bbox 109 2952 137 2993; x_wconf 70' lang='lat' dir='ltr'><strong>ir.</strong></span> <span class='ocrx_word' id='word_1_356' title='bbox 155 2944 203 3007; x_wconf 63' lang='grc' dir='ltr'><strong>ιιι),</strong></span> <span class='ocrx_word' id='word_1_357' title='bbox 227 2941 261 2994; x_wconf 84' lang='lat' dir='ltr'><strong>Et</strong></span> <span class='ocrx_word' id='word_1_358' title='bbox 282 2959 401 2995; x_wconf 86' lang='lat' dir='ltr'><strong>rursus:</strong></span> <span class='ocrx_word' id='word_1_359' title='bbox 429 2942 541 2996; x_wconf 80' lang='lat' dir='ltr'><strong>Nescitis</strong></span> <span class='ocrx_word' id='word_1_360' title='bbox 567 2947 634 3011; x_wconf 84' lang='lat' dir='ltr'><strong>quio</strong></span> <span class='ocrx_word' id='word_1_361' title='bbox 660 2945 783 2997; x_wconf 85' lang='lat' dir='ltr'><strong>membra</strong></span> <span class='ocrx_word' id='word_1_362' title='bbox 824 2944 1058 3015; x_wconf 75' lang='lat' dir='ltr'><strong>intelligentiaeud</strong></span> <span class='ocrx_word' id='word_1_363' title='bbox 1072 2944 1193 2996; x_wconf 80' lang='lat' dir='ltr'><strong>fructum</strong></span> <span class='ocrx_word' id='word_1_364' title='bbox 1204 2941 1316 2995; x_wconf 88' lang='lat' dir='ltr'><strong>transiit</strong></span> <span class='ocrx_word' id='word_1_365' title='bbox 1326 2939 1622 3011; x_wconf 77' lang='lat' dir='ltr'><strong>spiritalisalleguriae.</strong></span> 
     </span>
     <span class='ocr_line' id='line_1_32' title="bbox 109 3026 1625 3103; baseline -0.001 -21"><span class='ocrx_word' id='word_1_366' title='bbox 109 3033 219 3096; x_wconf 84' lang='lat' dir='ltr'><strong>mptum</strong></span> <span class='ocrx_word' id='word_1_367' title='bbox 243 3035 308 3082; x_wconf 83' lang='lat' dir='ltr'><strong>sunt</strong></span> <span class='ocrx_word' id='word_1_368' title='bbox 333 3030 456 3098; x_wconf 80' lang='lat' dir='ltr'><strong>Spiritus</strong></span> <span class='ocrx_word' id='word_1_369' title='bbox 471 3035 584 3084; x_wconf 78' lang='lat' dir='ltr'><strong>sorceti?</strong></span> <span class='ocrx_word' id='word_1_370' title='bbox 605 3033 631 3103; x_wconf 91' lang='lat' dir='ltr'><strong>(l</strong></span> <span class='ocrx_word' id='word_1_371' title='bbox 654 3034 705 3086; x_wconf 79' lang='lat' dir='ltr'><strong>tor</strong></span> <span class='ocrx_word' id='word_1_372' title='bbox 733 3045 780 3093; x_wconf 79' lang='lat' dir='ltr'><strong>vr.)</strong></span> <span class='ocrx_word' id='word_1_373' title='bbox 792 3029 815 3090; x_wconf 84' lang='lat' dir='ltr'>G</span> <span class='ocrx_word' id='word_1_374' title='bbox 826 3034 870 3088; x_wconf 90' lang='lat' dir='ltr'><strong>Sic</strong></span> <span class='ocrx_word' id='word_1_375' title='bbox 882 3033 1094 3103; x_wconf 87' lang='lat' dir='ltr'><strong>intelligendum</strong></span> <span class='ocrx_word' id='word_1_376' title='bbox 1104 3038 1132 3085; x_wconf 92' lang='lat' dir='ltr'><strong>et</strong></span> <span class='ocrx_word' id='word_1_377' title='bbox 1142 3031 1176 3084; x_wconf 90' lang='lat' dir='ltr'><strong>de</strong></span> <span class='ocrx_word' id='word_1_378' title='bbox 1192 3030 1234 3083; x_wconf 86' lang='lat' dir='ltr'><strong>his</strong></span> <span class='ocrx_word' id='word_1_379' title='bbox 1246 3029 1303 3100; x_wconf 85' lang='lat' dir='ltr'><strong>qui,</strong></span> <span class='ocrx_word' id='word_1_380' title='bbox 1313 3029 1414 3100; x_wconf 90' lang='lat' dir='ltr'><strong>spretis</strong></span> <span class='ocrx_word' id='word_1_381' title='bbox 1428 3026 1512 3090; x_wconf 79' lang='lat' dir='ltr'><strong>vitiis,</strong></span> <span class='ocrx_word' id='word_1_382' title='bbox 1528 3026 1625 3084; x_wconf 76' lang='lat' dir='ltr'><strong>advir-</strong></span> 
     </span>
     <span class='ocr_line' id='line_1_33' title="bbox 117 3114 1624 3190; baseline -0.001 -18"><span class='ocrx_word' id='word_1_383' title='bbox 117 3132 184 3187; x_wconf 84' lang='lat' dir='ltr'><strong>ergo</strong></span> <span class='ocrx_word' id='word_1_384' title='bbox 196 3126 293 3171; x_wconf 83' lang='lat' dir='ltr'><strong>sancta</strong></span> <span class='ocrx_word' id='word_1_385' title='bbox 301 3135 361 3172; x_wconf 85' lang='lat' dir='ltr'><strong>esse</strong></span> <span class='ocrx_word' id='word_1_386' title='bbox 371 3134 499 3190; x_wconf 87' lang='lat' dir='ltr'><strong>corpora,</strong></span> <span class='ocrx_word' id='word_1_387' title='bbox 516 3136 577 3189; x_wconf 69' lang='lat' dir='ltr'><strong>quae</strong></span> <span class='ocrx_word' id='word_1_388' title='bbox 592 3121 641 3173; x_wconf 90' lang='lat' dir='ltr'><strong>Dei</strong></span> <span class='ocrx_word' id='word_1_389' title='bbox 653 3124 719 3173; x_wconf 90' lang='lat' dir='ltr'><strong>sunt</strong></span> <span class='ocrx_word' id='word_1_390' title='bbox 735 3120 782 3173; x_wconf 86' lang='lat' dir='ltr'><strong>ha·</strong></span> <span class='ocrx_word' id='word_1_391' title='bbox 823 3125 897 3175; x_wconf 89' lang='lat' dir='ltr'><strong>tutes</strong></span> <span class='ocrx_word' id='word_1_392' title='bbox 912 3126 1068 3180; x_wconf 81' lang='lat' dir='ltr'><strong>transeunt,</strong></span> <span class='ocrx_word' id='word_1_393' title='bbox 1078 3125 1106 3172; x_wconf 91' lang='lat' dir='ltr'><strong>et</strong></span> <span class='ocrx_word' id='word_1_394' title='bbox 1116 3117 1183 3171; x_wconf 81' lang='lat' dir='ltr'><strong>clurn</strong></span> <span class='ocrx_word' id='word_1_395' title='bbox 1200 3117 1352 3188; x_wconf 85' lang='lat' dir='ltr'><strong>proliciunt</strong></span> <span class='ocrx_word' id='word_1_396' title='bbox 1365 3116 1400 3171; x_wconf 88' lang='lat' dir='ltr'><strong>de</strong></span> <span class='ocrx_word' id='word_1_397' title='bbox 1415 3117 1518 3170; x_wconf 77' lang='lat' dir='ltr'><strong>virtute</strong></span> <span class='ocrx_word' id='word_1_398' title='bbox 1529 3115 1558 3169; x_wconf 93' lang='lat' dir='ltr'><strong>in</strong></span> <span class='ocrx_word' id='word_1_399' title='bbox 1571 3114 1624 3170; x_wconf 87' lang='lat' dir='ltr'><strong>vlr-</strong></span> 
     </span>
     <span class='ocr_line' id='line_1_34' title="bbox 112 3204 1623 3278; baseline 0 -20"><span class='ocrx_word' id='word_1_400' title='bbox 112 3247 118 3258; x_wconf 93' lang='lat'>.</span> <span class='ocrx_word' id='word_1_401' title='bbox 138 3206 195 3259; x_wconf 89' lang='lat' dir='ltr'><strong>Deo</strong></span> <span class='ocrx_word' id='word_1_402' title='bbox 211 3208 377 3275; x_wconf 83' lang='lat' dir='ltr'><strong>placentem,</strong></span> <span class='ocrx_word' id='word_1_403' title='bbox 396 3207 421 3260; x_wconf 93' lang='lat' dir='ltr'><strong>id</strong></span> <span class='ocrx_word' id='word_1_404' title='bbox 439 3215 482 3260; x_wconf 88' lang='lat' dir='ltr'><strong>est</strong></span> <span class='ocrx_word' id='word_1_405' title='bbox 496 3223 513 3260; x_wconf 89' lang='lat' dir='ltr'><strong>a</strong></span> <span class='ocrx_word' id='word_1_406' title='bbox 528 3207 601 3261; x_wconf 84' lang='lat' dir='ltr'><strong>vitiis</strong></span> <span class='ocrx_word' id='word_1_407' title='bbox 620 3218 648 3261; x_wconf 89' lang='lat' dir='ltr'><strong>et</strong></span> <span class='ocrx_word' id='word_1_408' title='bbox 663 3209 782 3278; x_wconf 90' lang='lat' dir='ltr'><strong>peccatis</strong></span> <span class='ocrx_word' id='word_1_409' title='bbox 825 3214 923 3268; x_wconf 78' lang='lat' dir='ltr'><strong>tutem.</strong></span> <span class='ocrx_word' id='word_1_410' title='bbox 935 3207 1058 3278; x_wconf 88' lang='lat' dir='ltr'><strong>quotidie</strong></span> <span class='ocrx_word' id='word_1_411' title='bbox 1069 3207 1239 3259; x_wconf 83' lang='lat' dir='ltr'><strong>innovantur</strong></span> <span class='ocrx_word' id='word_1_412' title='bbox 1250 3222 1257 3258; x_wconf 73' lang='grc' dir='ltr'>ι</span> <span class='ocrx_word' id='word_1_413' title='bbox 1270 3206 1301 3259; x_wconf 88' lang='lat' dir='ltr'><strong>ul</strong></span> <span class='ocrx_word' id='word_1_414' title='bbox 1315 3204 1434 3273; x_wconf 82' lang='lat' dir='ltr'><strong>probetis</strong></span> <span class='ocrx_word' id='word_1_415' title='bbox 1449 3220 1508 3273; x_wconf 77' lang='lat' dir='ltr'><strong>qua</strong></span> <span class='ocrx_word' id='word_1_416' title='bbox 1525 3205 1561 3257; x_wconf 81' lang='lat' dir='ltr'><strong>sit</strong></span> <span class='ocrx_word' id='word_1_417' title='bbox 1576 3220 1623 3258; x_wconf 85' lang='lat' dir='ltr'><strong>uo·</strong></span> 
     </span>
     <span class='ocr_line' id='line_1_35' title="bbox 109 3291 1625 3366; baseline 0.001 -20"><span class='ocrx_word' id='word_1_418' title='bbox 109 3308 154 3354; x_wconf 83' lang='lat' dir='ltr'><strong>rm,</strong></span> <span class='ocrx_word' id='word_1_419' title='bbox 172 3295 292 3364; x_wconf 90' lang='lat' dir='ltr'><strong>quiaqui</strong></span> <span class='ocrx_word' id='word_1_420' title='bbox 302 3295 374 3347; x_wconf 88' lang='lat' dir='ltr'><strong>vitiis</strong></span> <span class='ocrx_word' id='word_1_421' title='bbox 388 3312 417 3348; x_wconf 87' lang='lat' dir='ltr'><strong>se</strong></span> <span class='ocrx_word' id='word_1_422' title='bbox 437 3295 577 3350; x_wconf 89' lang='lat' dir='ltr'><strong>subtrabit</strong></span> <span class='ocrx_word' id='word_1_423' title='bbox 591 3304 619 3350; x_wconf 92' lang='lat' dir='ltr'><strong>et</strong></span> <span class='ocrx_word' id='word_1_424' title='bbox 634 3296 782 3350; x_wconf 90' lang='lat' dir='ltr'><strong>virtutibus</strong></span> <span class='ocrx_word' id='word_1_425' title='bbox 825 3299 918 3350; x_wconf 78' lang='lat' dir='ltr'><strong>tuntas</strong></span> <span class='ocrx_word' id='word_1_426' title='bbox 932 3298 981 3350; x_wconf 77' lang='lat' dir='ltr'><strong>llet</strong></span> <span class='ocrx_word' id='word_1_427' title='bbox 993 3315 1001 3349; x_wconf 88' lang='lat'><strong>.·</strong></span> <span class='ocrx_word' id='word_1_428' title='bbox 1014 3295 1061 3366; x_wconf 90' lang='lat' dir='ltr'><strong>qui</strong></span> <span class='ocrx_word' id='word_1_429' title='bbox 1083 3311 1177 3349; x_wconf 91' lang='lat' dir='ltr'><strong>sacras</strong></span> <span class='ocrx_word' id='word_1_430' title='bbox 1196 3293 1355 3364; x_wconf 85' lang='lat' dir='ltr'><strong>Scripturas</strong></span> <span class='ocrx_word' id='word_1_431' title='bbox 1370 3291 1471 3347; x_wconf 80' lang='lat' dir='ltr'><strong>saeculo</strong></span> <span class='ocrx_word' id='word_1_432' title='bbox 1485 3291 1563 3363; x_wconf 83' lang='lat' dir='ltr'><strong>legit,</strong></span> <span class='ocrx_word' id='word_1_433' title='bbox 1577 3291 1625 3347; x_wconf 86' lang='lat' dir='ltr'><strong>ille</strong></span> 
     </span>
     <span class='ocr_line' id='line_1_36' title="bbox 109 3378 1622 3456; baseline 0.001 -23"><span class='ocrx_word' id='word_1_434' title='bbox 109 3390 132 3439; x_wconf 80' lang='lat' dir='ltr'><strong>r.</strong></span> <span class='ocrx_word' id='word_1_435' title='bbox 148 3380 204 3434; x_wconf 88' lang='lat' dir='ltr'><strong>Deo</strong></span> <span class='ocrx_word' id='word_1_436' title='bbox 226 3382 323 3450; x_wconf 90' lang='lat' dir='ltr'><strong>utique</strong></span> <span class='ocrx_word' id='word_1_437' title='bbox 346 3382 443 3451; x_wconf 89' lang='lat' dir='ltr'><strong>placet.</strong></span> <span class='ocrx_word' id='word_1_438' title='bbox 462 3383 637 3437; x_wconf 85' lang='lat' dir='ltr'><strong>Rationabile</strong></span> <span class='ocrx_word' id='word_1_439' title='bbox 652 3382 690 3436; x_wconf 91' lang='lat' dir='ltr'><strong>sit</strong></span> <span class='ocrx_word' id='word_1_440' title='bbox 703 3382 783 3435; x_wconf 88' lang='lat' dir='ltr'><strong>obse·</strong></span> <span class='ocrx_word' id='word_1_441' title='bbox 825 3384 931 3439; x_wconf 84' lang='lat' dir='ltr'><strong>invenit</strong></span> <span class='ocrx_word' id='word_1_442' title='bbox 949 3392 1010 3456; x_wconf 83' lang='lat' dir='ltr'><strong>qitae</strong></span> <span class='ocrx_word' id='word_1_443' title='bbox 1025 3385 1063 3438; x_wconf 86' lang='lat' dir='ltr'><strong>sit</strong></span> <span class='ocrx_word' id='word_1_444' title='bbox 1077 3384 1204 3437; x_wconf 85' lang='lat' dir='ltr'><strong>voluntas</strong></span> <span class='ocrx_word' id='word_1_445' title='bbox 1218 3382 1277 3447; x_wconf 88' lang='lat' dir='ltr'><strong>Dei,</strong></span> <span class='ocrx_word' id='word_1_446' title='bbox 1295 3379 1321 3435; x_wconf 88' lang='lat' dir='ltr'><strong>id</strong></span> <span class='ocrx_word' id='word_1_447' title='bbox 1337 3384 1380 3436; x_wconf 88' lang='lat' dir='ltr'><strong>est</strong></span> <span class='ocrx_word' id='word_1_448' title='bbox 1396 3378 1461 3452; x_wconf 91' lang='lat' dir='ltr'><strong>quid</strong></span> <span class='ocrx_word' id='word_1_449' title='bbox 1484 3380 1540 3434; x_wconf 82' lang='lat' dir='ltr'><strong>lleo</strong></span> <span class='ocrx_word' id='word_1_450' title='bbox 1560 3378 1622 3452; x_wconf 77' lang='lat' dir='ltr'><strong>pla·</strong></span> 
     </span>
     <span class='ocr_line' id='line_1_37' title="bbox 109 3468 1618 3542; baseline -0.001 -19"><span class='ocrx_word' id='word_1_451' title='bbox 109 3469 402 3539; x_wconf 71' lang='lat' dir='ltr'><strong>&#39;estrumObsequiurn</strong></span> <span class='ocrx_word' id='word_1_452' title='bbox 418 3473 527 3541; x_wconf 86' lang='lat' dir='ltr'><strong>proprie</strong></span> <span class='ocrx_word' id='word_1_453' title='bbox 538 3470 782 3525; x_wconf 87' lang='lat' dir='ltr'><strong>dicittn·obedien-</strong></span> <span class='ocrx_word' id='word_1_454' title='bbox 823 3481 893 3536; x_wconf 85' lang='lat' dir='ltr'><strong>ceat,</strong></span> <span class='ocrx_word' id='word_1_455' title='bbox 907 3472 1007 3542; x_wconf 86' lang='lat' dir='ltr'><strong>quidve</strong></span> <span class='ocrx_word' id='word_1_456' title='bbox 1026 3471 1181 3541; x_wconf 78' lang='lat' dir='ltr'><strong>displiceat.</strong></span> <span class='ocrx_word' id='word_1_457' title='bbox 1202 3469 1245 3523; x_wconf 82' lang='lat' dir='ltr'><strong>vel</strong></span> <span class='ocrx_word' id='word_1_458' title='bbox 1261 3468 1401 3539; x_wconf 90' lang='lat' dir='ltr'><strong>quomodo</strong></span> <span class='ocrx_word' id='word_1_459' title='bbox 1415 3469 1542 3522; x_wconf 82' lang='lat' dir='ltr'><strong>voluntas</strong></span> <span class='ocrx_word' id='word_1_460' title='bbox 1558 3468 1618 3538; x_wconf 87' lang='lat' dir='ltr'><strong>ejus</strong></span> 
     </span>
     <span class='ocr_line' id='line_1_38' title="bbox 109 3554 1622 3631; baseline 0 -20"><span class='ocrx_word' id='word_1_461' title='bbox 109 3572 126 3611; x_wconf 88' lang='lat'><strong>0</strong></span> <span class='ocrx_word' id='word_1_462' title='bbox 138 3557 220 3611; x_wconf 84' lang='lat' dir='ltr'><strong>verbo</strong></span> <span class='ocrx_word' id='word_1_463' title='bbox 240 3559 312 3628; x_wconf 92' lang='lat' dir='ltr'><strong>quod</strong></span> <span class='ocrx_word' id='word_1_464' title='bbox 329 3566 370 3611; x_wconf 87' lang='lat' dir='ltr'><strong>est</strong></span> <span class='ocrx_word' id='word_1_465' title='bbox 384 3557 531 3630; x_wconf 83' lang='lat' dir='ltr'><strong>obsequor,</strong></span> <span class='ocrx_word' id='word_1_466' title='bbox 547 3561 595 3612; x_wconf 90' lang='lat' dir='ltr'><strong>sed</strong></span> <span class='ocrx_word' id='word_1_467' title='bbox 606 3560 650 3612; x_wconf 94' lang='lat' dir='ltr'><strong>hic</strong></span> <span class='ocrx_word' id='word_1_468' title='bbox 661 3558 695 3612; x_wconf 88' lang='lat' dir='ltr'><strong>ab</strong></span> <span class='ocrx_word' id='word_1_469' title='bbox 706 3562 781 3629; x_wconf 76' lang='lat' dir='ltr'><strong>ilpo-</strong></span> <span class='ocrx_word' id='word_1_470' title='bbox 822 3561 931 3631; x_wconf 91' lang='lat' dir='ltr'><strong>impleri</strong></span> <span class='ocrx_word' id='word_1_471' title='bbox 940 3561 1028 3631; x_wconf 88' lang='lat' dir='ltr'><strong>possit</strong></span> <span class='ocrx_word' id='word_1_472' title='bbox 1052 3559 1083 3613; x_wconf 92' lang='lat' dir='ltr'><strong>ln</strong></span> <span class='ocrx_word' id='word_1_473' title='bbox 1093 3557 1223 3613; x_wconf 88' lang='lat' dir='ltr'><strong>omnibus</strong></span> <span class='ocrx_word' id='word_1_474' title='bbox 1233 3557 1337 3612; x_wconf 90' lang='lat' dir='ltr'><strong>etenim</strong></span> <span class='ocrx_word' id='word_1_475' title='bbox 1349 3554 1507 3610; x_wconf 89' lang='lat' dir='ltr'><strong>actionibus</strong></span> <span class='ocrx_word' id='word_1_476' title='bbox 1518 3556 1622 3611; x_wconf 86' lang='lat' dir='ltr'><strong>nostris</strong></span> 
     </span>
     <span class='ocr_line' id='line_1_39' title="bbox 109 3642 1623 3718; baseline -0.001 -19"><span class='ocrx_word' id='word_1_477' title='bbox 109 3646 205 3700; x_wconf 87' lang='lat' dir='ltr'><strong>ccultu</strong></span> <span class='ocrx_word' id='word_1_478' title='bbox 220 3648 319 3699; x_wconf 77' lang='lat' dir='ltr'><strong>dirime</strong></span> <span class='ocrx_word' id='word_1_479' title='bbox 335 3647 477 3715; x_wconf 76' lang='lat' dir='ltr'><strong>religionis</strong></span> <span class='ocrx_word' id='word_1_480' title='bbox 490 3648 612 3717; x_wconf 82' lang='lat' dir='ltr'><strong>ponitur,</strong></span> <span class='ocrx_word' id='word_1_481' title='bbox 625 3649 697 3718; x_wconf 89' lang='lat' dir='ltr'><strong>quod</strong></span> <span class='ocrx_word' id='word_1_482' title='bbox 714 3647 779 3701; x_wconf 91' lang='lat' dir='ltr'><strong>olim</strong></span> <span class='ocrx_word' id='word_1_483' title='bbox 822 3648 955 3702; x_wconf 90' lang='lat' dir='ltr'><strong>debemus</strong></span> <span class='ocrx_word' id='word_1_484' title='bbox 969 3647 1142 3718; x_wconf 86' lang='lat' dir='ltr'><strong>perpendere</strong></span> <span class='ocrx_word' id='word_1_485' title='bbox 1158 3653 1253 3699; x_wconf 87' lang='lat' dir='ltr'><strong>utrum</strong></span> <span class='ocrx_word' id='word_1_486' title='bbox 1266 3645 1321 3699; x_wconf 87' lang='lat' dir='ltr'><strong>Deo</strong></span> <span class='ocrx_word' id='word_1_487' title='bbox 1335 3642 1450 3713; x_wconf 81' lang='lat' dir='ltr'><strong>accepta</strong></span> <span class='ocrx_word' id='word_1_488' title='bbox 1464 3644 1522 3697; x_wconf 90' lang='lat' dir='ltr'><strong>siut</strong></span> <span class='ocrx_word' id='word_1_489' title='bbox 1538 3646 1623 3712; x_wconf 79' lang='lat' dir='ltr'><strong>opera</strong></span> 
     </span>
     <span class='ocr_line' id='line_1_40' title="bbox 109 3728 1620 3806; baseline -0.003 -17"><span class='ocrx_word' id='word_1_490' title='bbox 109 3734 174 3789; x_wconf 75' lang='lat' dir='ltr'><strong>laeos</strong></span> <span class='ocrx_word' id='word_1_491' title='bbox 189 3735 591 3805; x_wconf 86' lang='lat' dir='ltr'><strong>quodammodoirrationabile</strong></span> <span class='ocrx_word' id='word_1_492' title='bbox 601 3735 780 3804; x_wconf 76' lang='lat' dir='ltr'><strong>luitquando</strong></span> <span class='ocrx_word' id='word_1_493' title='bbox 822 3750 883 3806; x_wconf 78' lang='lat' dir='ltr'><strong>quae</strong></span> <span class='ocrx_word' id='word_1_494' title='bbox 897 3737 1110 3804; x_wconf 85' lang='lat' dir='ltr'><strong>agirnusannon</strong></span> <span class='ocrx_word' id='word_1_495' title='bbox 1128 3752 1134 3786; x_wconf 96' lang='lat'><strong>:</strong></span> <span class='ocrx_word' id='word_1_496' title='bbox 1151 3733 1481 3802; x_wconf 77' lang='lat' dir='ltr'><strong>bonc,ctbcncplacens.cl</strong></span> <span class='ocrx_word' id='word_1_497' title='bbox 1490 3728 1620 3800; x_wconf 72' lang='lat' dir='ltr'><strong>perfectu.</strong></span> 
     </span>
     <span class='ocr_line' id='line_1_41' title="bbox 111 3819 1622 3896; baseline -0.001 -21"><span class='ocrx_word' id='word_1_498' title='bbox 111 3822 260 3876; x_wconf 85' lang='lat' dir='ltr'><strong>tinrisibili</strong></span> <span class='ocrx_word' id='word_1_499' title='bbox 272 3830 300 3876; x_wconf 84' lang='lat' dir='ltr'><strong>et</strong></span> <span class='ocrx_word' id='word_1_500' title='bbox 310 3825 475 3893; x_wconf 90' lang='lat' dir='ltr'><strong>incorporeo</strong></span> <span class='ocrx_word' id='word_1_501' title='bbox 488 3826 543 3877; x_wconf 85' lang='lat' dir='ltr'><strong>lteo</strong></span> <span class='ocrx_word' id='word_1_502' title='bbox 558 3840 608 3894; x_wconf 91' lang='lat' dir='ltr'><strong>per</strong></span> <span class='ocrx_word' id='word_1_503' title='bbox 621 3824 780 3896; x_wconf 85' lang='lat' dir='ltr'><strong>corporales</strong></span> <span class='ocrx_word' id='word_1_504' title='bbox 822 3824 899 3878; x_wconf 90' lang='lat' dir='ltr'><strong>Bona</strong></span> <span class='ocrx_word' id='word_1_505' title='bbox 914 3822 1042 3877; x_wconf 85' lang='lat' dir='ltr'><strong>voluutas</strong></span> <span class='ocrx_word' id='word_1_506' title='bbox 1056 3822 1156 3876; x_wconf 77' lang='lat' dir='ltr'><strong>[retest</strong></span> <span class='ocrx_word' id='word_1_507' title='bbox 1172 3822 1237 3892; x_wconf 90' lang='lat' dir='ltr'><strong>quin</strong></span> <span class='ocrx_word' id='word_1_508' title='bbox 1252 3819 1481 3895; x_wconf 6' lang='lat' dir='ltr'><strong>bonapdesiderat</strong></span> <span class='ocrx_word' id='word_1_509' title='bbox 1496 3821 1622 3891; x_wconf 80' lang='lat' dir='ltr'><strong>senipe&#39;r3</strong></span> 
     </span>
     <span class='ocr_line' id='line_1_42' title="bbox 109 3907 1626 3983; baseline 0 -22"><span class='ocrx_word' id='word_1_510' title='bbox 109 3928 112 3961; x_wconf 80' lang='lat' dir='ltr'><strong>r</strong></span> <span class='ocrx_word' id='word_1_511' title='bbox 137 3917 167 3964; x_wconf 87' lang='lat' dir='ltr'><strong>et</strong></span> <span class='ocrx_word' id='word_1_512' title='bbox 191 3912 419 3980; x_wconf 84' lang='lat' dir='ltr'><strong>sanguinolentas</strong></span> <span class='ocrx_word' id='word_1_513' title='bbox 442 3929 472 3965; x_wconf 87' lang='lat' dir='ltr'><strong>se</strong></span> <span class='ocrx_word' id='word_1_514' title='bbox 492 3928 572 3981; x_wconf 87' lang='lat' dir='ltr'><strong>posse</strong></span> <span class='ocrx_word' id='word_1_515' title='bbox 587 3913 706 3981; x_wconf 85' lang='lat' dir='ltr'><strong>placere,</strong></span> <span class='ocrx_word' id='word_1_516' title='bbox 722 3919 780 3966; x_wconf 90' lang='lat' dir='ltr'><strong>eta</strong></span> <span class='ocrx_word' id='word_1_517' title='bbox 821 3908 1015 3983; x_wconf 85' lang='lat' dir='ltr'><strong>beneplacens,</strong></span> <span class='ocrx_word' id='word_1_518' title='bbox 1027 3911 1093 3980; x_wconf 88' lang='lat' dir='ltr'><strong>quia</strong></span> <span class='ocrx_word' id='word_1_519' title='bbox 1107 3909 1202 3964; x_wconf 91' lang='lat' dir='ltr'><strong>omnia</strong></span> <span class='ocrx_word' id='word_1_520' title='bbox 1215 3909 1288 3962; x_wconf 88' lang='lat' dir='ltr'><strong>bona</strong></span> <span class='ocrx_word' id='word_1_521' title='bbox 1302 3907 1405 3979; x_wconf 90' lang='lat' dir='ltr'><strong>placita</strong></span> <span class='ocrx_word' id='word_1_522' title='bbox 1418 3907 1540 3976; x_wconf 73' lang='lat' dir='ltr'><strong>saniei,</strong></span> <span class='ocrx_word' id='word_1_523' title='bbox 1562 3923 1626 3978; x_wconf 85' lang='lat' dir='ltr'><strong>per.</strong></span> 
     </span>
     <span class='ocr_line' id='line_1_43' title="bbox 115 3992 1623 4075; baseline -0.002 -23"><span class='ocrx_word' id='word_1_524' title='bbox 115 3999 243 4053; x_wconf 89' lang='lat' dir='ltr'><strong>mundari</strong></span> <span class='ocrx_word' id='word_1_525' title='bbox 263 4001 359 4070; x_wconf 82' lang='lat' dir='ltr'><strong>Neque</strong></span> <span class='ocrx_word' id='word_1_526' title='bbox 372 4000 445 4053; x_wconf 82' lang='lat' dir='ltr'><strong>enirn</strong></span> <span class='ocrx_word' id='word_1_527' title='bbox 460 4002 493 4055; x_wconf 92' lang='lat' dir='ltr'><strong>ad</strong></span> <span class='ocrx_word' id='word_1_528' title='bbox 510 4001 645 4054; x_wconf 90' lang='lat' dir='ltr'><strong>rationem</strong></span> <span class='ocrx_word' id='word_1_529' title='bbox 662 4001 781 4071; x_wconf 88' lang='lat' dir='ltr'><strong>pertinet</strong></span> <span class='ocrx_word' id='word_1_530' title='bbox 821 4001 902 4059; x_wconf 79' lang='lat' dir='ltr'><strong>lecta.</strong></span> <span class='ocrx_word' id='word_1_531' title='bbox 920 4000 985 4070; x_wconf 91' lang='lat' dir='ltr'><strong>quia</strong></span> <span class='ocrx_word' id='word_1_532' title='bbox 1001 3999 1069 4053; x_wconf 89' lang='lat' dir='ltr'><strong>nihil</strong></span> <span class='ocrx_word' id='word_1_533' title='bbox 1084 3998 1256 4068; x_wconf 88' lang='lat' dir='ltr'><strong>duplicitatis</strong></span> <span class='ocrx_word' id='word_1_534' title='bbox 1276 3998 1367 4068; x_wconf 87' lang='lat' dir='ltr'><strong>placet</strong></span> <span class='ocrx_word' id='word_1_535' title='bbox 1387 3996 1412 4049; x_wconf 92' lang='lat' dir='ltr'><strong>ei</strong></span> <span class='ocrx_word' id='word_1_536' title='bbox 1439 3992 1487 4075; x_wconf 84' lang='lat' dir='ltr'><strong>sed</strong></span> <span class='ocrx_word' id='word_1_537' title='bbox 1504 4012 1537 4049; x_wconf 90' lang='lat' dir='ltr'><strong>ea</strong></span> <span class='ocrx_word' id='word_1_538' title='bbox 1559 4009 1623 4073; x_wconf 77' lang='lat' dir='ltr'><strong>quae</strong></span> 
     </span>
     <span class='ocr_line' id='line_1_44' title="bbox 109 4072 1623 4158; baseline -0.001 -18"><span class='ocrx_word' id='word_1_539' title='bbox 109 4087 204 4141; x_wconf 84' lang='lat' dir='ltr'><strong>nabilis</strong></span> <span class='ocrx_word' id='word_1_540' title='bbox 216 4088 567 4158; x_wconf 76' lang='lat' dir='ltr'><strong>creaturaquaeestltorno.</strong></span> <span class='ocrx_word' id='word_1_541' title='bbox 578 4089 781 4144; x_wconf 84' lang='lat' dir='ltr'><strong>irrationabilia</strong></span> <span class='ocrx_word' id='word_1_542' title='bbox 821 4089 930 4143; x_wconf 89' lang='lat' dir='ltr'><strong>sincero</strong></span> <span class='ocrx_word' id='word_1_543' title='bbox 945 4088 1039 4142; x_wconf 89' lang='lat' dir='ltr'><strong>animo</strong></span> <span class='ocrx_word' id='word_1_544' title='bbox 1055 4088 1136 4140; x_wconf 81' lang='lat' dir='ltr'><strong>liunt.</strong></span> <span class='ocrx_word' id='word_1_545' title='bbox 1154 4086 1244 4140; x_wconf 80' lang='lat' dir='ltr'><strong>Aliter</strong></span> <span class='ocrx_word' id='word_1_546' title='bbox 1260 4105 1266 4138; x_wconf 90' lang='lat'><strong>:</strong></span> <span class='ocrx_word' id='word_1_547' title='bbox 1283 4084 1356 4138; x_wconf 89' lang='lat' dir='ltr'><strong>bona</strong></span> <span class='ocrx_word' id='word_1_548' title='bbox 1370 4084 1400 4137; x_wconf 91' lang='lat' dir='ltr'><strong>in</strong></span> <span class='ocrx_word' id='word_1_549' title='bbox 1412 4072 1477 4147; x_wconf 83' lang='lat' dir='ltr'><strong>lide,</strong></span> <span class='ocrx_word' id='word_1_550' title='bbox 1492 4076 1623 4156; x_wconf 84' lang='lat' dir='ltr'><strong>benepla-</strong></span> 
     </span>
     <span class='ocr_line' id='line_1_45' title="bbox 109 4166 1621 4248; baseline -0.001 -20"><span class='ocrx_word' id='word_1_551' title='bbox 109 4174 297 4245; x_wconf 74' lang='lat' dir='ltr'><strong>deratltaque</strong></span> <span class='ocrx_word' id='word_1_552' title='bbox 308 4177 481 4230; x_wconf 85' lang='lat' dir='ltr'><strong>mtionabilis</strong></span> <span class='ocrx_word' id='word_1_553' title='bbox 495 4179 589 4231; x_wconf 90' lang='lat' dir='ltr'><strong>cultus</strong></span> <span class='ocrx_word' id='word_1_554' title='bbox 608 4188 651 4230; x_wconf 88' lang='lat' dir='ltr'><strong>est</strong></span> <span class='ocrx_word' id='word_1_555' title='bbox 666 4181 696 4231; x_wconf 89' lang='lat' dir='ltr'><strong>ut</strong></span> <span class='ocrx_word' id='word_1_556' title='bbox 713 4178 778 4242; x_wconf 88' lang='lat' dir='ltr'><strong>Deo,</strong></span> <span class='ocrx_word' id='word_1_557' title='bbox 821 4195 887 4232; x_wconf 90' lang='lat' dir='ltr'><strong>cens</strong></span> <span class='ocrx_word' id='word_1_558' title='bbox 899 4178 928 4231; x_wconf 92' lang='lat' dir='ltr'><strong>in</strong></span> <span class='ocrx_word' id='word_1_559' title='bbox 941 4193 990 4248; x_wconf 85' lang='lat' dir='ltr'><strong>spe</strong></span> <span class='ocrx_word' id='word_1_560' title='bbox 1005 4176 1164 4230; x_wconf 83' lang='lat' dir='ltr'><strong>futurorum</strong></span> <span class='ocrx_word' id='word_1_561' title='bbox 1181 4174 1327 4235; x_wconf 85' lang='lat' dir='ltr'><strong>bonorum.</strong></span> <span class='ocrx_word' id='word_1_562' title='bbox 1347 4172 1471 4244; x_wconf 85' lang='lat' dir='ltr'><strong>perlecta</strong></span> <span class='ocrx_word' id='word_1_563' title='bbox 1484 4172 1513 4226; x_wconf 90' lang='lat' dir='ltr'><strong>iu</strong></span> <span class='ocrx_word' id='word_1_564' title='bbox 1526 4166 1621 4226; x_wconf 76' lang='lat' dir='ltr'><strong>chari·</strong></span> 
     </span>
     <span class='ocr_line' id='line_1_46' title="bbox 109 4254 1618 4334; baseline -0.002 -17"><span class='ocrx_word' id='word_1_565' title='bbox 109 4263 312 4334; x_wconf 82' lang='lat' dir='ltr'><strong>spiritus,rnens</strong></span> <span class='ocrx_word' id='word_1_566' title='bbox 322 4264 594 4325; x_wconf 80' lang='lat' dir='ltr'><strong>hominisolleratur.</strong></span> <span class='ocrx_word' id='word_1_567' title='bbox 612 4265 780 4318; x_wconf 83' lang='lat' dir='ltr'><strong>mortillcata</strong></span> <span class='ocrx_word' id='word_1_568' title='bbox 821 4274 889 4331; x_wconf 89' lang='lat' dir='ltr'><strong>tate,</strong></span> <span class='ocrx_word' id='word_1_569' title='bbox 906 4267 934 4321; x_wconf 92' lang='lat' dir='ltr'><strong>id</strong></span> <span class='ocrx_word' id='word_1_570' title='bbox 948 4269 991 4320; x_wconf 86' lang='lat' dir='ltr'><strong>est</strong></span> <span class='ocrx_word' id='word_1_571' title='bbox 1005 4265 1034 4319; x_wconf 93' lang='lat' dir='ltr'><strong>in</strong></span> <span class='ocrx_word' id='word_1_572' title='bbox 1048 4264 1097 4318; x_wconf 87' lang='lat' dir='ltr'><strong>Dei</strong></span> <span class='ocrx_word' id='word_1_573' title='bbox 1113 4263 1261 4317; x_wconf 88' lang='lat' dir='ltr'><strong>dilectione</strong></span> <span class='ocrx_word' id='word_1_574' title='bbox 1274 4269 1302 4317; x_wconf 89' lang='lat' dir='ltr'><strong>et</strong></span> <span class='ocrx_word' id='word_1_575' title='bbox 1314 4258 1444 4333; x_wconf 84' lang='lat' dir='ltr'><strong>proximi.</strong></span> <span class='ocrx_word' id='word_1_576' title='bbox 1462 4260 1527 4316; x_wconf 82' lang='lat' dir='ltr'><strong>llaec</strong></span> <span class='ocrx_word' id='word_1_577' title='bbox 1540 4254 1618 4315; x_wconf 85' lang='lat' dir='ltr'><strong>enim</strong></span> 
     </span>
     <span class='ocr_line' id='line_1_47' title="bbox 110 4340 1623 4423; baseline 0 -19"><span class='ocrx_word' id='word_1_578' title='bbox 110 4351 417 4421; x_wconf 85' lang='lat' dir='ltr'><strong>Quandocunqueenim</strong></span> <span class='ocrx_word' id='word_1_579' title='bbox 431 4353 495 4405; x_wconf 86' lang='lat' dir='ltr'><strong>vitia</strong></span> <span class='ocrx_word' id='word_1_580' title='bbox 512 4353 604 4405; x_wconf 89' lang='lat' dir='ltr'><strong>carnis</strong></span> <span class='ocrx_word' id='word_1_581' title='bbox 616 4357 643 4406; x_wconf 89' lang='lat' dir='ltr'><strong>et</strong></span> <span class='ocrx_word' id='word_1_582' title='bbox 659 4340 877 4411; x_wconf 80' lang='lat' dir='ltr'><strong>recidiraDtria</strong></span> <span class='ocrx_word' id='word_1_583' title='bbox 892 4356 1063 4410; x_wconf 80' lang='lat' dir='ltr'><strong>voluntatem</strong></span> <span class='ocrx_word' id='word_1_584' title='bbox 1087 4352 1135 4406; x_wconf 75' lang='lat' dir='ltr'><strong>liei</strong></span> <span class='ocrx_word' id='word_1_585' title='bbox 1157 4350 1314 4423; x_wconf 89' lang='lat' dir='ltr'><strong>perllciimt.</strong></span> <span class='ocrx_word' id='word_1_586' title='bbox 1338 4349 1401 4405; x_wconf 84' lang='lat' dir='ltr'><strong>Sive</strong></span> <span class='ocrx_word' id='word_1_587' title='bbox 1427 4349 1509 4404; x_wconf 86' lang='lat' dir='ltr'><strong>aliter</strong></span> <span class='ocrx_word' id='word_1_588' title='bbox 1525 4368 1530 4403; x_wconf 93' lang='lat'><strong>:</strong></span> <span class='ocrx_word' id='word_1_589' title='bbox 1548 4345 1623 4404; x_wconf 81' lang='lat' dir='ltr'><strong>beria</strong></span> 
     </span>
     <span class='ocr_line' id='line_1_48' title="bbox 111 4426 1621 4512; baseline 0 -20"><span class='ocrx_word' id='word_1_590' title='bbox 111 4440 139 4494; x_wconf 91' lang='lat' dir='ltr'><strong>in</strong></span> <span class='ocrx_word' id='word_1_591' title='bbox 155 4440 234 4493; x_wconf 87' lang='lat' dir='ltr'><strong>nobis</strong></span> <span class='ocrx_word' id='word_1_592' title='bbox 245 4441 454 4506; x_wconf 74' lang='lat' dir='ltr'><strong>mortificamus,</strong></span> <span class='ocrx_word' id='word_1_593' title='bbox 473 4441 678 4511; x_wconf 80' lang='lat' dir='ltr'><strong>virtutibusque</strong></span> <span class='ocrx_word' id='word_1_594' title='bbox 695 4442 779 4512; x_wconf 87' lang='lat' dir='ltr'><strong>polle·</strong></span> <span class='ocrx_word' id='word_1_595' title='bbox 821 4446 948 4499; x_wconf 80' lang='lat' dir='ltr'><strong>voluntas</strong></span> <span class='ocrx_word' id='word_1_596' title='bbox 964 4442 1101 4497; x_wconf 88' lang='lat' dir='ltr'><strong>Deiestin</strong></span> <span class='ocrx_word' id='word_1_597' title='bbox 1115 4426 1621 4511; x_wconf 79' lang='lat' dir='ltr'><strong>conjugatis.beneptacensinviduis,</strong></span> 
     </span>
     <span class='ocr_line' id='line_1_49' title="bbox 109 4523 1620 4605; baseline -0.003 -22"><span class='ocrx_word' id='word_1_598' title='bbox 109 4527 219 4583; x_wconf 74' lang='lat' dir='ltr'><strong>tiatira</strong></span> <span class='ocrx_word' id='word_1_599' title='bbox 229 4530 646 4598; x_wconf 84' lang='lat' dir='ltr'><strong>atquerationabilisefficimur.</strong></span> <span class='ocrx_word' id='word_1_600' title='bbox 660 4531 713 4584; x_wconf 88' lang='lat' dir='ltr'><strong>Sed</strong></span> <span class='ocrx_word' id='word_1_601' title='bbox 725 4530 779 4583; x_wconf 89' lang='lat' dir='ltr'><strong>lor·</strong></span> <span class='ocrx_word' id='word_1_602' title='bbox 820 4532 942 4605; x_wconf 85' lang='lat' dir='ltr'><strong>perfecta</strong></span> <span class='ocrx_word' id='word_1_603' title='bbox 956 4533 985 4585; x_wconf 91' lang='lat' dir='ltr'><strong>in</strong></span> <span class='ocrx_word' id='word_1_604' title='bbox 1000 4529 1205 4601; x_wconf 78' lang='lat' dir='ltr'><strong>virgndbnstli</strong></span> <span class='ocrx_word' id='word_1_605' title='bbox 1219 4535 1277 4582; x_wconf 84' lang='lat' dir='ltr'><strong>tres</strong></span> <span class='ocrx_word' id='word_1_606' title='bbox 1293 4527 1415 4590; x_wconf 86' lang='lat' dir='ltr'><strong>ordines,</strong></span> <span class='ocrx_word' id='word_1_607' title='bbox 1428 4523 1452 4580; x_wconf 89' lang='lat' dir='ltr'><strong>si</strong></span> <span class='ocrx_word' id='word_1_608' title='bbox 1467 4525 1620 4581; x_wconf 80' lang='lat' dir='ltr'><strong>secundum</strong></span> 
     </span>
     <span class='ocr_line' id='line_1_50' title="bbox 109 4612 1618 4688; baseline -0.004 -17"><span class='ocrx_word' id='word_1_609' title='bbox 109 4616 163 4671; x_wconf 84' lang='lat' dir='ltr'><strong>erit</strong></span> <span class='ocrx_word' id='word_1_610' title='bbox 172 4616 274 4686; x_wconf 88' lang='lat' dir='ltr'><strong>allquis</strong></span> <span class='ocrx_word' id='word_1_611' title='bbox 286 4634 291 4668; x_wconf 74' lang='grc' dir='ltr'>ε</span> <span class='ocrx_word' id='word_1_612' title='bbox 304 4617 395 4679; x_wconf 86' lang='lat' dir='ltr'><strong>Quare</strong></span> <span class='ocrx_word' id='word_1_613' title='bbox 408 4619 480 4672; x_wconf 88' lang='lat' dir='ltr'><strong>[leus</strong></span> <span class='ocrx_word' id='word_1_614' title='bbox 489 4618 664 4688; x_wconf 88' lang='lat' dir='ltr'><strong>omnipotens</strong></span> <span class='ocrx_word' id='word_1_615' title='bbox 675 4618 778 4688; x_wconf 82' lang='lat' dir='ltr'><strong>legales</strong></span> <span class='ocrx_word' id='word_1_616' title='bbox 819 4624 990 4676; x_wconf 87' lang='lat' dir='ltr'><strong>voluntatem</strong></span> <span class='ocrx_word' id='word_1_617' title='bbox 1006 4620 1055 4675; x_wconf 91' lang='lat' dir='ltr'><strong>Dei</strong></span> <span class='ocrx_word' id='word_1_618' title='bbox 1069 4627 1098 4672; x_wconf 90' lang='lat' dir='ltr'><strong>et</strong></span> <span class='ocrx_word' id='word_1_619' title='bbox 1112 4618 1244 4671; x_wconf 81' lang='lat' dir='ltr'><strong>virtutum</strong></span> <span class='ocrx_word' id='word_1_620' title='bbox 1260 4615 1403 4669; x_wconf 86' lang='lat' dir='ltr'><strong>tramitem</strong></span> <span class='ocrx_word' id='word_1_621' title='bbox 1423 4612 1618 4686; x_wconf 84' lang='lat' dir='ltr'><strong>processerint,</strong></span> 
     </span>
     <span class='ocr_line' id='line_1_51' title="bbox 109 4701 1375 4782; baseline -0.003 -25"><span class='ocrx_word' id='word_1_622' title='bbox 109 4706 284 4776; x_wconf 87' lang='lat' dir='ltr'><strong>rletimasque</strong></span> <span class='ocrx_word' id='word_1_623' title='bbox 299 4707 350 4760; x_wconf 89' lang='lat' dir='ltr'><strong>sibi</strong></span> <span class='ocrx_word' id='word_1_624' title='bbox 374 4708 535 4777; x_wconf 76' lang='lat' dir='ltr'><strong>praeceperit</strong></span> <span class='ocrx_word' id='word_1_625' title='bbox 560 4708 663 4772; x_wconf 85' lang='lat' dir='ltr'><strong>ullerri,</strong></span> <span class='ocrx_word' id='word_1_626' title='bbox 679 4708 702 4761; x_wconf 85' lang='lat' dir='ltr'><strong>si</strong></span> <span class='ocrx_word' id='word_1_627' title='bbox 718 4707 777 4778; x_wconf 90' lang='lat' dir='ltr'><strong>ipse</strong></span> <span class='ocrx_word' id='word_1_628' title='bbox 819 4709 941 4782; x_wconf 85' lang='lat' dir='ltr'><strong>praemiis</strong></span> <span class='ocrx_word' id='word_1_629' title='bbox 955 4707 1107 4763; x_wconf 82' lang='lat' dir='ltr'><strong>voluntatis</strong></span> <span class='ocrx_word' id='word_1_630' title='bbox 1120 4704 1169 4760; x_wconf 91' lang='lat' dir='ltr'><strong>Dei</strong></span> <span class='ocrx_word' id='word_1_631' title='bbox 1185 4701 1375 4757; x_wconf 88' lang='lat' dir='ltr'><strong>donabuntur.</strong></span> 
     </span>
     <span class='ocr_line' id='line_1_52' title="bbox 109 4787 1620 4867; baseline -0.005 -19"><span class='ocrx_word' id='word_1_632' title='bbox 109 4795 244 4848; x_wconf 84' lang='lat' dir='ltr'><strong>sacrillcia</strong></span> <span class='ocrx_word' id='word_1_633' title='bbox 261 4795 440 4848; x_wconf 74' lang='lat' dir='ltr'><strong>offerentibus</strong></span> <span class='ocrx_word' id='word_1_634' title='bbox 452 4795 596 4864; x_wconf 84' lang='lat' dir='ltr'><strong>placabilis</strong></span> <span class='ocrx_word' id='word_1_635' title='bbox 611 4813 665 4849; x_wconf 90' lang='lat' dir='ltr'><strong>non</strong></span> <span class='ocrx_word' id='word_1_636' title='bbox 682 4796 778 4850; x_wconf 88' lang='lat' dir='ltr'><strong>redde·</strong></span> <span class='ocrx_word' id='word_1_637' title='bbox 855 4799 919 4851; x_wconf 76' lang='lat' dir='ltr'><strong>llice</strong></span> <span class='ocrx_word' id='word_1_638' title='bbox 927 4799 1002 4850; x_wconf 83' lang='lat' dir='ltr'><strong>enim</strong></span> <span class='ocrx_word' id='word_1_639' title='bbox 1012 4797 1189 4865; x_wconf 70' lang='lat' dir='ltr'><strong>pecoralium</strong></span> <span class='ocrx_word' id='word_1_640' title='bbox 1204 4808 1263 4861; x_wconf 79' lang='lat' dir='ltr'><strong>quar</strong></span> <span class='ocrx_word' id='word_1_641' title='bbox 1274 4790 1340 4844; x_wconf 84' lang='lat' dir='ltr'><strong>duta</strong></span> <span class='ocrx_word' id='word_1_642' title='bbox 1354 4791 1393 4842; x_wconf 82' lang='lat' dir='ltr'><strong>est</strong></span> <span class='ocrx_word' id='word_1_643' title='bbox 1406 4787 1620 4867; x_wconf 82' lang='lat' dir='ltr'><strong>mibi,urrrnilms</strong></span> 
     </span>
     <span class='ocr_line' id='line_1_53' title="bbox 109 4878 1624 4954; baseline -0.002 -20"><span class='ocrx_word' id='word_1_644' title='bbox 109 4883 161 4934; x_wconf 86' lang='lat' dir='ltr'><strong>deo</strong></span> <span class='ocrx_word' id='word_1_645' title='bbox 175 4889 207 4934; x_wconf 90' lang='lat' dir='ltr'><strong>ut</strong></span> <span class='ocrx_word' id='word_1_646' title='bbox 223 4888 332 4952; x_wconf 86' lang='lat' dir='ltr'><strong>peccata</strong></span> <span class='ocrx_word' id='word_1_647' title='bbox 349 4883 389 4934; x_wconf 87' lang='lat' dir='ltr'><strong>eis</strong></span> <span class='ocrx_word' id='word_1_648' title='bbox 405 4883 584 4951; x_wconf 81' lang='lat' dir='ltr'><strong>indulgeret?</strong></span> <span class='ocrx_word' id='word_1_649' title='bbox 599 4885 649 4937; x_wconf 85' lang='lat' dir='ltr'><strong>Cui</strong></span> <span class='ocrx_word' id='word_1_650' title='bbox 666 4899 778 4954; x_wconf 87' lang='lat' dir='ltr'><strong>respon·</strong></span> <span class='ocrx_word' id='word_1_651' title='bbox 819 4883 1327 4954; x_wconf 79' lang='lat' dir='ltr'><strong>qaisuntinlcreos:Nonptussupcre</strong></span> <span class='ocrx_word' id='word_1_652' title='bbox 1338 4893 1423 4947; x_wconf 82' lang='lat' dir='ltr'><strong>quum</strong></span> <span class='ocrx_word' id='word_1_653' title='bbox 1435 4878 1538 4946; x_wconf 80' lang='lat' dir='ltr'><strong>oportet</strong></span> <span class='ocrx_word' id='word_1_654' title='bbox 1548 4882 1624 4946; x_wconf 74' lang='lat' dir='ltr'><strong>iape-</strong></span> 
     </span>
     <span class='ocr_line' id='line_1_54' title="bbox 116 4958 1619 5047; baseline -0.004 -23"><span class='ocrx_word' id='word_1_655' title='bbox 116 4968 288 5033; x_wconf 81' lang='lat' dir='ltr'><strong>est,obduas</strong></span> <span class='ocrx_word' id='word_1_656' title='bbox 299 4971 434 5040; x_wconf 76' lang='lat' dir='ltr'><strong>praecipue</strong></span> <span class='ocrx_word' id='word_1_657' title='bbox 449 4987 548 5024; x_wconf 87' lang='lat' dir='ltr'><strong>causas</strong></span> <span class='ocrx_word' id='word_1_658' title='bbox 558 4973 608 5025; x_wconf 85' lang='lat' dir='ltr'><strong>boc</strong></span> <span class='ocrx_word' id='word_1_659' title='bbox 618 4989 635 5025; x_wconf 91' lang='lat' dir='ltr'><strong>a</strong></span> <span class='ocrx_word' id='word_1_660' title='bbox 644 4973 699 5026; x_wconf 86' lang='lat' dir='ltr'><strong>Deo</strong></span> <span class='ocrx_word' id='word_1_661' title='bbox 710 4990 778 5043; x_wconf 74' lang='lat' dir='ltr'><strong>prae</strong></span> <span class='ocrx_word' id='word_1_662' title='bbox 819 4990 858 5035; x_wconf 85' lang='lat' dir='ltr'><strong>rc,</strong></span> <span class='ocrx_word' id='word_1_663' title='bbox 866 4975 912 5026; x_wconf 70' lang='lat' dir='ltr'><strong>sad</strong></span> <span class='ocrx_word' id='word_1_664' title='bbox 920 4970 1241 5040; x_wconf 78' lang='lat' dir='ltr'><strong>supereudsobrr&#39;etutern.</strong></span> <span class='ocrx_word' id='word_1_665' title='bbox 1251 4965 1378 5021; x_wconf 84' lang='lat' dir='ltr'><strong>Gratiam</strong></span> <span class='ocrx_word' id='word_1_666' title='bbox 1390 4965 1419 5021; x_wconf 84' lang='lat' dir='ltr'><strong>iri</strong></span> <span class='ocrx_word' id='word_1_667' title='bbox 1430 4962 1482 5019; x_wconf 89' lang='lat' dir='ltr'><strong>lioc</strong></span> <span class='ocrx_word' id='word_1_668' title='bbox 1496 4958 1569 5031; x_wconf 87' lang='lat' dir='ltr'><strong>loco,</strong></span> <span class='ocrx_word' id='word_1_669' title='bbox 1577 4964 1619 5047; x_wconf 76' lang='lat' dir='ltr'><strong>se-</strong></span> 
     </span>
     <span class='ocr_line' id='line_1_55' title="bbox 109 5052 1621 5128; baseline -0.003 -16"><span class='ocrx_word' id='word_1_670' title='bbox 109 5073 186 5112; x_wconf 84' lang='lat' dir='ltr'><strong>esse:</strong></span> <span class='ocrx_word' id='word_1_671' title='bbox 201 5059 240 5111; x_wconf 86' lang='lat' dir='ltr'><strong>rel</strong></span> <span class='ocrx_word' id='word_1_672' title='bbox 257 5059 322 5128; x_wconf 89' lang='lat' dir='ltr'><strong>quin</strong></span> <span class='ocrx_word' id='word_1_673' title='bbox 340 5060 417 5122; x_wconf 92' lang='lat' dir='ltr'><strong>proni</strong></span> <span class='ocrx_word' id='word_1_674' title='bbox 429 5068 510 5113; x_wconf 87' lang='lat' dir='ltr'><strong>erant</strong></span> <span class='ocrx_word' id='word_1_675' title='bbox 521 5061 607 5113; x_wconf 90' lang='lat' dir='ltr'><strong>animi</strong></span> <span class='ocrx_word' id='word_1_676' title='bbox 618 5060 777 5115; x_wconf 73' lang='lat' dir='ltr'><strong>Judanrum</strong></span> <span class='ocrx_word' id='word_1_677' title='bbox 820 5061 942 5116; x_wconf 90' lang='lat' dir='ltr'><strong>cundum</strong></span> <span class='ocrx_word' id='word_1_678' title='bbox 959 5058 1071 5114; x_wconf 88' lang='lat' dir='ltr'><strong>beatum</strong></span> <span class='ocrx_word' id='word_1_679' title='bbox 1095 5054 1285 5119; x_wconf 78' lang='lat' dir='ltr'><strong>Ambrosium,</strong></span> <span class='ocrx_word' id='word_1_680' title='bbox 1301 5055 1469 5127; x_wconf 80' lang='lat' dir='ltr'><strong>sapientiam</strong></span> <span class='ocrx_word' id='word_1_681' title='bbox 1486 5052 1621 5109; x_wconf 82' lang='lat' dir='ltr'><strong>de&#39;be&#39;iniis</strong></span> 
     </span>
     <span class='ocr_line' id='line_1_56' title="bbox 116 5142 1625 5219; baseline -0.001 -20"><span class='ocrx_word' id='word_1_682' title='bbox 116 5146 243 5201; x_wconf 87' lang='lat' dir='ltr'><strong>colenda.</strong></span> <span class='ocrx_word' id='word_1_683' title='bbox 259 5154 343 5215; x_wconf 88' lang='lat' dir='ltr'><strong>atque</strong></span> <span class='ocrx_word' id='word_1_684' title='bbox 357 5148 418 5199; x_wconf 90' lang='lat' dir='ltr'><strong>ideo</strong></span> <span class='ocrx_word' id='word_1_685' title='bbox 430 5150 603 5202; x_wconf 85' lang='lat' dir='ltr'><strong>tolerabilius</strong></span> <span class='ocrx_word' id='word_1_686' title='bbox 613 5159 674 5202; x_wconf 87' lang='lat' dir='ltr'><strong>erat</strong></span> <span class='ocrx_word' id='word_1_687' title='bbox 691 5150 746 5203; x_wconf 87' lang='lat' dir='ltr'><strong>Deo</strong></span> <span class='ocrx_word' id='word_1_688' title='bbox 762 5167 779 5203; x_wconf 87' lang='lat' dir='ltr'><strong>a</strong></span> <span class='ocrx_word' id='word_1_689' title='bbox 820 5149 957 5219; x_wconf 85' lang='lat' dir='ltr'><strong>accipere,</strong></span> <span class='ocrx_word' id='word_1_690' title='bbox 974 5162 1035 5217; x_wconf 87' lang='lat' dir='ltr'><strong>quae</strong></span> <span class='ocrx_word' id='word_1_691' title='bbox 1053 5143 1136 5198; x_wconf 82' lang='lat' dir='ltr'><strong>Paulo</strong></span> <span class='ocrx_word' id='word_1_692' title='bbox 1152 5142 1241 5213; x_wconf 82' lang='lat' dir='ltr'><strong>gratis</strong></span> <span class='ocrx_word' id='word_1_693' title='bbox 1252 5142 1318 5197; x_wconf 86' lang='lat' dir='ltr'><strong>data</strong></span> <span class='ocrx_word' id='word_1_694' title='bbox 1328 5150 1371 5199; x_wconf 86' lang='lat' dir='ltr'><strong>est</strong></span> <span class='ocrx_word' id='word_1_695' title='bbox 1380 5144 1441 5200; x_wconf 90' lang='lat' dir='ltr'><strong>sine</strong></span> <span class='ocrx_word' id='word_1_696' title='bbox 1449 5144 1507 5199; x_wconf 88' lang='lat' dir='ltr'><strong>suis</strong></span> <span class='ocrx_word' id='word_1_697' title='bbox 1515 5142 1625 5198; x_wconf 85' lang='lat' dir='ltr'><strong>meritis</strong></span> 
     </span>
     <span class='ocr_line' id='line_1_57' title="bbox 109 5232 1624 5308; baseline 0 -20"><span class='ocrx_word' id='word_1_698' title='bbox 109 5235 187 5288; x_wconf 81' lang='lat' dir='ltr'><strong>asibi</strong></span> <span class='ocrx_word' id='word_1_699' title='bbox 203 5234 294 5287; x_wconf 84' lang='lat' dir='ltr'><strong>ollerri</strong></span> <span class='ocrx_word' id='word_1_700' title='bbox 307 5252 389 5305; x_wconf 89' lang='lat' dir='ltr'><strong>quarn</strong></span> <span class='ocrx_word' id='word_1_701' title='bbox 406 5236 587 5295; x_wconf 75' lang='lat' dir='ltr'><strong>deenmnibus.</strong></span> <span class='ocrx_word' id='word_1_702' title='bbox 603 5237 643 5292; x_wconf 84' lang='lat' dir='ltr'><strong>rel</strong></span> <span class='ocrx_word' id='word_1_703' title='bbox 658 5239 723 5308; x_wconf 90' lang='lat' dir='ltr'><strong>qnia</strong></span> <span class='ocrx_word' id='word_1_704' title='bbox 738 5255 779 5291; x_wconf 90' lang='lat' dir='ltr'><strong>re-</strong></span> <span class='ocrx_word' id='word_1_705' title='bbox 821 5238 851 5291; x_wconf 93' lang='lat' dir='ltr'><strong>in</strong></span> <span class='ocrx_word' id='word_1_706' title='bbox 869 5236 986 5290; x_wconf 82' lang='lat' dir='ltr'><strong>selentia</strong></span> <span class='ocrx_word' id='word_1_707' title='bbox 1000 5232 1109 5286; x_wconf 82' lang='lat' dir='ltr'><strong>Veteris</strong></span> <span class='ocrx_word' id='word_1_708' title='bbox 1125 5240 1149 5285; x_wconf 90' lang='lat' dir='ltr'><strong>et</strong></span> <span class='ocrx_word' id='word_1_709' title='bbox 1178 5232 1248 5286; x_wconf 83' lang='lat' dir='ltr'><strong>Nori</strong></span> <span class='ocrx_word' id='word_1_710' title='bbox 1260 5232 1443 5297; x_wconf 71' lang='lat' dir='ltr'><strong>Testamenti,</strong></span> <span class='ocrx_word' id='word_1_711' title='bbox 1469 5236 1498 5288; x_wconf 86' lang='lat' dir='ltr'><strong>et</strong></span> <span class='ocrx_word' id='word_1_712' title='bbox 1521 5236 1548 5289; x_wconf 92' lang='lat' dir='ltr'><strong>in</strong></span> <span class='ocrx_word' id='word_1_713' title='bbox 1569 5234 1624 5289; x_wconf 89' lang='lat' dir='ltr'><strong>liu-</strong></span> 
     </span>
    </p>
   </div>
   <div class='ocr_carea' id='block_1_4' title="bbox 109 5323 1722 5405">
    <p class='ocr_par' dir='ltr' id='par_1_4' title="bbox 109 5323 1722 5405">
     <span class='ocr_line' id='line_1_58' title="bbox 109 5323 1722 5405; baseline 0.001 -29"><span class='ocrx_word' id='word_1_714' title='bbox 109 5323 227 5377; x_wconf 83' lang='lat' dir='ltr'><strong>cilicium</strong></span> <span class='ocrx_word' id='word_1_715' title='bbox 244 5323 367 5377; x_wconf 82' lang='lat' dir='ltr'><strong>lutururn</strong></span> <span class='ocrx_word' id='word_1_716' title='bbox 390 5332 449 5377; x_wconf 81' lang='lat' dir='ltr'><strong>erut</strong></span> <span class='ocrx_word' id='word_1_717' title='bbox 469 5325 495 5377; x_wconf 91' lang='lat' dir='ltr'><strong>in</strong></span> <span class='ocrx_word' id='word_1_718' title='bbox 517 5326 630 5382; x_wconf 82' lang='lat' dir='ltr'><strong>inundo.</strong></span> <span class='ocrx_word' id='word_1_719' title='bbox 648 5326 782 5380; x_wconf 85' lang='lat' dir='ltr'><strong>Dominus</strong></span> <span class='ocrx_word' id='word_1_720' title='bbox 823 5323 1627 5398; x_wconf 77' lang='lat' dir='ltr'><strong>griisonrniutngentiumllicitenimbeatuslluguslirius</strong></span> <span class='ocrx_word' id='word_1_721' title='bbox 1710 5382 1722 5405; x_wconf 41' lang='grc' dir='ltr'><strong><em>Ι</em></strong></span> 
     </span>
    </p>
   </div>
   <div class='ocr_carea' id='block_1_5' title="bbox 109 5411 1626 5574">
    <p class='ocr_par' dir='ltr' id='par_1_5' title="bbox 109 5411 1626 5574">
     <span class='ocr_line' id='line_1_59' title="bbox 109 5411 1625 5493; baseline 0.003 -32"><span class='ocrx_word' id='word_1_722' title='bbox 109 5411 206 5465; x_wconf 69' lang='lat' dir='ltr'><strong>,Iesus</strong></span> <span class='ocrx_word' id='word_1_723' title='bbox 221 5411 409 5482; x_wconf 69' lang='lat' dir='ltr'><strong>cbristusqui</strong></span> <span class='ocrx_word' id='word_1_724' title='bbox 422 5430 475 5466; x_wconf 88' lang='lat' dir='ltr'><strong>una</strong></span> <span class='ocrx_word' id='word_1_725' title='bbox 489 5413 782 5469; x_wconf 86' lang='lat' dir='ltr'><strong>immolationenbstu-</strong></span> <span class='ocrx_word' id='word_1_726' title='bbox 825 5417 851 5469; x_wconf 92' lang='lat' dir='ltr'><strong>in</strong></span> <span class='ocrx_word' id='word_1_727' title='bbox 866 5414 986 5485; x_wconf 88' lang='lat' dir='ltr'><strong>qondam</strong></span> <span class='ocrx_word' id='word_1_728' title='bbox 1003 5426 1132 5466; x_wconf 88' lang='lat' dir='ltr'><strong>sermone</strong></span> <span class='ocrx_word' id='word_1_729' title='bbox 1148 5429 1198 5466; x_wconf 89' lang='lat' dir='ltr'><strong>suo</strong></span> <span class='ocrx_word' id='word_1_730' title='bbox 1215 5426 1220 5460; x_wconf 91' lang='lat'>:</span> <span class='ocrx_word' id='word_1_731' title='bbox 1238 5413 1375 5467; x_wconf 83' lang='lat' dir='ltr'><strong>ilirinitus</strong></span> <span class='ocrx_word' id='word_1_732' title='bbox 1391 5413 1430 5467; x_wconf 80' lang='lat' dir='ltr'><strong>ita</strong></span> <span class='ocrx_word' id='word_1_733' title='bbox 1445 5420 1625 5493; x_wconf 33' lang='lat' dir='ltr'><strong>procuratu-in</strong></span> 
     </span>
     <span class='ocr_line' id='line_1_60' title="bbox 109 5498 1626 5574; baseline -0.001 -21"><span class='ocrx_word' id='word_1_734' title='bbox 109 5506 178 5554; x_wconf 86' lang='lat' dir='ltr'><strong>ttum</strong></span> <span class='ocrx_word' id='word_1_735' title='bbox 192 5499 299 5561; x_wconf 84' lang='lat' dir='ltr'><strong>mundi,</strong></span> <span class='ocrx_word' id='word_1_736' title='bbox 318 5501 392 5570; x_wconf 89' lang='lat' dir='ltr'><strong>quod</strong></span> <span class='ocrx_word' id='word_1_737' title='bbox 411 5502 525 5555; x_wconf 89' lang='lat' dir='ltr'><strong>omnino</strong></span> <span class='ocrx_word' id='word_1_738' title='bbox 544 5503 661 5574; x_wconf 81' lang='lat' dir='ltr'><strong>dignum</strong></span> <span class='ocrx_word' id='word_1_739' title='bbox 677 5511 738 5557; x_wconf 89' lang='lat' dir='ltr'><strong>erat</strong></span> <span class='ocrx_word' id='word_1_740' title='bbox 752 5511 784 5558; x_wconf 93' lang='lat' dir='ltr'><strong>ut</strong></span> <span class='ocrx_word' id='word_1_741' title='bbox 824 5510 885 5558; x_wconf 81' lang='lat' dir='ltr'><strong>esse</strong></span> <span class='ocrx_word' id='word_1_742' title='bbox 897 5502 1042 5573; x_wconf 75' lang='lat' dir='ltr'><strong>apostolo,</strong></span> <span class='ocrx_word' id='word_1_743' title='bbox 1054 5504 1086 5556; x_wconf 88' lang='lat' dir='ltr'><strong>ut</strong></span> <span class='ocrx_word' id='word_1_744' title='bbox 1095 5500 1162 5573; x_wconf 89' lang='lat' dir='ltr'><strong>quia</strong></span> <span class='ocrx_word' id='word_1_745' title='bbox 1172 5499 1439 5572; x_wconf 81' lang='lat' dir='ltr'><strong>omnibusgentibus</strong></span> <span class='ocrx_word' id='word_1_746' title='bbox 1454 5508 1515 5555; x_wconf 84' lang='lat' dir='ltr'><strong>erat</strong></span> <span class='ocrx_word' id='word_1_747' title='bbox 1529 5498 1626 5572; x_wconf 72' lang='lat' dir='ltr'><strong>praedi-</strong></span> 
     </span>
    </p>
   </div>
   <div class='ocr_carea' id='block_1_6' title="bbox 0 0 1915 6100">
    <p class='ocr_par' dir='ltr' id='par_1_6' title="bbox 0 0 1915 6100">
     <span class='ocr_line' id='line_1_61' title="bbox 0 0 1915 6100; baseline 0 0"><span class='ocrx_word' id='word_1_748' title='bbox 0 0 1915 6100; x_wconf 95' lang='lat' dir='ltr'><strong> </strong></span> 
     </span>
    </p>
   </div>
  </div>
 </body>
</html>
