3818 6104
135 341 189 398 tra
377 333 566 390 llAYllONlS
583 331 825 387 ltnLuuusTnT.
843 328 957 385 episc.
973 326 1053 383 OPP.
1071 327 1163 383 PARS
1175 327 1187 382 1
1202 355 1236 368 -
1251 325 1439 382 COMMENT.
1455 325 1548 382 BIBL
1727 320 1779 382 itt

137 469 221 527 estin
234 480 356 527 crucem,
366 464 448 534 juxta
461 461 536 534 quod
548 464 577 515 et
593 459 654 530 ipse
667 459 729 513 ait:
747 457 816 512 dnm
825 456 963 511 scotta-A
976 451 1164 525 cognitionem
1192 452 1279 519 dedit,
1306 467 1414 524 suaque
1430 453 1526 524 gratia
1549 452 1615 508 illos
1642 450 1777 523 implerit

137 561 233 614 ceritis
243 555 349 612 Filiam
361 553 482 607 bominis
494 551 584 615 (loon.
592 547 663 614 eur),
675 551 814 607 etc.,tunc
823 542 937 614 captivi·
1012 543 1044 596 ut
1059 544 1116 611 ipse
1126 543 1198 596 dedit
1207 541 1339 610 quosdam
1348 541 1460 609 quidem
1471 542 1616 610 apostotos,
1628 538 1801 602 utiueruuk

138 651 236 713 tatem,
247 645 276 701 id
285 648 328 699 est
337 641 478 696 diabolum
490 637 568 693 duxit
581 636 731 707 captivum,
743 640 772 689 et
786 631 937 705 captivavit
976 629 1133 695 duodecim,
1159 634 1188 684 et
1211 628 1392 699 septuaginta
1411 628 1469 684 cluo
1490 626 1631 699 discipuli,
1648 629 1801 698 milon.

138 736 217 791 illum
231 731 384 788 auferendo
395 728 430 783 ab
443 728 492 782 illo
506 730 673 797 potestatem
685 739 768 795 quam
780 720 894 777 tenebat
905 720 935 775 in
976 719 1131 786 propbetas,
1145 721 1179 772 ut
1192 715 1305 787 Agabus
1319 722 1347 771 et
1362 716 1410 772 alii
1425 716 1603 783 Antiocheui,
1618 721 1649 771 et
1660 720 1801 788 quatuo·

137 825 191 879 hoc
203 821 318 885 mundo,
326 820 407 890 juxta
417 815 485 871 illud
497 833 503 868 :
514 815 595 869 Naana
603 815 730 881 princeps
741 811 825 879 hirtas
835 809 937 863 mandi
977 805 1040 861 tiliae
1056 804 1188 876 Philippi,
1204 807 1275 859 oliae
1288 821 1351 860 cero
1365 808 1557 874 evangelistas,
1571 811 1606 860 ut
1619 804 1676 860 luit
1693 805 1801 870 laum-⁸,

137 914 265 981 ejicietur
287 910 364 976 soros
377 907 470 961 tdoon.
485 904 544 972 ιιι).
566 901 620 957 Sed
642 899 709 970 quid
730 899 796 953 fecit
814 902 937 969 postmo-
976 892 1132 954 etliamus,
1145 891 1661 965 Joanuesqnoqueetllattheue,qui
1674 898 1705 948 et
1720 906 1801 964 αμα

137 995 324 1055 dumi'l'ertis
332 994 377 1049 die
386 985 850 1063 resurgens,donaSpiritussancti
859 984 937 1039 dedit
977 980 1042 1036 stoli
1066 980 1191 1047 fuerunt,
1206 984 1276 1036 alios
1294 988 1388 1036 autem
1411 986 1533 1050 pastores
1551 987 1578 1037 et
1605 982 1731 1037 doctores
1748 996 1802 1053 Q,

137 1085 281 1159 discipulis
302 1083 459 1141 insusllans.
476 1085 505 1135 ct
524 1079 620 1133 dicens
637 1096 643 1130 :
664 1077 782 1143 Accipite
797 1074 936 1143 Spiritum
977 1073 1252 1131 consummationem,
1264 1069 1290 1123 id
1301 1070 1596 1142 estadperlectionem
1607 1076 1794 1150 sanctorum,

136 1175 363 1240 sanctonaldoon.
376 1174 462 1227 xxixi.
475 1168 581 1222 Aliter:
597 1165 758 1219 decendens
770 1161 898 1216 Christus
907 1159 936 1214 in
977 1166 1009 1214 ut
1022 1159 1073 1222 illi,
1089 1159 1136 1230 qui
1151 1158 1341 1229 praedestinati
1357 1159 1474 1214 suntad
1492 1159 1617 1230 gloriam
1636 1163 1784 1232 eternam,

136 1265 236 1329 altum,
252 1263 280 1316 id
295 1266 339 1316 est
353 1259 382 1313 in
397 1257 497 1313 eoelurn
515 1253 729 1325 quadragesimo
744 1251 789 1305 die
808 1264 936 1304 resurre-
978 1247 1089 1303 illorum
1101 1247 1300 1318 paredicatione
1310 1251 1339 1302 et
1347 1247 1482 1318 exemplis
1489 1248 1708 1319 perficerentur.
1716 1247 1776 1308 Fue·

136 1353 238 1408 edonis
260 1366 327 1414 suae,
348 1345 487 1417 captivam
511 1342 593 1397 duxit
605 1340 808 1412 captivitatem,
824 1337 936 1409 quando
978 1342 1045 1390 runt
1057 1336 1086 1391 in
1098 1335 1254 1407 primordio
1269 1335 1344 1402 ndei,
1360 1336 1549 1407 evangelistas,
1564 1337 1722 1409 prophetae,
1732 1353 1770 1409 pe·

136 1445 268 1496 usturam
278 1438 431 1492 humanam
443 1449 504 1505 qun
514 1432 548 1486 de
559 1429 688 1501 paradiso
696 1427 787 1483 fuerat
797 1443 813 1480 a
825 1424 937 1480 diabolo
978 1430 1069 1480 stores
1078 1441 1190 1496 quoque
1200 1429 1228 1480 et
1239 1424 1384 1480 doctores:
1395 1432 1463 1479 sunt
1471 1429 1501 1480 et
1511 1424 1596 1480 modo
1606 1424 1636 1480 iu
1651 1424 1768 1482 Ecclesia

135 1529 287 1602 captivata,
299 1526 359 1596 ipse
371 1525 473 1579 iterum
487 1518 676 1592 captivavitde
685 1522 823 1588 potestate
833 1512 937 1568 diaboli
978 1512 1144 1584 Quicunque
1154 1511 1226 1567 bonu
1239 1512 1398 1577 annuntiat,
1410 1511 1584 1583 evangelista
1596 1517 1656 1580 est;
1669 1512 1768 1583 quicun-

136 1613 326 1673 abstrahendo
353 1611 441 1674 illam,
464 1615 492 1663 et
513 1606 547 1663 ad
571 1605 696 1660 coelestia
719 1601 885 1666 revocando,
905 1616 938 1655 ac
979 1617 1033 1671 que
1047 1600 1152 1671 gaudia
1170 1601 1334 1665 electorum,
1350 1616 1503 1672 poenasque
1523 1599 1770 1672 reproborumsuis

137 1703 316 1777 postmodum
332 1684 440 1755 decimo
460 1696 505 1750 die
517 1693 688 1749 ascensionis
702 1709 759 1747 sue
773 1691 851 1746 dedit
864 1689 938 1745 dona
978 1688 1153 1744 auditoribus
1163 1689 1323 1753 annuntiat,
1335 1690 1472 1761 propheta
1479 1695 1534 1744 est.
1543 1688 1589 1745 De
1596 1689 1771 1745 nominavero

135 1791 225 1849 sancti
240 1787 364 1862 Spiritus
377 1783 532 1856 discipulis.
550 1781 643 1846 Quaeri
656 1785 750 1835 autem
766 1780 859 1851 potest
872 1760 1122 1848 cumeastorura
1136 1783 1165 1832 et
1178 1778 1323 1832 doctorum
1335 1775 1524 1848 interrogatus
1533 1775 1637 1832 beatas
1650 1778 1773 1849 Augusti·

135 1879 265 1953 superius
279 1876 382 1933 dixerit
399 1872 535 1944 singulari
555 1886 685 1935 numero,
703 1869 775 1924 Data
789 1873 832 1922 est
845 1865 937 1939 gratia
977 1882 1062 1920 nusa
1080 1864 1208 1932 Paulino,
1231 1864 1376 1937 respondit
1390 1881 1478 1920 annm
1503 1882 1566 1922 esse
1589 1871 1732 1938 pastorem
1750 1873 1776 1922 et

135 1967 289 2026 secundum
305 1978 466 2019 mensuram
482 1959 644 2014 donationis
657 1974 724 2022 susa,
746 1973 833 2028 quare
852 1953 935 2010 modo
977 1954 1131 2013 doctorem.
1147 1954 1248 2010 Pastor
1258 1954 1334 2010 enim
1349 1969 1406 2009 non
1418 1959 1513 2026 potest
1525 1971 1598 2013 esse.
1610 1954 1667 2009 nisi
1680 1953 1777 2012 habeat

135 2057 212 2113 dieat
223 2052 325 2127 plurali
340 2064 458 2106 numero
475 2062 481 2097 z
496 2047 580 2102 Dedit
601 2046 675 2101 dono
690 2042 874 2099 hominibusi
893 2040 935 2096 dd
976 2041 1131 2097 doctrinam
1143 2058 1201 2115 qua
1210 2047 1307 2114 pascat
1315 2057 1430 2113 gregem
1440 2040 1495 2097 sibi
1507 2042 1778 2109 commissum.Qnis

135 2140 380 2216 quoddioendum,
391 2137 456 2207 quia
468 2135 535 2190 licet
545 2133 789 2206 Spiritussanctus
800 2132 936 2202 singulari
977 2131 1001 2184 si
1016 2130 1139 2186 caruerit
1158 2131 1296 2197 doctrina,
1318 2130 1383 2186 licet
1404 2146 1508 2185 nornen
1522 2131 1630 2187 habeat
1650 2133 1776 2204 pastoria,

135 2247 253 2289 numero
263 2226 419 2284 donumvel
431 2224 547 2279 donatio
556 2221 723 2293 appelletur,
732 2227 828 2276 tamen
838 2237 936 2276 secun·
977 2227 1055 2274 caret
1076 2224 1177 2275 tamen
1204 2220 1305 2274 officio.
1326 2220 1458 2274 Pastores
1483 2224 1580 2275 autem
1603 2226 1636 2276 et
1655 2219 1778 2277 doctores

135 2321 202 2376 dum
212 2315 378 2390 qualitatem
386 2308 935 2379 moritorumtribuunturdonacJ'usdem
977 2308 1115 2371 Ecclesia,
1128 2308 1202 2380 quod
1214 2325 1301 2365 unum
1317 2314 1370 2374 est,
1383 2313 1450 2363 sunt
1463 2309 1599 2380 episcopi,
1610 2309 1777 2383 presbyteri,

135 2407 258 2479 Spiritus
273 2401 382 2470 sancti;
409 2399 484 2455 uude
498 2397 648 2470 Apostolus
660 2398 688 2467 (1
709 2396 769 2452 dor.
790 2404 835 2461 aut
854 2414 860 2449 :
877 2397 936 2452 llis·
976 2397 1081 2468 aliique
1095 2402 1219 2452 rectores
1237 2402 1267 2452 et
1295 2395 1418 2452 ministri
1443 2396 1584 2464 Ecclesia,
1607 2397 1659 2469 qui
1682 2398 1778 2455 madia

134 2493 261 2566 (inquit),
279 2493 365 2545 dotus·
382 2503 432 2558 per
450 2486 588 2555 Spiritum
609 2500 697 2539 samo
716 2485 865 2551 sapientie,
882 2485 936 2539 alii
976 2485 1122 2541 constituti
1131 2490 1199 2540 sunt
1208 2488 1238 2539 in
1250 2501 1316 2555 opus
1327 2487 1482 2539 ministerii
1494 2491 1518 2540 et
1529 2488 1561 2541 in
1570 2486 1776 2555 ediflemionern
1799 2536 1804 2541 .

133 2598 223 2639 senno
232 2582 361 2644 scientia,
373 2582 438 2642 etc,
451 2591 540 2646 usque
553 2574 621 2629 dum
633 2571 794 2643 subjungit:
810 2573 935 2627 Haecin·
977 2577 1099 2643 eorporis
1114 2574 1226 2638 Christi,
1243 2576 1327 2628 donee
1341 2589 1523 2629 occurramus
1537 2589 1633 2630 omnes
1646 2577 1804 2641 instrun-

133 2675 183 2727 nio
192 2673 324 2740 operatur
333 2682 408 2721 onas
420 2669 502 2733 otqne
513 2664 585 2717 idem
597 2662 731 2730 Spiritus,
741 2662 867 2715 dividens
876 2663 935 2715 sin·
972 2663 1135 2733 perfectam,
1158 2669 1183 2717 et
1204 2667 1238 2718 in
1251 2667 1389 2717 unitatem
1405 2663 1470 2730 fidei
1492 2669 1517 2718 et
1540 2666 1699 2731 agnitionis
1716 2666 1804 2723 ntes.

134 2762 209 2829 galia
221 2763 305 2829 prout
319 2759 389 2811 vait.
976 2751 1033 2804 Dei.
1044 2750 1110 2806 ldeo
1120 2751 1266 2807 constituti
1276 2757 1343 2806 sunt
1352 2757 1481 2823 pastores
1492 2757 1521 2807 et
1530 2750 1663 2808 doctores
1673 2758 1706 2810 ut
1718 2768 1805 2809 corn

169 2849 246 2916 Quod
258 2852 353 2902 antem
367 2845 499 2908 moeaads't,
511 2842 629 2910 quidest
642 2841 700 2894 nisi
713 2842 781 2907 qcri'o
793 2842 817 2892 et
830 2839 936 2892 deseen-
976 2855 1028 2910 pus
1037 2838 1140 2894 christi
1149 2840 1298 2907 aedificent,
1309 2839 1383 2912 quod
1391 2845 1436 2895 est
1444 2840 1577 2902 Ecclesia.
1585 2840 1805 2914 qusquotid's.

134 2938 176 2991 dit
189 2939 315 3006 primam
326 2938 359 2989 r'n
368 2935 515 3002 inferiores
526 2934 618 2998 partes
629 2933 725 2982 terret
739 2925 936 2997 Interrogabat
976 2927 1131 2982 ceditleatur
1140 2945 1172 2983 ex
1187 2944 1304 2984 numero
1319 2927 1494 2984 credentium
1509 2928 1685 2986 venientium
1699 2931 1733 2986 ed
1745 2932 1805 2999 Β.

134 3023 286 3096 Apostolus
296 3021 489 3092 semetipsum,
503 3025 532 3072 et
541 3016 627 3071 dixit:
645 3014 717 3080 Quid
729 3020 771 3069 ost
782 3014 855 3086 quod
865 3012 933 3077 dixi,
958 3014 1051 3097 dem,
1067 3021 1100 3071 nt
1122 3016 1277 3072 habeamus
1301 3017 1387 3072 vitam
1402 3023 1466 3089 post
1489 3019 1733 3081 resurrectionem,
1748 3040 1798 3089 q

135 3110 277 3167 ascendit?
288 3107 434 3175 Quomodo
445 3112 539 3178 potest
552 3105 626 3160 Deus
635 3104 796 3165 ascendere,
809 3102 857 3174 qui
871 3100 936 3157 ubi·
946 3078 1074 3159 Lamnas
1088 3105 1235 3176 aequaliter
1256 3105 1348 3161 Deum
1372 3122 1586 3178 cognoscamus.
1603 3106 1637 3163 In
1650 3119 1789 3178 presens·

136 3215 191 3273 que
201 3199 264 3255 estl
276 3199 358 3253 Certe
370 3195 440 3251 nihil
453 3202 497 3250 ost
510 3193 586 3248 aliud
598 3192 652 3246 nisi
664 3192 729 3262 quia
739 3196 768 3245 et
781 3190 934 3246 descendit.
977 3192 1114 3263 siquidem
1126 3194 1226 3249 saeculo
1237 3194 1311 3250 sicut
1321 3199 1365 3250 est
1374 3195 1522 3251 diversitas
1536 3195 1672 3264 scientiae,
1683 3196 1721 3253 its
1733 3210 1777 3259 est

136 3289 172 3343 Et
185 3286 308 3359 primum
322 3282 466 3339 descendit
479 3281 507 3336 in
522 3280 668 3334 inferiores
683 3285 778 3350 partes
799 3285 881 3333 terra
900 3278 936 3332 ad
977 3280 1087 3336 diversa
1105 3281 1175 3336 tides
1191 3299 1197 3333 :
1213 3283 1367 3354 quisalius
1381 3283 1455 3354 plus,
1470 3283 1544 3340 alius
1565 3284 1661 3341 minus
1674 3284 1708 3340 de
1719 3285 1768 3345 Dee

137 3377 289 3440 internum,
308 3389 341 3428 ac
354 3369 455 3427 deinde
470 3369 499 3424 in
513 3369 615 3423 crolum
633 3367 769 3421 ascendit.
793 3367 865 3437 Ergo
881 3383 936 3420 non
978 3368 1318 3440 intelligit,etsecundum
1329 3370 1761 3444 quodintelligitetcognoscitde

136 3463 291 3521 secundum
306 3460 492 3523 divinitatem,
505 3474 566 3528 quae
579 3455 675 3510 omnia
690 3455 798 3526 implet,
811 3454 937 3510 ascendit
978 3458 1123 3514 divinitate
1141 3459 1343 3531 omnipotentis
1362 3459 1424 3526 Dei,
1447 3458 1534 3516 habet
1554 3465 1585 3517 et
1604 3461 1696 3517 tidem.
1709 3460 1757 3516 aas

136 3555 196 3626 ipsa
209 3546 302 3624 neque
315 3548 478 3605 descendit:
493 3545 541 3601 sed
552 3544 706 3600 secundum
717 3543 935 3599 humanitatem.
978 3547 1210 3602 resurrectionem
1222 3553 1316 3603 autem
1329 3548 1390 3618 jam
1404 3564 1462 3603 non
1471 3549 1528 3604 erit
1540 3548 1687 3605 diversitas
1699 3547 1752 3611 add,

136 3644 169 3699 ln
181 3641 278 3697 anima
289 3638 401 3712 quidem
413 3636 473 3691 sola
481 3634 626 3690 descendit
637 3633 671 3688 ad
682 3633 833 3695 infernum,
845 3637 874 3687 et
886 3634 935 3687 ito·
978 3636 1045 3707 quia
1072 3635 1145 3691 sicut
1173 3653 1271 3692 ornnes
1297 3636 1444 3708 equaliter
1463 3637 1554 3693 Deum
1577 3637 1712 3701 videbunt,
1726 3635 1752 3692 iu

137 3747 200 3787 rum
209 3730 398 3800 incorporeet
407 3725 499 3780 anima
511 3720 934 3793 aseenditsuperomnescoelos.
977 3725 1113 3796 aqualem
1125 3726 1208 3780 fidem
1223 3724 1375 3780 habebunt.
1390 3726 1450 3782 Erit
1463 3727 1540 3782 enim
1555 3728 1628 3784 deos
1640 3728 1721 3783 omnio
1731 3726 1751 3778 ia

136 3818 298 3874 Notandum
313 3815 380 3888 quia
395 3831 445 3886 per
467 3813 520 3867 hoc
541 3813 615 3884 quod
631 3810 719 3866 dicit:
737 3808 887 3865 Descendit
901 3809 936 3863 ad
978 3814 1252 3883 arrrnibasldoravl.
1262 3816 1396 3870 invirum
1406 3816 1571 3884 perfectam,
1582 3818 1749 3872 inmensum

135 3907 281 3963 inferiores
291 3910 386 3977 partes
396 3909 490 3971 terrae,
501 3900 624 3957 ostendit
637 3899 778 3954 internum
791 3897 864 3953 inira
877 3905 938 3952 ter·
978 3903 1066 3957 etatis
1075 3903 1261 3970 plenitudinis
1271 3903 1386 3958 Christi.
1399 3903 1438 3958 Ex
1449 3903 1644 3975 superioribus
1652 3904 1751 3974 isuper

136 4013 197 4052 ram
213 4011 293 4050 esse:
309 3993 383 4048 unde
403 3991 506 4047 dicitur
521 3990 657 4057 internus,
674 3988 749 4060 quod
763 3987 800 4042 sit
822 3985 938 4042 interior
978 3989 1046 4044 dent
1064 3987 1129 4061 Ipse
1136 3990 1249 4062 (inquit)
1258 3990 1469 4063 deditpastores
1477 3993 1527 4064 qui
1535 3992 1751 4063 edinoentenpa

136 4091 223 4152 terra,
236 4084 280 4138 vel
292 4082 366 4137 inira
379 4087 495 4136 terram.
978 4077 1065 4142 illius,
1076 4078 1165 4134 donec
1174 4095 1355 4136 occurramus
1365 4095 1464 4136 omnes
1474 4086 1540 4152 post
1548 4081 1751 4138 mammona

174 4173 228 4239 Qui
236 4172 382 4234 descendit,
392 4166 528 4223 subaudis
537 4166 573 4220 ad
583 4166 730 4220 interiores
740 4169 834 4236 partes
843 4169 936 4230 terre,
978 4166 1139 4237 generalem
1154 4167 1287 4223 invirum
1302 4167 1468 4238 perlectum.
1490 4167 1615 4234 Quidam
1629 4169 1680 4225 hoc
1695 4162 1752 4223 nodo

138 4253 936 4330 ipseestetquiescenditsaperamnescalosidostchristus,
979 4255 1047 4310 illud
1061 4255 1232 4327 intelligunt,
1245 4255 1318 4328 quod
1332 4256 1361 4312 in
1371 4255 1498 4327 generali
1508 4257 1752 4314 resurrectionem

137 4353 168 4402 ut
177 4348 339 4415 adimpleret
347 4347 453 4401 nennio,
462 4343 490 4396 id
499 4349 542 4397 est
551 4343 665 4398 oracula
676 4342 745 4413 legis
752 4349 781 4397 et
791 4341 939 4413 propheta·
979 4360 1030 4399 nes
1037 4343 1065 4398 in
1077 4345 1175 4400 eadem
1186 4350 1269 4400 aetate
1279 4345 1474 4417 resurgentia
1485 4362 1542 4418 qua
1552 4344 1681 4402 Christus
1689 4354 1753 4400 τω*

136 4452 201 4492 rurn
209 4451 270 4507 quae
279 4434 315 4489 de
324 4449 355 4488 se
365 4437 448 4488 erant
457 4432 576 4502 scripta3
596 4431 637 4486 rel
649 4430 753 4493 omnia,
761 4431 790 4485 id
800 4436 936 4502 estquas·
946 4420 1061 4500 Drexit,
1068 4434 1355 4506 cujuscunqueetiam
1370 4430 1753 4491 atatisiueriut.etinnoniat

136 4525 203 4581 dam
218 4523 454 4596 dispensationes,
464 4537 534 4592 quas
549 4519 609 4590 ipse
619 4535 683 4575 oum
697 4520 781 4575 Patre
791 4519 937 4590 disposue·
979 4522 1101 4577 virorum
1111 4521 1391 4594 comprehenduntur
1400 4526 1429 4578 et
1436 4515 1753 4589 mulieres.Quoddicitin

136 4619 192 4680 rat,
203 4619 233 4670 et
246 4630 316 4685 quas
328 4612 388 4684 ipse
404 4610 480 4666 solus
490 4625 552 4664 cum
567 4609 615 4664 illo
625 4608 730 4662 sciebat
749 4607 800 4662 Vel
810 4607 894 4662 etiarn
905 4612 937 4663 ut
978 4611 1067 4665 virum
1082 4610 1248 4681 perlectum,
1262 4610 1330 4666 licet
1343 4615 1442 4665 contra
1455 4609 1541 4666 tidem
1557 4610 1673 4679 nonsit,
1686 4614 1755 4665 nnn

135 4704 268 4776 impleret
281 4702 378 4757 omnia
391 4699 514 4754 caelestia
528 4697 712 4753 etterrestria
723 4697 759 4751 de
773 4713 825 4751 sua
840 4697 937 4768 cogni·
977 4700 1030 4754 hoc
1044 4699 1144 4754 melius
1158 4705 1201 4754 est
1214 4705 1247 4754 ut
1260 4699 1343 4755 aliter
1355 4699 1561 4778 intelligamus.
1577 4699 1677 4755 Vtrum
1688 4692 1754 4771 perit·

135 4793 213 4847 tione
223 4797 252 4846 et
266 4790 436 4846 revelatione
449 4786 604 4843 divinitatis
614 4803 681 4851 sua,
694 4785 861 4859 quaomnia
872 4791 938 4842 ante
978 4793 1054 4843 etum
1064 4788 1340 4859 appallatchristum
1351 4805 1415 4844 cum
1424 4788 1628 4861 omnioorpore
1638 4777 1755 4857 suqquod

136 4881 212 4936 illius
225 4880 376 4936 adremurn
404 4877 485 4950 quasi
499 4893 587 4933 vacua
601 4881 683 4931 erant
696 4877 731 4930 ad
748 4875 937 4947 comparatio·
977 4893 1033 4932 non
1045 4878 1100 4932 erit
1109 4878 1262 4949 perlectum
1271 4893 1417 4950 quousque
1427 4893 1527 4933 omnes
1536 4873 1756 4948 eleedeompteo·

137 4969 313 5033 nemillam,
338 4985 422 5041 quam
444 4967 623 5040 postmodum
647 4965 682 5020 de
707 4966 768 5037 ejus
791 4965 937 5021 divinitate
977 4964 1755 5037 tunconpletoautemnumeroelseteram,aeearreou

135 5061 334 5126 cognoverunt.
343 5056 472 5111 Caelestia
484 5057 598 5127 impleta
609 5061 684 5117 sunt,
698 5054 765 5126 quia
773 5060 855 5108 erant
863 5070 937 5126 qua·
977 5054 1108 5110 omnesin
1120 5053 1209 5109 virum
1219 5051 1422 5126 perlectum,id
1432 5058 1478 5108 est
1487 5068 1587 5108 omnes
1598 5052 1679 5109 elech'
1686 5058 1757 5106 mour·

135 5144 200 5199 dam
215 5143 346 5213 angelicae
361 5147 525 5214 potestates.
541 5160 603 5217 quse
623 5142 758 5214 mysteria
782 5142 937 5198 nativitatis
977 5147 1041 5196 rent
1051 5141 1137 5212 capiti
1151 5156 1203 5196 suo
1214 5139 1336 5206 Christo,
1349 5146 1383 5194 ut
1393 5141 1452 5210 jam
1465 5140 1648 5212 postmodum
1661 5128 1756 5195 onusti

136 5230 252 5296 Christi,
273 5231 411 5302 passionis
426 5237 456 5285 et
468 5232 691 5298 resurrectionis,
709 5230 937 5303 ascensionisque
976 5229 1028 5293 vir,
1040 5230 1170 5285 Christus
1184 5235 1214 5284 et
1227 5229 1361 5295 Ecclesia,
1376 5227 1517 5300 periectas
1531 5232 1562 5284 et
1575 5219 1757 5301 integeret

133 5321 170 5376 ad
187 5320 281 5381 coelos,
299 5319 334 5372 ad
348 5318 485 5388 liquidum
503 5336 559 5374 non
574 5326 774 5391 cognorerunt,
790 5336 937 5391 quousque
978 5334 1140 5374 mensuram
1155 5318 1247 5373 atatis
1261 5315 1445 5390 plenitudinis
1459 5316 1577 5372 Christi.
1594 5316 1682 5373 Sicuti
1694 5314 1758 5369 hunt

132 5394 250 5481 impleta
263 5413 339 5463 sunt.
360 5405 439 5461 Unde
454 5406 620 5461 admirando
634 5407 739 5464 dicitur
757 5408 786 5463 in
801 5408 909 5480 psalmo
925 5425 933 5465 ε
977 5424 1028 5479 per
1041 5413 1138 5464 aetates
1152 5407 1278 5478 singulas
1292 5406 1402 5468 crescit,
1417 5404 1507 5461 donec
1520 5405 1663 5479 perfectus
1675 5403 1709 5460 sit
1719 5398 1758 5464 tlt·

133 5499 198 5567 Onia
211 5503 250 5554 est
262 5501 312 5553 iste
324 5497 475 5563 reaglors'e
484 5501 495 5549 i
503 5495 661 5551 Terrestris
673 5513 784 5569 quoque
794 5497 932 5571 implerit,
974 5497 1016 5553 sic
1029 5497 1155 5570 quotidie
1168 5496 1268 5553 crescit
1281 5495 1379 5568 utique
1390 5494 1427 5551 ad
1438 5493 1514 5572 dmm
1525 5494 1629 5569 judicii
1639 5492 1757 5552 ΘΒΜ

131 5590 198 5662 quia
215 5588 246 5644 in
272 5584 436 5644 hominibus
465 5584 514 5658 qui
537 5583 627 5640 Deum
642 5583 821 5657 ignorabant,
849 5603 930 5643 suam
973 5585 1070 5644 nonin
1080 5584 1321 5656 se,sodinnobis,
1333 5584 1606 5660 quisumasoorpua
1616 5580 1762 5659 ojanum
