3840 6098
196 215 245 275 ru
528 224 1050 290 arrosrrrornurrsmun.
1070 237 1491 302 -rnnmsnnonrucs
1747 204 1831 307 ‘rm

191 343 269 420 pleta
282 351 378 404 autem
391 362 525 406 mensura
537 351 638 420 etatis,
647 353 676 410 ld
687 358 730 410 ost
745 355 907 426 periecto'et
917 359 1120 419 inte-Annuus
1135 361 1258 417 homost
1271 362 1424 421 secundum
1440 366 1530 423 Deum
1541 374 1661 424 creatus.
1674 371 1831 446 conceptus

192 453 244 509 gro
258 453 377 494 numero
388 438 540 496 electorum
553 442 697 514 exquibus
712 444 858 516 plenitudo
866 448 992 520 corporis
1033 453 1078 502 est
1099 449 1127 504 in
1152 455 1232 506 utero
1247 452 1376 523 virginali
1392 471 1476 526 opere
1494 456 1616 528 Spiritus
1630 458 1730 525 sancti,
1743 477 1777 516 ex
1789 477 1832 517 se-

191 527 337 600 impletur,
352 529 528 589 obviabimus
546 535 572 590 ei
1031 537 1109 592 mine
1125 539 1264 607 mulieris,
1280 541 1341 597 sine
1359 543 1467 599 semine
1481 545 1533 600 riri
1556 562 1562 600 ε
1586 546 1638 602 hoc
1650 564 1753 604 novum
1766 548 1830 617 tuit,

229 618 423 688 orjamioest
431 626 496 694 post
507 624 741 681 resurrectionem
754 626 784 682 in
795 643 852 700 qua
860 629 989 686 christus
1032 626 1170 682 miracula
1197 627 1264 684 lecit
1278 646 1341 702 quae
1365 647 1449 687 nemo
1470 633 1543 689 alius
1561 634 1638 705 tecit,
1651 640 1832 694 conversatus

192 705 411 777 eritperloctus,
436 725 492 765 non
506 714 604 779 simin,
620 712 755 771 subaudis
768 732 863 783 sensu,
875 722 991 787 porculi
1031 714 1150 771 estsine
1168 723 1283 788 peccato
1307 718 1337 774 in
1358 719 1411 776 hoc
1429 722 1545 789 mundo,
1559 729 1602 778 est
1618 725 1787 783 veruslleus
1801 730 1832 781 ot
1882 780 1887 790 ,

192 796 369 864 fluctuatae,
380 796 567 871 bucillucque
581 808 725 874 vagantes,
739 806 855 861 nuncad
865 806 934 863 illud
950 806 990 860 ri·
1032 820 1114 860 serus
1128 805 1222 872 homo,
1236 809 1392 864 resurrexit
1415 825 1433 864 a
1461 812 1589 877 mortuis,
1606 817 1636 867 et
1655 813 1715 868 bec
1735 814 1832 871 omnia

191 884 481 951 tium,nuacudistud
492 889 992 963 cadentesotcircumsrromuromni
1032 910 1104 950 nova
1117 895 1233 952 fuerunt
1253 903 1282 951 et
1300 904 1376 953 sunt.
1396 899 1555 955 Secundum
1570 901 1661 958 Deum
1674 909 1787 960 creatus
1800 904 1831 960 in

191 978 270 1028 neruo
281 975 423 1031 doctrine.
440 975 583 1042 Quantum
596 979 632 1035 ad
647 988 814 1054 presentem
823 983 990 1056 sapientiam
1029 981 1148 1053 justitia,
1166 983 1232 1055 quia
1244 985 1339 1056 justus
1351 992 1395 1041 est
1410 988 1502 1042 :etin
1522 989 1672 1047 sanctitate
1692 991 1828 1060 cantatis,

191 1062 325 1134 pertinet,
339 1062 439 1121 beatus
453 1068 597 1139 apostolus
611 1085 666 1124 non
677 1076 738 1125 erat
747 1071 880 1142 paruulus
894 1089 989 1140 sensu,
1032 1070 1100 1142 quia
1110 1071 1205 1140 justus
1215 1079 1242 1127 et
1255 1090 1337 1129 verus
1352 1079 1396 1131 est
1411 1091 1416 1132 :
1431 1081 1460 1130 et
1474 1092 1530 1131 uon
1542 1077 1633 1133 solum
1646 1080 1751 1150 justus,
1766 1097 1830 1137 san·

192 1150 259 1223 quia
279 1152 435 1224 sapientior
456 1162 518 1212 erat
531 1158 639 1214 cunctis
656 1160 836 1227 mortalibus;
853 1168 990 1233 quantum
1032 1164 1094 1214 ctus
1116 1166 1147 1215 et
1169 1177 1250 1216 verus
1267 1168 1319 1228 est,
1335 1163 1384 1218 scd
1411 1164 1528 1236 insuper
1549 1165 1609 1238 ipsa
1626 1168 1748 1237 justitia,
1767 1167 1829 1241 ipsa

191 1252 258 1297 sero
271 1240 308 1296 ad
321 1241 400 1298 illam
410 1244 609 1316 perfectionem
624 1247 727 1303 attinet
740 1250 894 1322 sapientia,
905 1268 989 1323 quam
1031 1248 1134 1303 uetitas
1144 1255 1173 1304 st
1186 1250 1329 1306 sanctitut-
1347 1252 1427 1316 Quod
1437 1268 1505 1323 ergo
1518 1254 1596 1319 dicit,
1606 1256 1828 1313 luduituuuuum

189 1328 316 1385 habituri
330 1337 398 1387 sunt
414 1334 504 1388 sancti
520 1341 584 1407 post
598 1339 840 1402 resurrectionem,
858 1342 991 1412 parvulus
1031 1336 1184 1400 hominem,
1201 1339 1258 1393 tale
1271 1345 1314 1394 est
1326 1356 1359 1394 ac
1371 1340 1394 1394 si
1409 1340 1515 1396 diceret
1530 1360 1537 1396 :
1550 1343 1662 1398 induite
1675 1344 1827 1401 Dominum

189 1422 346 1476 eratsensu
362 1427 392 1476 ct
404 1421 550 1480 intellectu
565 1425 755 1498 imperfectus.
772 1428 853 1493 Quod
869 1445 934 1485 sero
945 1431 989 1484 di·
1031 1424 1125 1480 lesum
1142 1426 1296 1489 Christum,
1315 1427 1344 1481 id
1366 1432 1409 1482 est
1431 1430 1674 1486 conversationem
1697 1432 1763 1488 novi
1776 1433 1830 1489 ho·

172 1506 238 1581 stit,
266 1509 358 1578 Neque
384 1513 622 1581 circumferamur
642 1519 721 1570 omni
741 1522 819 1572 venio
846 1518 986 1584 doctrine,
1030 1513 1113 1568 minis
1125 1521 1154 1569 et
1167 1530 1265 1570 omnes
1276 1515 1405 1581 uirtutes,
1420 1517 1487 1588 quia
1500 1518 1657 1590 intelligitis
1671 1520 1701 1575 in
1716 1520 1828 1577 Chlitto

187 1596 578 1672 rentumdoctrinaeappcllat
592 1603 768 1660 dialecticam
780 1610 809 1661 et
821 1607 988 1678 sapientiam
1031 1617 1102 1667 08⁸0,
1119 1603 1279 1675 quicunque
1294 1604 1369 1659 enim
1384 1606 1505 1661 assumit
1520 1607 1672 1678 justitiam,
1693 1608 1830 1666 sauctita-

188 1683 447 1758 mundanamque
459 1689 565 1745 nullius
579 1692 709 1747 utilitatis
723 1698 796 1749 esta
807 1709 863 1764 qua
872 1693 987 1750 circum·
997 1678 1021 1737 Β
1030 1697 1098 1757 tum,
1116 1691 1273 1756 ututulufu·
1298 1694 1477 1764 uuuluuuums
1493 1695 1672 1763 uhuututuulr
1688 1703 1716 1753 ut
1729 1714 1828 1754 omnes

187 1771 343 1829 ferimuret
354 1775 508 1846 pulsamur,
522 1778 988 1854 quiaplerumqueseducimurpcr
1030 1779 1147 1834 virtutes
1162 1797 1232 1852 quas
1251 1781 1279 1835 in
1305 1781 1415 1837 Christo
1438 1783 1582 1854 cognoscit
1596 1801 1666 1851 esse,
1682 1785 1826 1843 mustum

186 1861 277 1925 illam,
292 1869 425 1934 putantes
439 1881 473 1920 es
483 1882 544 1921 esse
559 1884 625 1922 vera
636 1884 698 1940 que
713 1876 782 1925 sunt
794 1871 874 1926 salsa.
891 1872 927 1928 Et
940 1864 987 1928 isti
1028 1867 1126 1939 utique
1141 1867 1242 1926 induit.

187 1951 301 2024 Ephesii
307 1952 445 2008 dialectici
452 1961 598 2027 erant‚per
607 1973 692 2028 quarn
703 1958 872 2015 seducebant
882 1961 988 2033 simpli·
1063 1957 1176 2025 Propter
1188 1959 1262 2026 quud
1275 1960 1434 2027 dmoosntes
1443 1975 1523 2014 umus
1537 1961 1724 2025 menducium·
1736 1963 1827 2032 lutul-

186 2057 244 2108 ως,
258 2041 394 2099 facientes
414 2060 449 2100 ee
462 2051 563 2116 putere
577 2063 642 2102 vere
656 2064 718 2119 que
737 2054 820 2104 erent
839 2049 910 2105 false
927 2053 986 2107 suis
1028 2046 1102 2098 mini
1111 2049 1254 2100 veritatem
1266 2050 1457 2116 unusquisqne
1469 2064 1534 2102 cum
1543 2052 1671 2118 prosimu
1682 2066 1743 2115 suo,
1757 2050 1826 2123 quia

187 2130 382 2189 dationibuset
392 2133 597 2190 astutiisUndc
607 2141 636 2191 et
646 2137 839 2208 sequiturrln
850 2143 984 2209 aequitio,
1028 2133 1298 2190 umuemendacium
1320 2151 1338 2188 8
1352 2134 1462 2189 diabolo
1476 2141 1528 2198 est,
1545 2136 1594 2208 qui
1608 2143 1651 2192 est
1665 2139 1828 2197 mendmst
1862 2183 1868 2190 .

186 2219 216 2275 id
226 2219 309 2276 estin
322 2219 592 2287 malitia,bominum
602 2225 859 2281 etottutioillorum
870 2226 987 2282 circum·
1027 2226 1110 2292 putul·
1119 2221 1496 2295 muuduuiffluiuuuquusslil
1509 2224 1635 2280 ueritatis
1644 2226 1828 2291 suntdebent

186 2308 318 2364 venimue
329 2311 368 2365 aa
379 2315 643 2367 „immergerem
659 2317 773 2368 erroris,
799 2314 873 2370 Dicit
887 2315 986 2372 beatus
1027 2309 1168 2380 deponere
1184 2318 1213 2364 et
1225 2311 1345 2382 abjicere
1352 2327 1435 2367 omne
1443 2312 1633 2373 mendacium.
1648 2314 1827 2374 dolositatem

187 2395 377 2470 Hieronymus
395 2413 403 2450 ε
430 2401 502 2465 Quid
518 2401 633 2473 prodest
644 2401 752 2472 iugiter
764 2402 917 2460 dialectice
929 2406 984 2461 arti
1027 2402 1056 2451 ut
1072 2397 1277 2469 duplicitatem,
1293 2405 1322 2454 et
1345 2399 1422 2471 loqui
1436 2401 1584 2456 ueritatem
1599 2400 1635 2458 de
1646 2403 1742 2459 animo
1756 2420 1828 2478 puro

186 2483 327 2550 insistere,
343 2492 373 2542 et
396 2489 518 2561 syllabas
540 2489 696 2546 iamborum
720 2508 889 2563 componere
903 2493 987 2549 indi·
1027 2488 1321 2554 cumomnihomine,
1342 2488 1508 2543 nouaclum
1533 2490 1704 2558 Christiano,
1729 2509 1827 2550 verum

185 2588 268 2628 versa
279 2574 415 2642 carmine,
425 2576 473 2632 ubi
484 2579 562 2633 nulla
571 2579 673 2634 veritas
683 2586 736 2642 est,
752 2581 802 2635 sed
818 2580 944 2637 seductio
958 2589 987 2638 et
1029 2573 1114 2629 utiuul
1132 2575 1432 2646 pogun0ethaetetic0:
1446 2577 1619 2648 quiuomnes
1632 2583 1829 2652 suntproximi

185 2676 266 2717 error
275 2661 444 2719 bominum?
459 2664 489 2720 ln
504 2667 634 2737 presenti
650 2667 763 2739 quidem
779 2670 880 2726 seculo
893 2676 985 2742 potest
1026 2665 1125 2717 nostri.
1142 2665 1177 2719 Et
1186 2680 1273 2735 quare
1287 2663 1422 2719 debemus
1436 2665 1513 2735 loqui
1527 2666 1674 2722 veritatem
1684 2684 1749 2724 oum
1764 2686 1828 2742 pro·

182 2749 255 2806 illud
269 2766 341 2818 esse,
356 2753 407 2808 ssd
421 2759 486 2825 post
499 2756 733 2811 resurrectionem
744 2758 874 2813 cessabit,
1025 2751 1122 2806 ximo?
1151 2752 1287 2819 Quoniam
1312 2769 1409 2807 rumor
1430 2757 1549 2809 iacimus
1561 2757 1693 2811 membro.
1716 2757 1828 2813 listen-

219 2839 983 2913 ummomsntspiruomaturescantcoduscanorum
1024 2844 1082 2894 tum
1097 2839 1226 2896 Christus
1240 2847 1334 2913 caput,
1360 2841 1487 2898 membra
1505 2842 1582 2898 lilius
1598 2849 1666 2900 sunt
1679 2843 1772 2901 electi.
1786 2844 1823 2902 ut

182 2927 389 2997 bominumque·
397 2932 548 2985 secundnm
558 2932 645 2986 Deum
656 2937 812 2988 createrem
828 2937 858 2988 r'n
867 2937 982 3003 justitia
1025 2928 1100 2984 sicut
1109 2927 1236 2984 mambra
1248 2931 1374 3002 corporis
1387 2931 1477 2987 nostri
1491 2938 1557 2987 sunt
1572 2931 1625 2988 sibi
1639 2933 1759 2990 invicem
1771 2949 1825 2991 nc·

181 3018 208 3071 at
221 3018 518 3073 emolumentum.
538 3019 603 3074 Haec
616 3019 701 3075 verba
714 3021 841 3092 Apostoli
856 2993 1012 3094 excerpe-⁶
1024 3015 1157 3081 cessario,
1173 3022 1203 3071 et
1219 3016 1273 3072 sibi
1295 3018 1414 3073 invicem
1439 3018 1612 3084 ministrant,
1635 3020 1677 3076 ita
1698 3019 1827 3078 membro

181 3102 308 3160 rioribus
321 3105 455 3177 pendent.
466 3107 538 3162 Nam
552 3107 677 3180 loquitur
687 3109 723 3164 ed
734 3109 880 3182 Ephesios.
904 3112 984 3181 itepo-
1026 3104 1130 3160 curisti
1154 3103 1257 3160 debent
1283 3105 1335 3160 sibi
1358 3106 1475 3163 invicem
1501 3107 1663 3164 ministrare
1681 3124 1744 3181 quta
1755 3115 1824 3167 suut

178 3194 240 3248 nito
253 3208 311 3262 cos,
329 3194 984 3267 inquiens,sccundompristicamconuersatio-
1024 3194 1200 3262 necessaria;
1226 3194 1304 3249 verbi
1330 3194 1423 3265 grstia
1454 3211 1459 3245 :
1485 3196 1639 3252 necessarii
1661 3197 1824 3255 suntoculi

177 3296 248 3338 nom
260 3287 378 3338 murem
398 3283 547 3350 bominem,
563 3288 614 3352 qni
626 3289 820 3354 corrumpitur
831 3288 983 3343 secondom
1026 3283 1123 3337 manui
1137 3298 1170 3337 ac
1184 3283 1259 3354 pedi,
1272 3288 1301 3337 et
1315 3299 1416 3340 manus
1429 3289 1458 3339 et
1469 3300 1519 3355 pes
1529 3284 1622 3351 oculo,
1636 3284 1758 3358 ideoque
1769 3287 1824 3343 mi-

171 3372 320 3427 dmsmric
329 3374 444 3435 erroris,
458 3386 491 3427 ac
504 3372 605 3428 deinde
616 3372 712 3429 subdit
723 3390 730 3426 :
743 3373 926 3431 Renovamini
937 3392 985 3432 eu.
1025 3371 1130 3426 nistret
1142 3371 1240 3426 oculus
1255 3372 1351 3426 manui
1364 3388 1397 3428 sc
1412 3372 1475 3444 pedi
1491 3373 1597 3440 lumen,
1611 3380 1713 3430 merlus
1726 3379 1823 3431 samm

173 3465 240 3517 tom
268 3459 372 3532 spiritu
397 3460 501 3516 mentis
531 3466 639 3516 vestre.
662 3461 787 3517 Pristina
808 3465 982 3520 conversatio
1025 3458 1163 3530 abstergit
1174 3459 1253 3515 ilturn
1271 3465 1298 3515 et
1313 3460 1388 3516 lavat
1401 3477 1419 3515 a
1433 3460 1586 3516 sordibus:
1607 3462 1648 3517 sio
1659 3462 1689 3517 in
1701 3462 1826 3520 Bedesis

163 3552 330 3623 Mum
342 3553 395 3615 ast,
410 3554 439 3604 et
452 3549 482 3604 in
496 3549 617 3620 peccatis
634 3565 748 3605 manere
765 3569 772 3604 :
789 3556 869 3608 retus
885 3560 981 3608 autem
1023 3554 1121 3603 sancta
1135 3549 1301 3619 praedicator
1316 3548 1435 3620 quilibet
1456 3549 1618 3605 ministrare
1631 3549 1716 3606 debet
1728 3551 1825 3607 lumen

164 3637 268 3694 homo
278 3637 455 3692 conversatio
471 3636 574 3692 veteris
587 3637 710 3692 hominis
722 3638 799 3694 nde.
815 3639 982 3713 Quicunque
1022 3636 1148 3692 scientie
1163 3642 1193 3691 et
1205 3636 1411 3708 predicationis
1425 3637 1498 3702 aliis,
1515 3653 1577 3707 que
1595 3643 1663 3693 suut
1680 3654 1782 3694 manus
1795 3643 1825 3696 et

165 3726 256 3783 enim
272 3725 303 3781 ia
317 3731 432 3799 peccato
450 3730 547 3781 ruanot
561 3726 801 3782 conversationem
814 3729 917 3784 veteris
930 3730 980 3784 lio-
1024 3725 1120 3796 pedes,
1137 3724 1165 3778 id
1190 3729 1234 3779 est
1250 3723 1298 3794 qui
1320 3728 1387 3779 sunt
1407 3723 1633 3796 eleemosynarii,
1650 3730 1680 3779 et
1697 3724 1747 3796 qui
1761 3741 1824 3782 cur·

162 3814 266 3872 minis
278 3813 373 3870 babet.
388 3814 443 3880 Qui
454 3814 548 3881 homo,
565 3814 653 3870 idest
665 3816 839 3870 conversatio
852 3816 912 3883 illo,
922 3834 981 3872 cor-
1022 3817 1090 3868 runt
1102 3812 1138 3866 ad
1148 3811 1339 3883 sepeliendum
1354 3817 1508 3878 munuum,
1531 3818 1561 3868 et
1578 3812 1627 3883 qui
1646 3813 1744 3868 active
1758 3812 1820 3870 rite

164 3903 841 3977 rumpiturotoeprnvomrsaconoumdesideria
851 3920 981 3961 errorum
1023 3905 1090 3955 sunt
1104 3898 1202 3954 dediti.
1214 3899 1336 3956 Econtra
1348 3907 1444 3955 autem
1469 3900 1511 3983 illi
1528 3899 1631 3956 debent
1643 3900 1679 3955 dc
1691 3916 1745 3956 sua
1753 3899 1821 3959 sub·

158 3991 981 4064 otritiorumltenoraminiigitarspiritumentisrestrae.
1023 3989 1129 4044 stantia
1155 3994 1317 4044 sustentare
1332 3989 1454 4050 oculum,
1471 3989 1500 4044 id
1527 3993 1571 4043 est
1594 3988 1818 4061 predicatorem,

159 4080 321 4156 Spiritum
344 4085 373 4135 et
390 4086 525 4143 mentem,
540 4097 591 4153 pro
615 4096 671 4136 uno
688 4080 823 4136 debemus
843 4081 981 4153 accipere.
1023 4076 1179 4150 prebentes
1193 4076 1220 4132 ei
1234 4075 1328 4132 cibum
1342 4083 1372 4133 et
1385 4083 1494 4148 potum,
1510 4082 1539 4132 et
1558 4076 1751 4135 ministrantes
1770 4091 1825 4133 cse-

156 4169 339 4228 necundum
360 4168 477 4224 beatum
496 4169 697 4240 Augustinum,
713 4169 743 4224 id
762 4181 806 4224 est
823 4185 874 4241 pro
890 4169 981 4225 ratio·
1022 4173 1085 4221 tera
1098 4183 1160 4238 que
1173 4166 1331 4221 necessaria
1354 4172 1421 4221 sunt
1440 4165 1482 4220 illi
1498 4178 1505 4214 :
1520 4164 1573 4220 hoc
1586 4163 1722 4229 iaciendo,
1740 4169 1824 4221 eruut

151 4257 331 4315 nobilitate
345 4257 458 4312 montis.
474 4257 543 4313 Duae
554 4262 622 4312 sant
645 4263 740 4313 sutem
765 4257 979 4315 renovationes:
1023 4254 1078 4309 sibi
1091 4255 1210 4310 invicem
1224 4254 1362 4309 membm.
1378 4253 1532 4326 Sequitur:

152 4359 237 4404 lina
252 4342 412 4411 subitanea,
428 4360 491 4417 ques
504 4345 536 4398 tlt
548 4344 579 4399 in
591 4343 769 4416 baptismate,
785 4347 814 4401 in
828 4362 885 4418 qua
897 4364 980 4403 reno·
1059 4345 1222 4398 Irascimini·
1235 4347 1261 4396 et
1278 4346 1362 4397 notite
1369 4358 1489 4412 peccare.
1505 4341 1660 4415 Dupliciter
1673 4356 1824 4413 possumus

152 4449 282 4492 vamur
292 4432 330 4488 ab
341 4432 471 4489 omnibus
488 4432 610 4505 peccatis
623 4432 808 4504 originalibus
828 4441 855 4490 et
867 4437 983 4492 actuali·
1024 4432 1076 4486 boc
1090 4431 1246 4501 intelligere
1259 4450 1264 4484 :
1277 4431 1306 4486 Si
1317 4430 1429 4502 quando
1438 4430 1567 4502 peccatis,
1584 4436 1613 4485 et
1621 4445 1639 4485 a
1647 4429 1694 4485 via
1705 4429 1824 4487 rectitu-

149 4521 354 4589 busmltera,
367 4521 661 4595 quelltperspatiurn
671 4522 982 4595 temporisetperassi·
1023 4521 1098 4575 dinis
1110 4519 1222 4576 diabolo
1237 4520 1373 4574 suadente
1393 4519 1533 4585 receditis,
1557 4518 1713 4574 irascimini
1734 4517 1824 4573 robis·

143 4614 321 4672 deitatem
328 4609 556 4681 lectionis,etper
564 4610 755 4681 operationem
767 4612 904 4667 bonorum
919 4628 983 4683 ope·
1024 4609 1151 4679 metipsis
1165 4615 1194 4664 et
1207 4608 1404 4679 indignamini,
1421 4624 1457 4663 ne
1476 4607 1545 4662 talia
1565 4607 1685 4678 amplius
1699 4605 1821 4675 faciatis,

144 4699 846 4771 *emmaqueliicdicitur.llumenimanimusea
856 4699 983 4773 quotidie
1022 4697 1185 4768 castigando
1197 4713 1299 4769 corpus
1321 4703 1443 4751 vestrum
1464 4694 1565 4766 vigiliis
1581 4700 1609 4749 et
1620 4693 1746 4764 jejuniis.
1761 4692 1819 4748 nli·

142 4802 227 4865 per
242 4787 373 4860 studium
386 4786 517 4843 lectionis
540 4786 576 4842 de
596 4787 655 4842 Deo
674 4788 883 4860 intelligitque
898 4794 984 4844 antea
1023 4790 1067 4840 ter
1081 4803 1087 4838 :
1102 4785 1165 4849 etsi,
1182 4785 1283 4856 inquit,
1308 4783 1473 4848 irascimini,
1489 4782 1576 4836 nolite
1587 4782 1731 4853 perficere.
1750 4780 1820 4836 Per-

138 4874 342 4954 ignorabat,
356 4875 462 4931 etdum
476 4874 721 4946 prolicitquotidic
732 4877 767 4931 de
778 4877 881 4932 virtute
891 4877 983 4932 inrir-
1024 4874 1112 4929 mittit
1125 4874 1239 4945 quidem
1253 4873 1345 4933 irasci,
1359 4872 1433 4943 quod
1443 4871 1599 4926 humanum
1615 4874 1678 4938 est;
1695 4869 1746 4925 sed
1760 4884 1824 4943 pro·

139 4971 283 5033 tutem,
299 4964 424 5037 quotidie
441 4963 611 5026 innovatum
627 4965 684 5019 tale
697 4971 816 5036 ostergo
827 4982 859 5020 ac
870 4966 895 5020 si
907 4966 983 5021 dice·
1024 4961 1103 5018 hibet
1114 4962 1264 5017 vindictam
1280 4969 1419 5032 expetere,
1435 4958 1508 5030 quod
1521 4958 1581 5029 jam
1596 4972 1654 5015 aon
1667 4960 1712 5013 est
1724 4957 1824 5015 huma·

145 5062 221 5115 tet
239 5052 336 5110 :ustis
349 5051 475 5109 renovati
488 5052 518 5107 in
533 5051 713 5124 baptismate,
728 5053 902 5108 renoramini
916 5070 983 5125 quo·
1024 5047 1103 5113 uum,
1116 5053 1182 5122 quia
1192 5051 1453 5117 irooirijcstitiorn
1466 5048 1515 5103 ilci
1526 5062 1582 5101 non
1599 5051 1732 5117 operatur
1742 5046 1819 5120 (Jao.

143 5145 250 5202 tidie
268 5157 321 5216 per
332 5140 458 5197 studium
481 5140 620 5205 lectionis,
631 5156 664 5194 ea
677 5140 712 5195 dc
727 5140 785 5195 Deo
801 5140 983 5212 intelligendo
1025 5144 1057 5209 1).
1072 5139 1119 5195 Sol
1136 5156 1192 5193 noo
1202 5139 1397 5205 occidotruper
1409 5136 1591 5191 iracundiam
1604 5134 1824 5193 vestromeimi-

153 5248 243 5308 quse
258 5235 328 5286 anto
341 5246 388 5284 ros
403 5228 540 5290 latebant,
563 5233 590 5283 et
610 5228 761 5283 crescendo
779 5229 814 5282 de
837 5229 941 5285 virtute
954 5229 984 5283 in
1025 5229 1091 5283 liter
1104 5234 1134 5283 et
1147 5228 1199 5282 hoc
1219 5222 1323 5297 duplici
1339 5226 1421 5279 modo
1430 5229 1523 5296 potest
1534 5213 1655 5296 intelligi
1670 5241 1676 5278 :
1689 5221 1825 5279 Dicamus

151 5323 327 5378 vincum.
343 5317 379 5373 Et
391 5316 500 5372 induite
514 5332 618 5372 norum
632 5316 775 5371 hominem
792 5331 914 5372 :norum
931 5316 981 5371 ho·
1024 5315 1199 5387 simpliciter,
1218 5314 1264 5368 Sol
1280 5329 1337 5368 nou
1363 5313 1471 5369 occidat
1489 5329 1575 5385 super
1587 5311 1765 5368 iracundiam
1774 5325 1824 5366 ve·

159 5409 290 5466 minam
304 5405 455 5479 appellarit
468 5405 533 5460 nori
546 5405 668 5460 hominis
683 5405 924 5460 conversationem
940 5405 984 5459 rel
1024 5403 1163 5463 etiamid
1176 5408 1229 5467 est,
1242 5402 1266 5457 si
1280 5401 1413 5460 commoti
1426 5401 1537 5457 fueritis
1549 5401 1585 5457 ad
1597 5407 1710 5474 tempus
1723 5398 1823 5454 adsm-

162 5495 277 5581 ipsum
284 5494 437 5552 &minum
445 5491 712 5552 Jssumdlideamus
722 5493 862 5567 quomodo
875 5493 915 5549 sit
923 5493 984 5564 ipse
1025 5509 1074 5551 sus
1087 5492 1258 5565 proximum,
1274 5496 1342 5546 ants
1356 5489 1424 5547 solia
1445 5505 1576 5546 ocmsum
1592 5483 1824 5552 reconciliamini,
