3840 6098
132 322 186 385 tol
470 323 661 382 expositio
680 328 719 383 ΙΝ
739 324 816 382 ΕΡΡ.
837 325 865 379 S.
888 325 1004 415 rauci.
1028 358 1060 367 -
1080 327 1120 382 IN
1139 325 1251 382 EPIST.
1271 325 1284 380 1
1303 323 1351 378 hl)
1370 322 1452 379 COR.
1722 315 1774 375 obt

124 453 226 523 possit
245 452 327 519 mori,
347 451 414 523 quia
433 448 505 504 viret
519 450 622 507 virtute
641 451 808 507 aeternitatis
827 449 965 520 angeli-A
978 453 1155 513 resurrectio,
1168 457 1196 504 ει
1210 455 1311 504 caetera
1324 448 1391 503 talia
1407 464 1468 518 qua
1482 446 1541 517 ipse
1556 445 1686 518 patrarit.
1700 443 1775 514 posi·

119 552 180 592 ΕΞ·
976 546 1022 593 tus
1038 540 1066 593 in
1077 540 1180 593 mundo
1192 555 1243 609 per
1253 537 1429 609 praesentiam
1441 535 1532 589 carnis
1544 557 1549 587 :
1564 534 1692 588 doctrina
1705 546 1776 602 quo·

162 627 337 682 Senn'nutar
355 643 453 695 corpas
471 631 605 692 onirnule,
621 629 694 699 quod
708 629 803 682 anima
817 624 934 692 habuit;
977 645 1031 699 que
1046 630 1106 698 ejus
1122 635 1149 681 et
1165 627 1300 681 miracula
1316 628 1377 696 ejus
1388 625 1510 678 coelestia
1526 624 1649 677 inerunt.

111 719 228 782 surget
244 730 341 782 corpus
356 717 490 782 spiritale.
509 715 585 769 Sicut
607 715 729 769 animale
755 731 855 784 eorpus
881 729 936 767 non
1013 719 1108 784 otialis
1119 722 1253 771 terrenus.
1268 715 1371 768 Adam:
1390 716 1489 766 toleret
1506 715 1620 771 terrani,
1637 709 1774 773 homines,

110 807 171 855 est
195 802 305 866 anima,
321 802 368 855 sed
384 817 495 872 corpus,
513 801 594 855 itaet
609 803 735 873 spiritale
750 817 859 871 corpuS,
880 816 936 854 non
978 804 1060 859 idest
1076 806 1207 859 mortales
1218 810 1390 874 peccatores3
1407 808 1432 854 et
1447 804 1538 870 qualis
1553 803 1662 855 calestia
1675 799 1775 862 Adam,

103 887 267 958 spiritum
281 889 417 945 debemus
433 896 532 960 putare
556 891 603 944 sed
619 908 731 962 corpus.
747 891 817 944 Nnrn
834 890 936 945 electo·
977 894 1063 948 idest
1088 895 1225 949 Christus.
1244 897 1309 945 tales
1328 899 1353 944 et
1375 895 1494 947 celestes.
1511 890 1559 960 qui
1578 889 1614 942 ad
1632 887 1775 942 Christum

103 992 194 1030 rum
214 994 345 1048 corpora,
361 982 393 1031 ut
407 978 447 1032 ait
462 979 613 1049 Gregorius
629 997 710 1051 papa,
726 981 754 1033 in
775 980 823 1033 illa
843 995 938 1032 resur·
977 983 1129 1054 pertinent,
1143 981 1317 1035 immortales
1331 980 1468 1043 videlicet,
1486 984 1514 1032 et
1527 978 1588 1032 sine
1603 982 1726 1048 peccato.
1742 973 1778 1029 nt

100 1065 263 1120 rectione
272 1073 356 1120 erunt
371 1067 522 1137 palpabilia
536 1085 587 1139 per
597 1070 743 1123 veritatem
756 1075 874 1122 natura.
886 1067 937 1120 sic·
977 1073 1030 1125 hoc
1040 1077 1106 1124 sunt
1123 1071 1206 1124 modo
1219 1071 1246 1123 in
1257 1084 1317 1138 spe,
1326 1068 1355 1120 in
1370 1070 1575 1122 resurrectione
1589 1070 1683 1119 autem
1694 1066 1778 1119 erunt

95 1158 150 1208 ut
184 1154 372 1209 Dominicum
399 1171 499 1225 corpus
521 1155 575 1209 fuit
594 1163 657 1226 post
676 1158 935 1210 resurrectionem:
978 1162 1063 1214 inre.
1514 1199 1521 1214 .

94 1243 195 1313 quia
214 1258 313 1296 ieram
328 1259 440 1296 carnem
461 1243 613 1307 habebunt,
628 1246 675 1298 sed
694 1244 840 1298 subtiliora
855 1247 939 1296 erunt
1013 1249 1091 1305 Sicut
1112 1251 1286 1315 portamur-uc
1306 1247 1457 1312 imaginem
1472 1247 1577 1297 terrani
1595 1241 1727 1306 hominis,
1748 1240 1776 1294 id

88 1346 173 1402 per
191 1331 332 1385 ellectum
349 1331 448 1386 dirinae
460 1334 599 1402 potentiae.
611 1333 674 1386 Non
685 1340 769 1386 erunt
782 1332 896 1401 spiritus
907 1337 939 1385 ut
979 1344 1022 1392 est
1031 1341 1173 1408 peceatum
1185 1341 1213 1389 et
1224 1335 1435 1391 mortalitatem,
1444 1337 1583 1400 portemus
1591 1337 1615 1385 et
1625 1333 1777 1397 imaginem

85 1420 243 1490 palpari
256 1418 381 1474 atriden
397 1421 579 1491 nonpossint,
592 1422 640 1475 sed
654 1421 683 1474 in
699 1422 844 1474 nonerunt
858 1420 939 1491 spiri·
979 1430 1098 1486 celestis,
1114 1427 1142 1479 in
1156 1426 1210 1479 fide
1223 1429 1252 1478 et
1266 1442 1324 1495 spe,
1339 1424 1366 1477 in
1378 1421 1500 1476 novitate
1514 1421 1576 1474 rite
1589 1419 1776 1482 ambulantes,

83 1508 193 1561 talia
210 1526 218 1574 ;
243 1508 314 1579 quia
326 1508 399 1562 sicut
412 1507 537 1579 spiritus
556 1508 584 1564 id
605 1515 648 1563 est
661 1509 756 1562 anima
771 1515 867 1561 nostra
882 1524 938 1561 non
979 1522 1008 1569 et
1022 1532 1098 1586 spem
1115 1513 1327 1568 resurrectionis
1343 1510 1487 1565 habentes.

77 1601 224 1667 potest
251 1600 335 1662 mori,
360 1613 416 1650 non
435 1596 543 1667 indiget
560 1597 621 1651 cibo
645 1605 673 1651 et
697 1605 775 1669 potu,
793 1597 832 1651 ita
849 1604 877 1651 et
891 1596 938 1650 illa
1016 1605 1085 1658 Caro
1100 1609 1126 1657 et
1140 1605 1255 1670 sanquis
1271 1617 1389 1669 regnum
1404 1602 1454 1653 Ilei
1469 1615 1525 1651 non
1541 1597 1727 1666 possidebunt.
1744 1593 1779 1649 In

73 1684 310 1741 immortalia
332 1692 423 1748 erunt,
445 1702 496 1740 nec
519 1686 685 1756 indigebunt
699 1686 760 1739 cibo
784 1693 833 1740 aut
858 1692 935 1757 potu,
980 1692 1134 1763 Scripturis
1154 1691 1305 1761 aliquando
1327 1705 1392 1742 caro
1411 1686 1544 1756 recipitur
1560 1685 1713 1739 secundum
1728 1699 1780 1737 na·

69 1773 254 1845 ideoque
272 1774 339 1828 dicit
355 1791 361 1826 :
377 1774 542 1830 Sarnlnatur
556 1791 663 1842 corpus,
680 1773 765 1829 idest
784 1776 920 1846 sepelitur
930 1793 936 1841 ;
948 1797 969 1854 Β
979 1788 1083 1845 turam,
1099 1786 1150 1834 ut:
1170 1781 1222 1834 Hoc
1236 1794 1311 1832 itanc
1323 1796 1350 1830 os
1366 1794 1398 1830 aa
1419 1777 1523 1830 ansibus
1539 1776 1614 1838 ειείε,
1631 1779 1655 1826 et
1670 1787 1736 1826 cara
1748 1772 1780 1825 de

69 1863 184 1934 quia
204 1864 290 1917 velut
301 1879 421 1933 granum
438 1864 578 1919 viriditate
594 1864 807 1918 resurrectionis
823 1863 938 1917 donabi·
978 1885 1064 1924 carne
1077 1869 1221 1936 rrceatden.
1234 1865 1443 1937 utaliquando
1455 1862 1609 1916 secundum
1624 1858 1779 1930 corruptio·

61 1956 166 2007 2¹²¹·-
189 1951 232 2008 Si
254 1956 295 2005 ⁶⁸²
315 1967 412 2020 “tillut
431 1955 555 2007 antitisti&
570 1953 652 2006 ffl⁰d0
667 1954 696 2006 in
711 1953 764 2006 hac
779 1952 844 2016 viia,
860 1956 899 2005 tsi
913 1956 937 2004 ei
979 1975 1042 2012 nem
1057 1964 1086 2012 et
1101 1956 1301 2011 mortalitatem
1317 1955 1374 2008 sive
1390 1952 1582 2023 fragilitatem,
1598 1958 1629 2005 ut
1644 1950 1691 2003 ubi
1707 1967 1713 2000 z
1729 1950 1779 2004 lie·

59 2044 275 2112 spiritale,
291 2041 320 2094 id
334 2048 376 2095 est
390 2041 444 2095 erit
463 2041 588 2112 spiritale
603 2042 630 2094 in
645 2042 701 2094 alia
716 2042 772 2095 vita
792 2039 866 2111 quod
882 2055 937 2093 non
980 2049 1109 2101 cordatus
1132 2049 1239 2113 estqui
1263 2060 1328 2098 caro
1349 2047 1414 2096 sant
1441 2044 1523 2108 (Paul.
1550 2043 1664 2100 cxxviii,
1686 2037 1713 2091 id
1738 2040 1783 2091 est

59 2130 236 2202 poterit
253 2129 329 2182 rnori
345 2148 351 2182 :
367 2132 439 2183 sicut
454 2131 567 2199 estjam
584 2131 611 2184 in
628 2130 759 2197 Christo;
777 2137 806 2183 et
827 2128 882 2183 erit
899 2128 939 2182 ita
981 2135 1095 2205 fragiles
1109 2141 1138 2188 et
1152 2134 1257 2187 miseri.
1274 2132 1433 2202 Aliquando
1452 2129 1605 2183 secundum
1626 2127 1736 2197 culpam
1753 2129 1783 2179 et

60 2219 384 2291 spiritalitcorpus.
402 2225 533 2288 utsupra
549 2218 681 2273 diximus·
981 2222 1250 2295 praevaricationem.
1278 2220 1310 2275 In
1329 2221 1382 2273 huc
1405 2235 1470 2272 vero
1488 2219 1548 2271 loco
1567 2216 1703 2287 accipitur
1722 2219 1782 2268 tam

142 2308 612 2374 Factusestprimushunmrldam
623 2308 938 2360 itranimamuiaentem.
983 2313 1137 2367 secundum
1153 2311 1372 2381 00rrupti0nem‚
1390 2324 1474 2379 quam
1490 2306 1642 2360 secundum
1660 2303 1780 2375 culpam,

54 2397 173 2452 HOC
200 2396 354 2466 Scriptum
377 2401 420 2448 eti
441 2395 469 2449 in
490 2396 599 2449 Geneti-
618 2396 696 2461 Quod
718 2411 781 2448 l01'0
801 2394 938 2464 sequitur,
982 2403 1055 2456 sicut
1069 2402 1143 2455 Deus
1157 2400 1260 2453 dicitur
1273 2405 1384 2453 tentare
1397 2397 1508 2450 electos.
1524 2394 1677 2449 secundum
1691 2391 1780 2446 illud:

55 2485 791 2552 novissinrusrldaminspiritrnnturn'ficuntem,
807 2483 941 2552 hochpo·
982 2492 1084 2545 Tentat
1099 2507 1146 2543 vos
1163 2489 1299 2543 Dominus
1322 2489 1395 2540 Deus
1411 2492 1510 2539 vester.
1532 2485 1566 2538 Et
1581 2484 1653 2536 sicut
1666 2482 1782 2550 dicitur,

55 2575 216 2630 StOIUS
240 2570 358 2625 addidit
376 2572 411 2626 de
429 2588 489 2626 SUO.
506 2572 596 2626 Atium
611 2572 701 2626 iactus
715 2580 758 2625 eSi
773 2571 802 2624 in
817 2571 959 2624 animam.
983 2581 1058 2634 Deus
1073 2578 1215 2632 neminem
1231 2582 1330 2639 tentat,
1352 2576 1392 2628 ita
1414 2580 1507 2644 potest
1521 2572 1572 2625 dici
1587 2590 1592 2624 2
1610 2572 1681 2625 Caro
1698 2569 1785 2640 possi.

56 2664 291 2722 viventem,
308 2658 337 2712 id
350 2665 392 2713 est
406 2659 536 2713 animalis
552 2661 641 2713 lactus
657 2667 708 2722 est,
725 2665 753 2713 et
768 2676 869 2730 corpus
880 2660 941 2728 ejus
983 2667 1059 2721 dabit
1075 2682 1191 2737 regnum
1218 2665 1275 2729 Dei,
1295 2670 1322 2717 et
1336 2679 1401 2717 caro
1417 2679 1473 2717 non
1488 2659 1643 2732 possidebit
1664 2672 1783 2728 regnum

55 2751 299 2806 animatum
320 2755 371 2811 0³⁸,
395 2747 435 2801 ita
458 2755 490 2802 ut
514 2748 536 2801 Si
556 2755 694 2819 peccaret·
719 2749 792 2802 titul
819 2755 847 2801 et
865 2747 940 2812 fecii.
983 2757 1043 2810 Dei.
1059 2755 1149 2825 Igitur
1164 2755 1193 2808 in
1208 2753 1303 2807 electis
1318 2768 1435 2822 regnum
1447 2750 1496 2804 Dei
1513 2748 1666 2819 possidebit
1680 2762 1744 2801 caro
1754 2751 1783 2800 et

54 2839 195 2895 mori
215 2834 375 2909 potuisset,
396 2837 515 2907 ideoque
538 2837 665 2891 mortalis
684 2837 799 2891 exstitit·
816 2836 941 2891 Novissi·
984 2845 1098 2915 sanguis
1107 2861 1157 2915 per
1166 2843 1313 2897 veritatem
1327 2845 1479 2897 naturaeet
1488 2855 1543 2893 non
1555 2836 1707 2908 possidebit
1717 2849 1782 2889 care

48 2945 178 2983 mus
198 2925 321 2987 Adam,
337 2924 364 2978 id
384 2920 427 2978 eti
440 2925 579 2986 Christus,
594 2928 622 2979 in
646 2926 776 2996 spiritum
800 2925 942 2979 vivifican·
984 2950 1102 3004 regnum
1114 2933 1162 2994 Dei
1177 2948 1225 3002 per
1235 2930 1442 3000 corruptionem
1454 2935 1482 2982 et
1495 2927 1705 2990 mortalitatem,
1717 2922 1784 2994 quia

49 3022 171 3072 tem
190 3013 275 3078 suit,
294 3013 426 3082 quoniam
450 3013 575 3083 spiritus,
600 3030 682 3084 quem
703 3013 836 3067 inclinato
851 3013 942 3085 capite
984 3022 1158 3075 immortales
1169 3026 1252 3074 erunt
1264 3027 1292 3073 et
1302 3016 1528 3087 incorruptibiles
1556 3014 1784 3077 veletiam,caro

47 3105 237 3167 emisit,
250 3102 286 3154 in
301 3102 506 3155 resurrectione
518 3119 618 3173 corpus
629 3104 690 3172 ejus
700 3103 857 3155 vivificavit.
871 3073 972 3172 ErgoC
985 3117 1013 3165 et
1028 3110 1143 3180 sangnis
1158 3125 1209 3180 per
1231 3110 1340 3179 culpam
1361 3123 1417 3159 non
1440 3102 1602 3177 possidebit,
1620 3103 1685 3173 quia
1706 3101 1785 3157 nulla

45 3192 259 3251 animale
276 3205 380 3260 corpus
402 3190 456 3244 tuit
476 3190 505 3244 in
520 3191 620 3254 Adam,
643 3192 731 3245 idest
749 3192 868 3245 mortale
886 3211 892 3245 :
913 3191 942 3245 in
985 3199 1038 3253 erit
1052 3198 1090 3252 ibi
1113 3199 1195 3268 culpa
1210 3198 1252 3250 vel
1267 3195 1473 3268 pravaricatio.
1493 3193 1593 3264 Itaque
1608 3208 1682 3254 curo,
1698 3189 1726 3243 id
1742 3193 1785 3244 est

45 3284 246 3342 Christo
263 3295 332 3333 vero
346 3279 482 3349 spiritale,
500 3280 574 3350 quod
588 3297 638 3351 per
652 3281 886 3335 resurrectionem
899 3287 943 3334 est
984 3287 1152 3351 mortalitas
1172 3293 1201 3340 ει
1213 3286 1339 3355 sanguis,
1363 3284 1391 3337 id
1406 3290 1449 3337 εει
1464 3281 1615 3352 corruptio,
1631 3281 1674 3334 vel
1700 3279 1783 3333 horno

40 3371 328 3447 glorificatum
354 3368 408 3421 Sed
420 3369 587 3422 intuendum
600 3376 643 3422 εει
657 3385 744 3440 quare
755 3369 884 3423 Christus
894 3377 943 3423 aut
983 3377 1144 3431 carnalibus
1159 3375 1305 3429 desideriis
1320 3373 1442 3438 deditus,
1455 3387 1572 3440 regnum
1587 3370 1634 3423 hei
1649 3384 1704 3423 non
1718 3384 1784 3439 pos·

45 3459 310 3520 novissimus
324 3457 413 3510 Adam
428 3465 479 3511 aut
492 3459 631 3511 secundus
646 3459 766 3515 dicatur.
782 3474 844 3511 cum
861 3458 941 3512 mulii
983 3465 1095 3529 sidebit,
1107 3473 1135 3519 et
1149 3473 1243 3519 tumen
1260 3479 1325 3516 earo
1335 3468 1364 3516 et
1378 3463 1493 3531 sanguis
1504 3475 1622 3529 regnum
1638 3457 1687 3511 Dei
1699 3455 1785 3527 possi·

50 3554 197 3609 inter
209 3547 316 3602 Adam
329 3546 372 3613 (de
386 3562 441 3616 (1¹¹0
456 3561 512 3598 ⁰⁰¹¹
527 3554 569 3599 ⁰⁸i
582 3547 745 3615 ambiguum
757 3548 824 3616 (inin
838 3547 944 3616 ΡΓῙΙΙ1118
985 3554 1092 3608 debunt
1113 3554 1140 3607 in
1165 3553 1322 3623 glorificata
1344 3551 1459 3603 veritate
1484 3554 1600 3601 naturae.
1618 3546 1708 3611 Neque
1722 3559 1786 3598 cor·

55 3642 157 3710 sit)
180 3644 224 3692 et
242 3636 325 3688 inter
338 3634 482 3688 Christum
504 3634 618 3688 tuerint·
635 3636 676 3688 All
693 3635 767 3704 (1¹1in
782 3635 941 3698 dicendum,
984 3647 1077 3711 ruptio
1091 3644 1319 3709 tricurrnptelant,
1332 3639 1389 3691 sive
1404 3635 1654 3706 incorruptibilem,
1669 3633 1786 3700 perside·

63 3730 189 3805 quia
209 3722 354 3777 videlicet
367 3723 395 3776 in
406 3724 495 3778 Adam
510 3731 665 3794 peccatore,
678 3723 726 3794 qui
739 3740 836 3777 omnes
850 3740 945 3794 pccca-
986 3734 1033 3791 ιιι,
1050 3730 1133 3783 idest
1155 3728 1387 3783 resurrectionem
1404 3742 1459 3780 non
1476 3721 1628 3796 possidebit
1642 3720 1785 3791 corruptio

62 3828 201 3877 tores
221 3813 341 3883 genuit.
359 3813 657 3883 comphrehenduntur
671 3829 767 3866 omnes
785 3820 944 3882 peccatores
986 3818 1089 3888 aliqua,
1107 3817 1173 3887 quia
1197 3832 1252 3869 non
1268 3815 1321 3869 erit
1334 3816 1393 3884 jam
1408 3813 1438 3866 in
1460 3812 1633 3866 resuscitatis
1647 3809 1683 3864 ad
1700 3810 1785 3864 vitam

62 3920 221 3978 usque
250 3901 290 3954 ad
311 3899 464 3955 Christum.
487 3901 615 3955 Christus
636 3909 730 3955 autem
750 3902 811 3955 sine
831 3905 943 3970 peccato
986 3907 1143 3960 mortalitas
1158 3911 1187 3959 et
1198 3904 1353 3974 corruptio.

64 4013 188 4056 mos
208 3990 320 4046 fideles
329 3990 359 4043 in
370 3991 539 4060 baptismate
550 3990 655 4060 absque
668 3997 781 4061 peccato
794 3990 861 4043 iacit
870 4005 942 4055 esse,
1022 3996 1086 4048 Ecce
1102 3996 1266 4063 repetentum
1277 3994 1350 4045 cobis
1363 3992 1433 4054 dico,
1447 3991 1474 4044 id
1490 3995 1532 4043 est
1547 3994 1684 4042 secretum
1696 3993 1725 4042 et
1738 4003 1786 4042 oc·

70 4084 273 4161 quoniam
285 4080 505 4150 chirographum
518 4080 617 4134 mortis
628 4080 739 4150 penitus
750 4079 832 4132 tollit.
845 4078 944 4149 ltaque
986 4083 1091 4137 cultum
1102 4082 1175 4152 quod
1188 4082 1257 4135 latet
1268 4080 1407 4145 infideles,
1416 4080 1459 4132 vel
1470 4078 1543 4149 quod
1556 4078 1691 4131 hactenus
1702 4075 1786 4131 latuit

65 4171 280 4234 secundus
303 4169 346 4223 vel
369 4170 537 4223 novissimus
558 4169 646 4222 Adam
669 4175 743 4221 recte
757 4167 870 4230 dicitur,
887 4184 943 4221 non
986 4190 1043 4226 vos.
1054 4174 1125 4227 Nam
1139 4170 1303 4242 mysterium
1315 4170 1442 4223 Graecum
1455 4174 1507 4232 est,
1520 4168 1593 4238 quod
1607 4167 1704 4221 Latine
1714 4164 1785 4220 dici.

70 4264 234 4323 ordine
263 4256 316 4312 sed
345 4258 409 4313 iacti
434 4258 610 4324 imitatione,
631 4257 764 4327 quoniam
788 4257 878 4311 donec
907 4257 942 4310 ad
984 4270 1032 4317 tur
1046 4269 1183 4316 secretum
1201 4266 1229 4314 et
1243 4260 1393 4315 occultum.
1413 4259 1511 4313 Omnes
1532 4258 1642 4325 quidem
1658 4269 1785 4323 resurge·
1860 4249 1866 4260 ⁸

72 4352 284 4412 Christum
299 4348 443 4418 perfidem
459 4363 491 4401 ac
507 4346 678 4417 baptismum
692 4352 831 4411 transeas,
843 4346 878 4399 ad
890 4345 975 4447 pri·D
986 4369 1056 4414 inus,
1072 4351 1155 4404 idest
1170 4349 1275 4403 boniet
1289 4349 1355 4403 mali
1369 4367 1375 4416 ς
1391 4349 1436 4401 aed
1452 4364 1506 4401 reon
1522 4363 1613 4400 ornnes
1624 4345 1786 4400 immutabi-

74 4455 209 4499 mum
237 4436 334 4490 :idam
355 4437 488 4507 pertines,
505 4436 636 4505 deinceps
652 4452 715 4489 vero
731 4435 765 4487 ad
788 4435 942 4488 secundum
985 4454 1060 4504 enarr,
1072 4439 1206 4494 subaudis
1216 4439 1250 4491 ad
1261 4438 1391 4508 gloriam,
1405 4436 1432 4490 id
1444 4442 1487 4490 est
1497 4453 1553 4489 non
1563 4433 1786 4505 glorificabimur

76 4531 241 4589 Adam.
257 4527 308 4599 qui
323 4526 568 4598 prevaricationes
581 4526 665 4596 primi
680 4526 815 4579 remittat.
828 4526 901 4578 Nam
915 4531 943 4577 et
985 4545 1090 4583 omncs.
1108 4528 1152 4581 llli
1168 4529 1242 4581 enirn
1259 4544 1313 4580 non
1328 4525 1570 4597 glorificabuntur,
1585 4524 1633 4595 qui
1649 4523 1725 4577 velut
1743 4523 1785 4577 sol

78 4628 141 4675 tu
160 4617 292 4690 primus
302 4632 332 4670 es
345 4615 436 4669 adam
450 4631 597 4686 usquequo
608 4614 771 4684 baptizeris:
789 4612 940 4677 secundus,
984 4618 1133 4689 fulgebunt
1147 4618 1175 4671 in
1189 4633 1275 4687 regno
1290 4616 1382 4669 Patris
1396 4614 1450 4668 sui.

82 4723 197 4763 cum
214 4704 382 4777 baptizaris.
1021 4709 1054 4761 In
1069 4711 1214 4761 maritante.
1231 4706 1405 4759 Momentum
1420 4708 1463 4754 est
1476 4698 1621 4753 minimum
1637 4702 1722 4767 atque
1737 4713 1786 4752 an·

150 4796 226 4851 sal
237 4810 296 4848 nan
308 4797 390 4862 pctus
400 4795 472 4861 qaod
482 4795 609 4861 spiritale
623 4797 671 4858 est,
683 4791 807 4860 sedqnod
818 4793 942 4846 animate
982 4796 1176 4866 gustissimum
1199 4801 1319 4864 tempus,
1342 4796 1468 4845 vocatum
1483 4804 1500 4841 a
1516 4792 1592 4840 motu
1615 4786 1739 4841 siderum
1754 4794 1785 4842 et

88 4890 185 4946 est,
199 4882 383 4951 deirnlegaod
393 4885 520 4951 spiritate
531 4888 583 4943 est,
597 4880 728 4952 quoniam
741 4884 848 4951 primus
858 4880 942 4934 homo
983 4884 1138 4947 stellarum,
1149 4901 1198 4955 per
1209 4883 1282 4953 qued
1291 4880 1467 4951 significatur
1476 4875 1786 4947 brerissimumtempo·

88 4977 170 5026 est
195 4971 335 5032 mortalis,
354 4970 535 5042 postmodum
550 4987 615 5024 vero
628 4971 748 5024 eflicitur
762 4969 940 5023 immortalis.
983 4973 1022 5026 ris
1036 4973 1174 5043 spatium;
1191 4979 1234 5024 est
1253 4970 1326 5024 enirn
1341 4964 1505 5021 extremitas
1519 4963 1594 5017 horae
1610 4963 1638 5016 in
1653 4962 1785 5019 brevibus

153 5061 290 5115 Prinrrn
303 5061 394 5127 homo,
405 5060 507 5122 Adam,
518 5063 550 5114 (la
560 5066 636 5114 terra
651 5065 790 5120 terrenae·
807 5060 942 5112 secundus
984 5061 1139 5115 intervallis
1154 5077 1217 5113 cum
1231 5056 1336 5128 aliquid
1347 5055 1398 5109 sibi
1414 5052 1582 5121 caditatque
1592 5051 1735 5119 succedit;
1751 5055 1784 5108 tn

93 5145 229 5213 homa,
245 5149 386 5214 Christus,
411 5150 442 5203 de
471 5152 533 5204 cato
559 5152 678 5204 caleatis.
700 5149 779 5203 Unde
803 5149 863 5220 ipse
877 5148 940 5202 ait:
985 5141 1785 5215 irtuocutt.lctusneuliestquodpalpebraicit,idestpar-

96 5231 225 5291 Nemo
239 5241 362 5292 ascendit
375 5242 406 5292 in
421 5241 527 5301 calam,
541 5241 598 5291 nisi
611 5241 660 5307 qui
673 5240 704 5291 da
719 5241 780 5291 ecto
794 5239 940 5299 ‹terrendit
984 5240 1053 5293 cutit
1068 5239 1187 5291 oculum.
1205 5236 1246 5289 vel
1263 5234 1344 5304 (quod
1362 5231 1462 5286 rnelius
1476 5231 1536 5285 vult
1551 5231 1735 5301 Augustinus)
1747 5247 1784 5287 ne

101 5316 230 5378 Filias
245 5327 377 5394 hominis,
394 5332 444 5396 qai
455 5333 493 5382 est
506 5331 537 5380 in
551 5331 613 5382 carlo
630 5330 719 5394 (duait.
738 5339 790 5390 int.
806 5328 868 5380 Non
884 5327 942 5397 ipse
984 5337 1063 5383 tanta
1079 5342 1157 5379 mora
1173 5326 1221 5377 tint
1237 5323 1392 5394 injudicio,
1414 5322 1487 5373 ictus
1510 5321 1583 5374 oculi
1606 5321 1783 5390 intelligitur,

98 5398 226 5467 homo
240 5432 293 5486 per
301 5432 331 5469 se
344 5416 379 5469 de
391 5417 460 5470 ento
471 5416 625 5481 descendit,
637 5417 683 5470 sed
698 5417 727 5470 in
737 5416 882 5469 divinitate
898 5423 942 5469 ta-
984 5433 1039 5487 quo
1058 5415 1125 5468 solis
1148 5413 1295 5484 splendore
1310 5411 1413 5472 subito,
1429 5416 1462 5462 ut
1484 5409 1527 5461 vix
1547 5410 1664 5479 cogitari
1685 5407 1781 5478 possit,

103 5499 217 5569 men,
229 5520 293 5559 cum
306 5522 362 5577 qua
373 5522 429 5562 una
441 5515 485 5561 est
493 5524 623 5578 persona.
635 5506 762 5561 eoelestis
773 5513 867 5558 autern
881 5504 942 5557 ideo
983 5505 1082 5558 teritur
1095 5504 1206 5569 oculus;
1225 5506 1255 5555 in
1270 5503 1418 5556 ncrastino
1430 5498 1506 5561 tuba,
1518 5498 1545 5551 id
1559 5508 1602 5552 est
1616 5499 1643 5550 in
1660 5511 1723 5549 voce
1734 5510 1784 5551 aa·

105 5588 267 5663 'matun
279 5595 479 5679 quinceium
487 5596 543 5652 tuit
553 5597 615 5683 ejus
624 5595 788 5663 incarnata,
799 5593 941 5663 nativitas,
982 5593 1081 5664 gelica,
1097 5592 1229 5663 quoniam
1241 5591 1378 5647 Dominus
1394 5587 1423 5644 in
1434 5586 1519 5656 jussu
1529 5586 1581 5641 Dei
1594 5584 1696 5650 Patris,
1708 5587 1739 5637 et
1752 5581 1782 5643 in
