3818 6104
147 294 197 353 tlt
370 291 559 347 trarnoa'rs
580 293 827 349 lthllERSTh'l'.
846 293 958 348 EllSG.
977 294 1056 347 OPP.
1070 295 1163 349 PhliS
1177 295 1199 349 l.
1217 324 1249 335 -
1266 293 1456 350 colluunt.
1475 295 1572 353 atne.
1739 301 1787 354 'tlt

145 426 188 474 ert
201 418 312 476 dicere:
327 416 373 472 Ita
397 423 458 472 erat
472 419 541 472 fisus
564 417 598 472 de
613 416 667 471 Dei
686 417 827 487 adjutorio
846 422 875 471 ct
901 417 972 476 itah
985 421 1046 470 tear.
1055 417 1116 470 Non
1128 418 1202 470 enim
1213 416 1345 471 tubarum
1357 417 1465 472 sonitus
1477 435 1626 472 murorum
1637 437 1706 473 saxa
1715 421 1785 491 deje-

144 523 257 578 semper
270 505 305 559 de
324 507 385 577 ejus
404 506 576 576 protectione
593 523 708 560 securus
720 512 790 569 erat,
806 513 942 577 tanquam
984 505 1031 568 cit,
1048 505 1095 559 sed
1106 506 1175 559 fides
1191 523 1246 576 qua
1263 506 1303 559 illi
1316 505 1498 560 crediderunt
1511 506 1580 569 [teo.
1595 508 1698 578 dejecit
1712 510 1780 567 illos.

144 595 365 666 omnipotentem
392 595 482 649 Deum
512 595 559 665 qui
589 600 691 649 natura
719 599 762 649 est
787 595 943 657 invisibilis,
985 593 1117 664 Legimus
1131 594 1204 664 quod
1215 594 1335 648 Domino
1350 595 1539 665 praecipiente.
1556 594 1646 650 Josue
1661 599 1784 669 pmcepir

143 699 255 754 semper
268 686 433 754 praesentem
448 682 594 753 aspiceret.
986 697 1079 735 arcam
1097 681 1147 736 Dei
1162 683 1269 753 portari
1280 700 1331 754 per
1344 688 1451 754 septem
1463 684 1562 738 diesin
1570 685 1694 739 circuitu
1703 687 1782 741 llieri·

179 773 242 826 Pide
260 772 404 826 celebrauit
419 773 522 825 Pascha
537 776 562 824 et
580 775 727 839 sonpm'nr's
740 775 946 837 effusionempre
967 774 970 779 ’
987 770 1039 823 cho
1059 787 1091 825 ae
1107 787 1258 842 personare
1270 770 1485 842 tubis.Septimo
1495 777 1593 826 autem
1609 772 1656 827 die
1671 790 1732 827 cum
1745 775 1782 829 in·

142 861 321 929 quirostohot
328 861 486 928 primitivo,
501 864 623 926 tangeret
638 876 688 912 cos.
698 859 946 931 Fidequabloyscs
987 859 1163 929 crepuissent
1176 858 1261 923 tubis,
1282 867 1450 914 corruerunt
1464 861 1539 914 muri
1566 860 1703 915 Hiericho
1718 865 1779 933 quod

142 947 260 1002 credidit
270 965 321 1018 per
336 947 413 1002 illurn
429 946 594 1016 sanguinem
609 947 774 1001 saltandum
788 966 849 1003 esse
861 967 946 1020 popu·
986 963 1003 1000 a
1017 963 1121 1017 magno
1136 948 1271 1019 mysterio
1292 964 1348 1002 non
1368 953 1448 1001 vacat
1474 949 1610 1002 Hiericho
1625 966 1689 1020 quae
1703 951 1778 1006 inter·

141 1036 212 1102 lum,
227 1035 378 1091 celebrarit
392 1036 497 1090 Pascha
512 1041 540 1089 et
554 1035 702 1104 sanguinis
717 1036 878 1090 allusionem
889 1053 944 1108 quo
985 1040 1113 1105 pretatur
1128 1036 1204 1101 luna,
1222 1037 1344 1107 speciem
1361 1036 1558 1106 hujusmundi
1574 1043 1664 1102 tenet,
1672 1039 1733 1109 quia
1747 1041 1777 1094 si·

141 1124 233 1178 linivit
261 1128 409 1197 postes,ne
434 1124 552 1193 angelus
581 1123 627 1194 qui
649 1124 776 1178 restabat
802 1125 944 1195 primitiva
984 1129 1033 1176 cut
1055 1123 1122 1176 luna
1142 1125 1293 1178 menstruis
1317 1124 1551 1196 completionibus
1565 1126 1674 1188 deficit,
1687 1128 1725 1181 ita
1741 1128 1777 1183 bic

140 1213 489 1286 AEgyptiorum,altligeret
501 1211 657 1275 Israelitas,
673 1229 704 1265 ac
717 1213 739 1265 si
755 1212 860 1268 diceret
874 1214 938 1267 illis:
983 1209 1283 1281 mundusquotidianis
1293 1212 1494 1267 deiectionibus
1504 1214 1590 1268 cadit.
1606 1215 1640 1268 ln
1651 1231 1776 1272 arcarero

141 1300 170 1355 Si
184 1300 298 1372 sanguis
313 1300 378 1370 agni
395 1299 481 1370 typici
495 1300 524 1352 in
537 1298 628 1352 rncdio
643 1298 854 1370 AEgyptiorum,
870 1306 896 1353 et
912 1301 941 1354 in
983 1299 1107 1352 Ecclesia
1122 1301 1269 1370 figuratur,
1286 1301 1314 1354 in
1330 1299 1404 1355 tubis
1419 1308 1513 1355 autern
1530 1304 1776 1373 areis‚praedicato

139 1394 220 1442 tanta
237 1388 430 1442 devastatione
446 1387 546 1440 illaesos
561 1387 810 1453 serraritludaeos,
822 1405 940 1458 quorum
983 1403 1026 1440 res
1040 1388 1127 1442 sortes
1140 1388 1332 1459 accipiuntur;
1348 1390 1443 1453 losue,
1460 1390 1508 1459 qui
1533 1391 1720 1446 circumdedit
1736 1411 1774 1447 ar·

141 1483 235 1548 postes
246 1477 360 1531 luerunt
376 1476 495 1546 respersi
512 1475 559 1528 illo
573 1475 811 1544 sanguine‚multo
822 1477 942 1547 amplius
984 1491 1056 1539 ram,
1073 1477 1202 1531 Christus
1217 1483 1269 1540 est,
1285 1477 1332 1547 qui
1354 1477 1505 1532 Ecclesiam
1534 1495 1617 1533 suam
1646 1482 1774 1551 perhunc

140 1565 258 1620 salvabit
272 1582 323 1618 nos
334 1565 449 1634 sanguis
464 1563 514 1617 riri
530 1563 604 1632 agni,
615 1563 668 1616 lmc
682 1573 723 1616 cst
737 1564 853 1624 Christi,
870 1582 940 1634 quo·
984 1564 1119 1618 mundum
1142 1565 1290 1635 gubernat.
1301 1567 1380 1620 llanc
1389 1583 1456 1637 ergo
1472 1568 1572 1622 urbem
1591 1570 1773 1625 llietichodie

139 1654 294 1718 rumestat,
312 1654 338 1706 id
355 1659 397 1706 est
413 1652 519 1706 frontes
534 1650 643 1705 inunita
659 1656 726 1705 sunt
739 1651 819 1721 signo
833 1653 940 1723 passio·
983 1649 1035 1705 bus
1048 1659 1154 1723 septem
1186 1653 1320 1707 israelita
1343 1655 1464 1708 lercntcs
1484 1673 1591 1721 arcam,
1608 1658 1694 1711 reneis
1715 1658 1778 1712 tubis

139 1742 183 1796 nis
194 1742 308 1796 christi.
324 1741 432 1795 'l'imuit
446 1741 520 1793 enim
534 1740 613 1793 illum
630 1739 794 1807 sanguinem
813 1741 940 1809 angelus,
951 1731 972 1788 Β
983 1738 1400 1809 clangentibuscircumeunt,et
1415 1742 1488 1796 muri
1504 1744 1568 1812 ejus
1583 1761 1775 1816 perarcaepre

137 1831 298 1901 intelligens
313 1830 351 1884 ibi
364 1829 538 1883 Dominicam
555 1833 721 1884 mortemne
730 1836 876 1898 propterea
887 1845 941 1883 non
983 1827 1103 1880 sentiam
1116 1835 1200 1899 atque
1212 1845 1348 1883 aerearum
1367 1829 1498 1883 tubarum
1523 1832 1649 1885 sonitum
1675 1834 1773 1898 cadunt,

137 1919 229 1989 tetigit
244 1917 422 1989 postes,licet
436 1916 508 1987 quod
519 1914 602 1969 fiebat
618 1917 686 1969 nihil
703 1924 789 1970 esset:
804 1917 851 1969 scd
867 1917 941 1987 quod
983 1915 1048 1984 quia
1061 1915 1089 1968 in
1104 1917 1157 1970 hoc
1171 1923 1298 1988 tempore
1313 1919 1386 1988 quod
1402 1924 1511 1988 septem
1526 1919 1640 1974 dierum
1655 1922 1773 1976 vicissitu-

136 2024 186 2078 per
200 2007 269 2061 illud
286 2006 379 2068 habat,
398 2021 530 2074 magnum
552 2011 622 2058 erat.
640 2005 783 2075 Sanguine
798 2005 863 2074 agni
885 2005 941 2059 illi·
982 2002 1454 2067 dinevolntu1·,detenurarcu,id
1470 2008 1607 2066 est,dum
1624 2008 1770 2064 orbemter·

136 2102 244 2148 nuntur
272 2093 465 2147 lsraelitarurn
495 2102 598 2162 postes,
623 2108 658 2145 ne
682 2099 805 2145 vastator
823 2093 940 2162 angelus
982 2106 1076 2143 rarum
1093 2092 1231 2146 circuiens
1248 2094 1556 2150 moreturEcclesiaad
1573 2098 1769 2167 predicantium

135 2182 238 2235 audeat
253 2181 356 2234 inferre
379 2184 498 2233 mortem
512 2199 519 2246 ;
535 2179 684 2248 signantur
698 2180 849 2234 Dorninicae
874 2197 938 2250 pas-
980 2193 1070 2231 roces:
1082 2179 1161 2249 quasi
1175 2180 1208 2232 ad
1224 2183 1356 2235 tubarum
1368 2183 1491 2237 sonitum
1508 2186 1584 2238 rnuri
1599 2187 1732 2243 lliericho.
1747 2187 1767 2240 id

135 2269 375 2338 sionissignaculo
391 2267 487 2321 tideles
501 2267 596 2338 populi
612 2268 639 2320 in
655 2268 795 2321 frontibus
811 2269 845 2321 ad
862 2274 939 2323 tute·
980 2273 1022 2318 est
1033 2266 1098 2319 elati
1117 2267 1200 2336 hujus
1215 2270 1312 2323 mundi
1325 2276 1353 2323 et
1366 2270 1515 2341 principes,
1532 2289 1565 2326 ac
1580 2274 1700 2344 superba
1715 2275 1767 2328 ioli·

135 2357 190 2411 tam
206 2357 314 2418 salutis,
330 2362 362 2410 ut
376 2356 411 2409 ab
422 2356 537 2410 interitu
549 2356 713 2409 liberentur.
979 2353 1252 2410 dclitatisohstacula
1267 2358 1541 2422 corruunt‚donecin
1552 2362 1611 2415 fine
1626 2370 1763 2434 temporum

171 2447 233 2500 Fide
249 2447 424 2500 transierunt
443 2459 519 2497 enare
535 2445 658 2499 llrrhrum
676 2451 808 2512 tanguam
819 2449 938 2513 perari-
979 2458 1054 2495 mors
1070 2445 1344 2498 norissimainirnica
1359 2446 1532 2501 destruatur.

134 2536 198 2589 clam
217 2535 411 2602 bercangum
425 2535 530 2601 raperti
545 2534 666 2601 AEppptii
678 2535 937 2590 der·orutisant.hc
1014 2531 1077 2583 rrae
1093 2534 1311 2587 Paubnrerctrt'c
1335 2551 1391 2588 aon
1414 2539 1502 2602 periit
1525 2554 1590 2591 cara
1620 2541 1759 2601 incredulis,

133 2625 155 2678 si
172 2623 277 2678 diceret
290 2622 344 2676 illis
354 2621 455 2692 quibus
467 2621 520 2674 ista
531 2607 678 2674 scribebat:
691 2622 721 2674 ln
736 2623 937 2677 tanturnhdcm
979 2621 1113 2686 recipiens
1124 2624 1307 2687 replerolorcs
1330 2639 1392 2676 curn
1416 2640 1491 2691 paco.
1509 2623 1644 2695 Magnam
1659 2628 1759 2681 consola

134 2713 252 2767 tirmiter
266 2717 363 2765 tenere
377 2709 523 2775 debemus,
539 2716 572 2762 ut
586 2709 697 2778 quando
715 2708 742 2762 in
762 2710 937 2780 desperatio.
978 2706 1083 2759 tionem
1096 2713 1124 2760 et
1147 2709 1367 2765 exhortationem
1384 2710 1482 2765 beatus
1504 2716 1657 2783 Apostolus
1672 2716 1718 2768 isto
1737 2715 1756 2767 ia

133 2817 195 2855 nem
219 2801 342 2870 aliquam
359 2798 471 2852 animus
487 2804 582 2851 noster
601 2799 729 2852 fluctuat.
743 2803 810 2851 tunc
825 2815 936 2870 quoque
978 2793 1039 2847 loco
1050 2795 1180 2848 omnibus
1194 2797 1315 2866 prabet:
1333 2799 1435 2869 quiesi
1451 2801 1586 2855 meretrix
1610 2803 1720 2857 infidelis
1737 2808 1755 2854 rt

131 2890 174 2943 psi
190 2890 278 2943 simus
294 2894 324 2942 ,g
341 2887 503 2948 liberemur,
522 2903 556 2939 ac
570 2886 592 2938 si
608 2901 697 2955 usqne
710 2886 744 2938 ad
759 2892 876 2940 mortem
889 2904 935 2940 ve.
978 2881 1136 2943 idololatra,
1148 2886 1208 2938 sola
1218 2886 1272 2939 fide
1285 2886 1390 2939 salvata
1404 2889 1550 2951 est,multo
1562 2892 1653 2960 magis
1665 2892 1702 2945 illi
1714 2891 1753 2944 sal·

130 2980 252 3042 niamus,
267 2986 296 3031 et
310 2977 332 3031 si
344 2978 378 3030 de
394 2977 474 3030 nobis
486 2976 798 3046 ‹lesperetnraQurenam
814 2994 934 3047 spespo-
944 2995 965 3054 C
976 2970 1125 3038 rabuntur,
1142 2973 1190 3043 qui
1206 2975 1374 3043 adgrariora
1388 2975 1507 3030 crimina
1532 2994 1589 3031 non
1605 2985 1669 3033 sunt
1685 2980 1752 3051 prola·

130 3071 205 3119 terat
222 3081 284 3118 esse
297 3064 375 3117 illis?
391 3064 428 3117 Ex
453 3079 508 3116 una
522 3063 597 3116 enim
621 3070 700 3133 parte
715 3069 777 3117 erat
798 3081 886 3122 rnnr'e.
902 3082 934 3118 ex
977 3059 1029 3129 psi,
1047 3060 1111 3113 acsi
1128 3060 1380 3130 patentcrdiceret:
1396 3063 1583 3119 Inhonestum
1597 3068 1751 3123 estsi'rnere·
1802 3086 1804 3097 ·

129 3153 218 3206 altera
226 3158 306 3222 parte
317 3151 504 3219 cingebantur
516 3150 660 3203 altissimis
672 3151 842 3217 montibusa
852 3155 935 3206 tertia
977 3148 1045 3200 trice
1057 3148 1226 3202 inlideliorcs
1237 3150 1487 3204 estislllatnntum
1502 3153 1632 3209 homines
1647 3156 1750 3209 nuntian-

130 3246 210 3312 parte
226 3246 308 3293 crant
331 3240 436 3293 hostes.
454 3239 484 3292 Si
499 3239 602 3291 rellent
631 3241 737 3308 sugero,
755 3245 805 3293 aut.
818 3242 846 3293 in
863 3242 934 3295 mari
975 3243 1018 3289 tes
1033 3236 1150 3295 audivit.
1166 3237 1368 3309 confestimque
1381 3239 1515 3293 credidit:
1540 3259 1591 3297 ros
1614 3251 1751 3299 autemnon
1802 3242 1804 3289 ἶ

129 3335 211 3382 erant
225 3325 354 3397 perituri,
369 3332 417 3378 aut
441 3325 469 3378 in
489 3341 590 3378 manus
605 3325 804 3395 AEgrptiorum
827 3327 933 3380 incide·
974 3325 1064 3378 solum
1080 3325 1207 3378 homines
1223 3326 1337 3389 auditis,
1355 3330 1551 3384 verumetiam
1567 3349 1646 3387 roces
1658 3333 1750 3404 prophe·
1802 3308 1804 3403 i

129 3423 202 3471 rent.
217 3413 359 3469 Habentes
383 3421 476 3467 autern
498 3413 581 3467 tidem
598 3419 697 3466 curn-ta
714 3413 847 3471 ricerunt,
867 3416 933 3470 Fide
974 3418 1077 3473 taram,
1091 3431 1151 3484 quae
1168 3432 1217 3484 per
1232 3431 1315 3468 omne
1330 3416 1476 3471 sabbatam
1501 3419 1644 3490 leguntur:
1659 3428 1685 3476 ct
1697 3423 1752 3476 iasu-
1802 3406 1804 3463 Ῑ

129 3504 204 3560 enim
222 3520 277 3574 qua
303 3502 421 3556 credidit
444 3503 554 3572 Moyses
576 3501 690 3559 lleo,nd
718 3501 831 3555 rcrbum
857 3503 935 3557 illius
978 3501 1133 3571 peripsum
1152 3502 1253 3556 Filium
1278 3503 1328 3557 Dei
1343 3505 1378 3557 ad
1394 3522 1442 3559 ros
1458 3508 1578 3563 missum
1598 3511 1749 3581 cognoscitis.
1801 3486 1804 3559 i

129 3593 270 3665 percussit
284 3608 370 3656 matre,
385 3597 414 3645 et
428 3589 522 3643 divisit
536 3589 604 3642 illud
622 3589 650 3642 in
665 3589 811 3643 duodecim
826 3590 934 3648 divisio.
976 3589 1047 3642 Nam
1064 3589 1141 3643 Raab
1160 3591 1287 3644 tellectum
1315 3593 1378 3646 tidai
1402 3602 1555 3650 consecuta
1578 3604 1629 3652 est.
1645 3599 1751 3655 Omnibus
1802 3592 1804 3609 '

130 3681 354 3753 nesp'urtaquod
368 3680 396 3734 in
410 3678 530 3732 Psalmis
545 3677 658 3731 dicitur:
674 3679 826 3732 Credentes
837 3696 934 3734 omnes
975 3677 1079 3748 quippe
1096 3679 1279 3749 pereuntibus
1295 3680 1354 3734 sola
1376 3681 1483 3736 salvata
1506 3691 1560 3738 cst.
1578 3687 1654 3741 Raab
1670 3694 1749 3748 autea,
1802 3668 1804 3721 ἶ

130 3772 184 3827 illae
195 3770 286 3825 tribus
298 3768 494 3836 siccorestigio
504 3783 585 3837 posse
595 3766 716 3820 transire
725 3783 811 3832 mare,
822 3768 931 3838 ingres·
974 3765 1751 3844 quaeirrterpretaturdilatata,liguramtenetEoclesiequa

131 3877 168 3915 sa
184 3865 260 3931 sunt:
276 3857 324 3912 sed
344 3857 435 3929 prima
450 3854 540 3910 tribus
555 3855 637 3920 tuda,
647 3855 809 3925 juxtaquorl
819 3855 846 3909 in
863 3856 934 3910 Osee
975 3852 1094 3906 dilatata
1105 3859 1148 3906 est
1163 3852 1198 3906 ab
1213 3853 1320 3908 oriente
1334 3855 1361 3909 in
1373 3857 1599 3923 occidentomab
1613 3860 1751 3933 aquilonein

131 3949 243 4018 legitur:
260 3946 344 4010 Juda,
368 3944 470 4015 inquit,
487 3944 616 4014 princeps
640 3959 703 3997 curn
724 3943 782 3996 Deo
798 3943 826 3998 in
851 3944 931 3998 mari.
976 3940 1133 4006 meridiem,
1147 3947 1175 3995 et
1191 3942 1367 3997 latitudinem
1385 3944 1751 4014 charitatishabet,intantun

131 4035 391 4108 Quapropterillud
408 4049 486 4086 arare
502 4032 626 4086 Hebraeis
647 4031 700 4085 fuit
716 4048 730 4084 a
747 4031 852 4085 dextris
868 4039 897 4085 et
917 4048 935 4085 a
975 4033 1007 4081 ut
1034 4027 1118 4080 etiam
1134 4045 1185 4099 pro
1213 4028 1281 4100 ipsis
1300 4029 1421 4085 inimicis
1435 4035 1595 4091 orationem
1622 4035 1752 4093 tundatit

131 4126 254 4181 sinistris
276 4141 327 4195 pro
340 4139 431 4184 muro,
444 4121 570 4190 praebcns
585 4120 624 4174 eis
641 4119 746 4173 siccum
761 4120 833 4174 iter:
848 4119 934 4190 AEgy·
975 4115 1047 4170 bene
1057 4116 1092 4169 de
1107 4118 1246 4171 extraneis
1258 4125 1344 4189 atque
1354 4119 1454 4174 alicnis
1467 4124 1603 4191 gentibus
1613 4134 1672 4181 erat
1684 4127 1751 4180 riscus
1802 4134 1804 4139 '

131 4215 205 4284 ptios
216 4217 310 4265 autam
327 4209 487 4264 submersit.
507 4208 587 4262 Unde
609 4207 676 4261 dicit
699 4207 850 4277 Apostolus
870 4209 936 4278 quia
976 4204 1005 4259 in
1021 4204 1168 4258 desideriis
1182 4206 1319 4273 carnisne
1335 4207 1512 4264 fornicationi
1526 4212 1751 4284 desertasque

133 4300 239 4370 raperti
264 4298 332 4351 illud
357 4295 479 4366 AEgyptii
502 4295 625 4349 devorati
648 4301 723 4360 sunt,
748 4302 937 4365 cognorerunt
978 4292 1099 4347 Ecclesia
1115 4292 1207 4346 aliona
1226 4302 1287 4348 crat
1300 4302 1366 4349 ante
1381 4297 1494 4351 Domini
1509 4301 1660 4357 adrentum
1675 4304 1750 4362 aba.

132 4388 207 4441 enim
235 4386 308 4457 qnod
338 4400 415 4438 nrare
449 4388 523 4436 essct
556 4383 592 4435 Ex
621 4383 674 4436 hoe
701 4383 775 4436 enim
805 4384 937 4454 apparuit
976 4381 1129 4433 secundum
1157 4380 1297 4435 desideria
1314 4383 1406 4438 rirens
1432 4387 1525 4442 carnis
1546 4392 1751 4460 tornicationique

133 4493 236 4548 aquarn
252 4491 322 4537 esse,
336 4472 403 4544 quia
427 4471 467 4524 illi
492 4471 614 4524 virentes
628 4470 751 4542 absorpti
765 4480 840 4531 sunt,
858 4479 886 4526 et
901 4489 933 4525 ex
975 4475 1059 4538 atque
1071 4468 1236 4524 idololatriae
1250 4471 1578 4546 deserriensPostquam
1590 4486 1681 4534 autem
1693 4480 1751 4532 lesus

134 4578 185 4621 noc
200 4563 331 4637 apparuit
345 4578 400 4616 non
414 4577 474 4615 osse
491 4559 679 4630 phantasiam,
696 4562 743 4613 sed
758 4576 849 4614 rerum
866 4561 934 4615 reri·
974 4573 1056 4610 verus
1071 4557 1148 4610 misit
1163 4558 1198 4610 ad
1219 4574 1279 4612 cam
1295 4559 1365 4614 d'uos
1386 4562 1588 4632 exploratores,
1606 4567 1656 4622 hoc
1668 4575 1704 4622 est
1715 4566 1752 4618 Pe

133 4664 230 4719 tatem,
243 4670 327 4726 quam
338 4651 442 4722 experti
454 4648 586 4720 AEgyptii,
597 4648 721 4702 devorati
733 4655 808 4702 sunt.
821 4649 931 4719 hllego·
974 4651 1048 4696 trmn
1063 4651 1091 4698 et
1106 4646 1234 4703 Paulum,
1243 4647 1301 4701 sire
1315 4649 1370 4702 duo
1384 4655 1566 4719 testamenta,
1581 4656 1669 4710 fidelis
1679 4656 1752 4709 etan

133 4747 189 4798 rice
218 4752 311 4798 autem
339 4756 418 4795 mare
433 4738 558 4792 Rubrum
583 4735 739 4806 baptismus
754 4742 805 4802 est,
832 4735 934 4791 rubore
975 4732 1751 4812 reliquitfornicationemidololatr·iae,srcquesalratacst,

108 4857 110 4862 .
132 4832 276 4900 sanguinis
291 4828 395 4885 Christi
408 4831 604 4890 consecratus;
623 4823 729 4878 llebraei
745 4825 791 4896 qui
803 4827 931 4880 exierunt
970 4831 998 4875 et
1017 4822 1142 4876 salvatur
1153 4823 1277 4893 quotidie
1292 4840 1328 4878 ne
1343 4834 1438 4895 pereat
1452 4844 1515 4882 cum
1528 4829 1744 4888 infidelibusllue

133 4918 167 4970 de
178 4919 339 4989 AEgyptoet
351 4915 524 4969 transierunt
535 4929 586 4983 per
596 4928 672 4966 marc
682 4914 816 4977 Rubrum,
833 4913 929 4967 fideles
969 4926 1059 4981 usquc
1075 4910 1200 4963 narrarit
1223 4911 1257 4965 de
1274 4911 1444 4982 legislatore,
1460 4922 1489 4970 et
1503 4917 1539 4972 de
1551 4922 1673 4992 antiquis
1683 4917 1746 4992 pari·

132 5006 260 5072 suntqui
272 5005 499 5073 derelinquentes
509 5001 638 5056 tenebras
648 5002 929 5067 inlidelitatistrans-
970 4997 1032 5063 bus,
1047 5014 1122 5052 nunc
1137 4998 1264 5053 dicturus
1274 5001 1360 5054 estde
1369 5003 1512 5071 judicibus
1527 5007 1747 5078 quisueruntpat

131 5091 226 5144 icrunt
244 5108 294 5160 pec
312 5090 415 5144 lumem
434 5090 618 5162 baptismatis.
636 5091 745 5143 Pharao
764 5095 792 5143 ct
806 5088 929 5161 AEgyptii
969 5086 1067 5150 desua,
1083 5087 1198 5141 nomina
1213 5104 1311 5143 eorum
1331 5094 1528 5149 tantummodo
1547 5110 1745 5153 commemorans

133 5179 236 5232 morttu
246 5185 312 5231 sunt
327 5179 354 5230 in
370 5181 450 5231 nrari.
466 5180 530 5246 quia
544 5178 571 5231 in
584 5179 661 5232 fonte
672 5177 927 5248 baptismatismor·
969 5181 1084 5246 propter
1095 5174 1258 5230 brevitatem
1274 5180 1421 5245 sermonis,
1436 5182 1484 5251 qui
1500 5199 1552 5253 per
1566 5186 1650 5241 fidem
1663 5199 1745 5258 pugua-

130 5272 198 5322 tuus
212 5274 255 5319 ost
269 5265 405 5328 diabolus,
419 5266 573 5319 amittendo
598 5273 764 5336 potestatem
780 5282 862 5336 quam
878 5266 924 5319 ha·
966 5270 1076 5329 rerunt,
1088 5271 1117 5319 et
1127 5272 1225 5335 gentes
1236 5267 1373 5337 plurimas
1388 5270 1525 5327 vicerunt.

132 5354 223 5411 bebat.
250 5354 359 5407 Mortua
374 5358 440 5403 suat
468 5352 552 5405 etiam
580 5360 695 5423 peccata
721 5353 869 5423 originalia
897 5360 925 5407 et
1003 5354 1033 5406 Et
1049 5355 1219 5420 quidarlhac
1238 5357 1471 5425 ‹h'cmntllcficr‘ct
1497 5366 1574 5417 enirn
1600 5383 1643 5420 me
1664 5373 1744 5431 rernm

131 5443 262 5507 actualia,
278 5439 300 5494 si
314 5453 369 5508 qua
388 5441 471 5490 autea
489 5445 578 5493 erunt.
965 5446 1154 5495 cnmrantem.
1168 5445 1224 5498 lloc
1238 5449 1289 5508 est,
1303 5445 1414 5501 deliciet
1425 5455 1539 5520 tempus
1552 5445 1744 5507 destinatumad

163 5533 226 5588 rrae
239 5525 926 5600 tantillitatemcorruet-antehabita‹tterunmcp
966 5529 1144 5583 scribendum
1160 5532 1313 5602 Epistulam
1325 5551 1330 5586 :
1343 5537 1366 5588 si
1380 5540 1482 5591 cuncta
1495 5537 1610 5597 illorum
1625 5541 1744 5610 lacttpfr
