3818 6104
148 245 200 305 385
487 249 678 306 Expostulo
698 252 737 307 IN
756 251 834 306 EPP.
856 251 884 306 S.
907 249 1024 304 PAULI.
1048 280 1080 290 -
1101 250 1140 304 lN
1159 248 1271 304 EPIST.
1292 248 1340 304 AD
1360 246 1448 308 ROM.
1737 251 1790 310 386

148 377 192 427 sto
204 397 211 428 ι
223 373 257 426 ln
271 377 374 428 semine
385 379 433 428 ιιιο
449 375 642 429 benedicentur
656 391 749 430 ornnes
762 380 853 444 gentes
868 374 943 439 (ιλιι.
955 372 1019 434 Aid
1044 379 1087 428 cst
1108 336 1234 428 laudari.
1250 372 1404 443 Subiungit
1423 388 1489 442 ergo
1505 378 1533 427 et
1548 373 1637 428 dicit:
1655 377 1792 445 Il'unquid

148 460 354 532 m'iltNonne
369 463 433 534 quia
442 470 641 518 remanserunt
652 481 684 519 ex
695 464 763 535 ipsis
778 466 813 519 de
828 481 947 535 quorum
990 464 1126 530 iniquitas
1141 467 1178 516 est
1192 464 1267 531 oprtet
1282 464 1367 516 Deum
1382 463 1432 530 qut
1447 463 1532 528 insert
1543 465 1629 529 tenen,
1639 463 1667 517 id
1681 465 1792 519 estvin·
1863 528 1866 535 1

148 551 283 620 progenie
297 551 476 622 postmodnm
502 551 630 606 Christus
652 558 735 607 natus
760 559 815 610 est.
833 553 923 607 Aliter
941 571 946 605 :
990 549 1104 604 dictam.
1120 552 1154 605 Et
1170 557 1214 606 est
1228 567 1327 605 sensus
1346 567 1352 602 ε
1369 550 1399 604 Si
1413 555 1508 604 nostra
1519 550 1653 621 iniquitas
1668 556 1697 606 et
1711 569 1792 608 men·

149 638 283 701 Quamvis
308 640 459 695 multitudo
479 640 640 695 ludaeorum
661 642 690 695 in
705 642 826 696 adventu
845 640 949 697 Christi
990 638 1101 694 dacium
1127 640 1216 694 Deum
1241 638 1409 693 laudabilem
1435 638 1513 703 tacit,
1528 645 1558 693 et
1575 640 1598 694 si
1614 648 1720 710 quanto
1733 658 1793 696 am·

149 741 206 780 non
220 727 380 793 crediderit,
397 735 558 783 tamennon
569 735 612 784 cst
624 736 788 784 evacuatum
803 730 950 800 quodpro·
990 727 1063 799 plius
1078 745 1225 798 peccamus
1244 734 1323 783 tanto
1339 727 1364 781 ei
1380 728 1480 798 placat,
1502 734 1531 782 et
1549 744 1582 782 eo
1596 729 1716 800 amplius
1731 730 1791 801 ipss

150 815 268 869 missum
284 816 376 870 luerat
391 817 494 871 David:
511 820 657 885 defructu
672 821 776 872 ventris
791 823 834 872 tui
846 834 949 887 porcum
991 817 1068 870 solus
1081 817 1175 886 justus
1189 822 1218 871 et
1230 834 1313 871 verax
1327 822 1453 887 apparet,
1469 816 1596 886 nunquid
1612 817 1726 888 iniquus
1750 824 1793 873 est

149 919 232 973 super
246 906 336 958 sedem
348 911 425 959 tuum
437 908 520 974 (Psoi.
536 911 642 974 cxxxi),
653 905 718 977 qnia
731 924 816 978 super
830 907 946 960 creden·
991 904 1066 959 Deus
1081 905 1226 959 inferendo
1242 905 1389 959 vindictam
1402 921 1451 975 pro
1462 905 1544 959 malis
1557 922 1619 976 quae
1634 906 1681 960 ille
1694 907 1752 961 vult
1760 913 1792 962 ut

150 996 191 1045 tes
211 1009 244 1047 ex
259 994 273 1047 J
278 993 364 1048 udaeis
384 995 478 1048 sedem
499 995 673 1066 principatus
688 996 796 1066 accepit
810 995 950 1050 Christus,
991 993 1142 1060 iaciamus,
1156 994 1310 1048 secundum
1325 993 1399 1063 quod
1412 993 1573 1047 stultissimi
1584 994 1683 1050 dicunt
1699 1014 1705 1048 :
1723 996 1793 1051 Om-

152 1078 204 1133 Sed
217 1096 309 1150 neque
323 1081 392 1136 illud
407 1086 572 1137 evacuatum
590 1088 633 1136 est
654 1083 729 1154 quod
748 1083 878 1153 promisit
901 1099 952 1153 per
991 1081 1058 1136 nino
1078 1083 1102 1136 si
1116 1083 1162 1136 ills
1177 1082 1237 1137 vult
1255 1088 1286 1137 ιιι
1300 1098 1455 1153 peccemus,
1471 1082 1543 1136 sicut
1556 1083 1671 1154 quidam
1689 1085 1790 1140 stulto·

152 1169 302 1238 prophetas
319 1187 325 1223 :
340 1170 372 1226 Si
385 1172 472 1238 suerit
485 1187 620 1224 numerus
632 1174 757 1238 filiorum
773 1174 858 1226 lsrael
870 1173 952 1241 quusi
992 1187 1055 1224 rum
1069 1170 1176 1233 dicunt,
1191 1171 1265 1241 quod
1280 1171 1407 1225 neiasest
1419 1170 1534 1241 insuper
1543 1171 1665 1241 cogitare
1674 1173 1787 1244 quando

152 1272 238 1311 arene
253 1262 353 1323 neoris,
366 1262 491 1327 reliquie
503 1261 574 1312 sain
591 1262 666 1327 fient.
992 1259 1129 1314 damnant
1151 1259 1293 1313 hominem
1307 1264 1484 1330 peccatorem
1501 1277 1506 1311 :
1523 1258 1637 1328 iniquus
1652 1266 1703 1324 est,
1722 1261 1790 1332 quia

185 1346 232 1399 Est
243 1352 338 1400 eutem
348 1348 418 1401 lteus
429 1363 522 1413 cerne,
531 1348 806 1401 ueretrisnutembomo
821 1349 950 1403 mendae.
992 1347 1225 1417 iniustejudicat;
1240 1348 1333 1418 potius
1343 1348 1418 1401 enim
1430 1346 1546 1400 deberet
1556 1347 1789 1416 illnmbonorare,

155 1431 225 1487 bens
241 1440 338 1487 autem
352 1450 434 1488 verax
445 1436 572 1507 estquis
585 1436 658 1506 quod
674 1435 805 1507 promisit
819 1436 873 1490 illis
884 1436 952 1490 dare
993 1437 1073 1506 cujus
1085 1436 1218 1506 iniqnitas
1232 1436 1311 1490 illum
1327 1434 1497 1489 laudabilem
1506 1434 1583 1489 iacit.
1598 1435 1652 1491 Sed
1663 1436 1792 1507 quiahoc

154 1526 256 1575 terram
283 1523 510 1593 repromissionis
535 1541 619 1595 opere
640 1524 798 1596 complevit.
817 1524 953 1580 Similiter
993 1541 1089 1579 verum
1104 1542 1161 1579 non
1177 1531 1229 1591 est,
1245 1525 1342 1579 subdit
1356 1523 1529 1595 Apostolus:

154 1610 224 1679 quod
243 1611 376 1681 promisit
392 1612 511 1667 Abrabae
533 1613 569 1666 de
587 1612 698 1667 Christo
713 1613 788 1684 quod
801 1613 831 1667 in
845 1614 952 1668 semine
1027 1612 1185 1668 Secundum
1201 1614 1340 1666 tronn'nern
1353 1614 1422 1674 dico,
1439 1611 1465 1665 id
1481 1617 1532 1678 est,
1547 1613 1700 1667 secundum
1712 1614 1793 1669 intel·

154 1698 211 1767 cius
226 1697 424 1754 benedicendae
437 1700 530 1756 forent
543 1708 755 1772 omnesgentes.
767 1708 796 1757 et
805 1702 879 1772 quod
890 1701 1138 1773 pro-Bligentiam
1154 1701 1274 1755 carnalis
1283 1701 1414 1765 hominis,
1424 1700 1472 1772 qui
1485 1701 1523 1754 nil
1535 1700 1600 1754 boni
1614 1702 1737 1772 cogitare
1748 1719 1794 1757 ra·

148 1785 228 1840 misit
242 1786 337 1840 David
352 1788 386 1841 dc
404 1787 499 1843 fructu
513 1788 601 1842 lumbi
622 1790 684 1859 ejus
696 1806 842 1845 sessurum
855 1806 951 1861 regem
991 1791 1041 1844 let.
1053 1790 1139 1845 Addis
1148 1791 1240 1845 adbuc
1249 1809 1255 1844 :
1264 1792 1349 1846 Absit.
1366 1791 1424 1843 Hoc
1430 1790 1606 1858 jungendum
1617 1791 1792 1862 estadsupe·

147 1890 236 1945 super
249 1875 346 1929 sedem
363 1877 440 1947 regni
453 1878 523 1946 ejus,
540 1881 569 1931 et
578 1894 628 1948 per
638 1877 726 1932 alium
739 1879 905 1950 prophetam
916 1879 951 1933 de
992 1882 1076 1944 riora,
1092 1879 1139 1933 nbi
1156 1879 1246 1934 dixit:
1264 1879 1397 1949 Nunquid
1413 1878 1526 1948 iniquus
1541 1883 1585 1932 est
1597 1879 1672 1933 Deus
1687 1880 1735 1951 qni
1751 1880 1794 1934 in·

138 1963 241 2017 salute
264 1963 450 2035 reliquiarum
463 1971 555 2020 totum
568 1966 724 2036 complevit.
742 1967 840 2021 Onmis
856 1972 950 2021 autem
992 1969 1047 2023 sert
1060 1968 1232 2022 vindictam?
1254 1967 1347 2027 Absit,
1364 1966 1497 2021 subaudis
1521 1965 1574 2019 hoc
1595 1967 1669 2037 quod
1690 1968 1792 2039 aliquis

136 2050 235 2106 homo
249 2054 445 2107 contradicens
462 2054 948 2124 promissionibusDei,mendaxest,
991 2057 1116 2111 fidelium
1130 2057 1235 2127 cogitet
1250 2074 1256 2108 :
1273 2056 1339 2126 quia
1349 2056 1424 2109 Deus
1437 2055 1551 2124 iniquus
1561 2054 1608 2120 sit,
1616 2061 1646 2110 et
1654 2055 1720 2127 quia
1730 2073 1794 2111 nos-

131 2140 192 2194 vel
205 2140 301 2195 omnis
319 2142 404 2196 homo
423 2141 452 2197 in
471 2148 608 2213 qnantum
623 2160 641 2197 a
654 2144 747 2214 seipso
762 2149 814 2211 est,
832 2145 952 2199 mendax
992 2149 1038 2199 tra
1053 2145 1187 2216 iniquitas
1198 2145 1284 2200 faeiat
1300 2144 1379 2198 illum
1393 2142 1573 2200 laudabilem.

122 2234 211 2295 est3
229 2228 259 2282 in
276 2234 414 2298 quantum
428 2245 520 2292 veras,
536 2245 553 2282 a
569 2230 632 2283 Deo.
1029 2236 1161 2301 Alioquin
1171 2233 1449 2302 quomodeJ‘udieobit
1463 2232 1534 2285 licus
1544 2233 1618 2286 bunc
1634 2234 1794 2289 errandum?

186 2315 267 2371 Sicut
288 2318 473 2385 scriptumest
489 2335 498 2370 :
514 2319 544 2372 ur
553 2320 716 2386 justificeris
737 2322 768 2373 in
781 2322 952 2374 sermonibus
994 2319 1027 2375 Id
1043 2327 1095 2382 est,
1107 2321 1131 2375 si
1146 2321 1221 2375 Deus
1233 2322 1286 2375 hoc
1297 2321 1357 2375 vult
1369 2325 1402 2374 ut
1415 2336 1466 2374 nos
1481 2319 1579 2389 injusti
1594 2321 1691 2387 simus,
1706 2338 1793 2393 quare

116 2405 219 2465 tuis,
245 2409 272 2457 et
295 2407 390 2458 otricus
410 2420 473 2458 cerna
487 2408 637 2473 judicaris.
663 2407 838 2474 iustificeris,
866 2407 954 2462 idest
990 2409 1130 2479 judicabit
1143 2409 1272 2464 homines
1284 2409 1331 2480 qui
1345 2408 1459 2480 quando
1470 2415 1586 2478 peccant
1598 2411 1659 2480 ejus
1670 2411 1794 2466 volunta·

109 2489 247 2556 justus
263 2491 435 2562 praediceris,
447 2498 475 2546 et
489 2509 569 2547 verax
577 2493 606 2547 in
618 2493 673 2548 tuis
684 2495 918 2565 promissionibus
925 2501 955 2550 et
994 2503 1051 2551 tem
1066 2498 1223 2569 adimplent
1237 2503 1267 2553 et
1281 2513 1402 2568 quorum
1420 2497 1555 2567 iniquitas
1570 2497 1650 2552 illum
1664 2499 1794 2554 laudabi-

111 2592 237 2635 vcmx
249 2581 386 2652 explendo
398 2582 540 2647 illas,dum
547 2583 683 2652 judicaris
693 2600 709 2637 a
719 2585 837 2654 populis.
853 2584 952 2650 David,
994 2586 1050 2640 lem
1064 2586 1143 2643 facit.

109 2676 306 2740 postquam
330 2670 420 2724 factus
442 2676 485 2724 est
505 2670 657 2725 adulteret
670 2672 820 2739 homicida,
836 2690 953 2728 uxorem
1029 2675 1062 2731 Si
1073 2678 1149 2729 enirn
1161 2678 1263 2730 veritus
1275 2677 1325 2729 nea·
1336 2679 1366 2729 in
1375 2688 1435 2729 meo
1448 2676 1590 2728 mendacio
1599 2676 1752 2730 abundauit
1761 2681 1793 2732 in

109 2748 229 2812 Uriae
244 2758 416 2828 accipiendo,
431 2759 547 2813 stillum
562 2758 657 2829 gladio
667 2760 790 2814 illiorum
803 2762 895 2815 Amon
909 2762 954 2815 in·
994 2766 1116 2832 glorium
1132 2767 1228 2832 ipsius,
1241 2765 1309 2831 quid
1318 2765 1409 2817 adbuc
1424 2768 1558 2830 tunquam
1574 2767 1598 2816 et
1612 2779 1658 2830 epo
1668 2770 1794 2831 peccator

110 2843 554 2912 terticiendodicebantmalti
565 2865 571 2899 :
584 2848 680 2902 Vacua
688 2849 827 2903 efficietur
833 2850 954 2921 promis·
991 2853 1105 2920 judicor
1121 2851 1182 2905 tEt
1195 2856 1237 2906 est
1251 2867 1350 2905 sensus
1368 2869 1374 2904 :
1392 2851 1421 2906 si
1437 2850 1511 2904 Deus
1526 2849 1555 2904 in
1570 2866 1632 2904 meo
1647 2853 1793 2908 mendacio

111 2935 197 2987 sio
207 2935 409 3005 omnipotentis
419 2936 548 3006 Dei,quae
556 2936 628 2991 facta
635 2938 717 2991 estad
728 2937 824 3001 David,
836 2939 910 3008 quod
921 2950 954 2992 ex
995 2956 1078 2993 verax
1092 2946 1218 3011 apparat,
1235 2942 1264 2994 et
1278 2941 1344 2996 dnm
1359 2955 1410 3010 ego
1421 2939 1542 2993 mentior
1553 2939 1612 3009 ipse
1624 2939 1700 2994 solus
1711 2957 1793 2997 verus

109 3023 345 3078 Semineillius
355 3031 429 3078 esset
440 3025 953 3096 Christusnasciturus,quianoncon·
997 3045 1057 3082 esse
1071 3028 1248 3099 predicatur,
1266 3045 1353 3100 quare
1367 3029 1484 3083 damnat
1504 3033 1533 3082 et
1544 3027 1655 3097 judicat
1667 3045 1711 3083 me
1725 3020 1795 3084 ian-

111 3113 234 3167 venit
247 3113 392 3168 Christum
408 3115 483 3168 nasci
499 3114 533 3169 dc
552 3115 694 3169 homicida
709 3121 737 3170 et
751 3116 881 3170 adultero
893 3116 955 3179 ;sed
997 3131 1081 3186 quam
1097 3117 1294 3187 peccatorem?
1313 3116 1380 3171 Haec
1400 3115 1486 3170 rerba
1500 3131 1556 3169 non
1570 3114 1704 3171 dicuntur
1717 3118 1796 3172 affir-

109 3194 257 3255 falsum
275 3202 328 3255 erit
339 3202 414 3272 qnod
431 3202 484 3256 sibi
497 3202 651 3273 pollicitum
663 3203 816 3258 asserebat.
837 3203 917 3268 Quod
932 3204 956 3258 si
996 3203 1110 3269 mando,
1124 3204 1172 3258 sed
1186 3205 1279 3275 potius
1294 3204 1458 3274 denegando
1469 3225 1474 3265 ·.
1487 3220 1538 3258 nec
1548 3202 1795 3277 debethocaliquis

117 3296 187 3344 et
201 3291 330 3345 Christus
341 3291 443 3361 deeJ'us
453 3291 652 3346 semineluerit
661 3299 755 3355 natus,
766 3292 904 3362 injustum
915 3298 956 3346 at·
997 3308 1048 3361 pro
1059 3292 1177 3346 veritate
1191 3293 1326 3363 accipere,
1338 3294 1413 3364 quod
1427 3292 1512 3356 Deae,
1528 3292 1576 3363 qui
1590 3294 1758 3349 naturaliter
1767 3301 1796 3350 et

120 3389 212 3448 que
226 3378 375 3450 indignum
394 3379 448 3434 erit
466 3386 498 3434 ut
511 3381 546 3434 de
559 3381 685 3434 malefico
697 3386 727 3435 et
740 3387 885 3451 peccatore
904 3381 955 3435 ho·
997 3380 1185 3435 essentialiter
1195 3383 1289 3451 iustus
1310 3386 1362 3446 est,
1376 3381 1535 3436 misericors
1548 3387 1577 3436 et
1591 3399 1682 3450 verax,
1698 3390 1795 3438 nostro

123 3467 234 3521 taine
247 3468 386 3538 originem
401 3467 852 3535 dueatQuiecontraconlitetur
861 3487 957 3541 pecca-
996 3474 1120 3540 peccato,
1136 3480 1233 3524 nostro
1248 3470 1395 3524 mendacio
1407 3476 1516 3524 creseat
1524 3470 1553 3524 in
1568 3471 1681 3526 laudem
1696 3478 1724 3526 st
1732 3474 1795 3543 jus-

120 3554 219 3609 Qm
233 3572 327 3622 suum,
339 3556 434 3611 dicens
442 3557 604 3612 humiliter:
621 3559 681 3612 Tibi
694 3561 746 3612 soti
755 3561 874 3627 peccari,
890 3559 957 3629 quia
996 3557 1098 3618 titiam,
1115 3558 1181 3628 quia
1195 3575 1252 3612 non
1267 3559 1358 3628 placet
1372 3557 1397 3612 ei
1413 3557 1582 3628 quandoque
1600 3576 1748 3629 peccamus
1767 3565 1796 3616 et
1848 3610 1854 3621 ,

127 3654 208 3698 rex
221 3660 295 3707 sum,
305 3649 329 3698 et
341 3647 448 3699 malum
457 3661 551 3700 eornm
565 3651 589 3699 te
598 3648 651 3712 sect
666 3648 749 3714 (esar.
767 3650 803 3715 a),
816 3653 843 3702 et
856 3648 956 3719 depre·
998 3646 1163 3700 mentimur.

128 3739 239 3787 catur
254 3740 288 3787 ut
304 3734 379 3788 Deus
393 3734 611 3805 quodpromisit
630 3751 714 3805 opere
729 3737 879 3807 compleat,
894 3753 958 3790 con.
1034 3735 1069 3788 Et
1081 3734 1403 3805 nonpraedicamussicut
1415 3734 1651 3802 blasphemamur,
1662 3732 1796 3788 subaudis

130 3821 387 3892 *mdicentesque
402 3823 549 3877 mendaces
569 3823 706 3878 ostendat.
724 3824 815 3879 Aliter
831 3842 837 3875 ι
854 3825 959 3880 lustin·
999 3822 1033 3877 ab
1043 3822 1213 3888 infidelibus,
1225 3828 1248 3876 et
1262 3825 1333 3876 sicut
1346 3824 1499 3887 niunt,nos
1509 3822 1624 3891 quidam
1638 3822 1795 3877 infidelium

132 3911 231 3965 ceris
248 3910 453 3981 indulgentiam
470 3913 577 3983 peccati
598 3912 690 3966 dando
714 3912 749 3967 ad
769 3919 798 3967 te
818 3913 958 3968 conversis
998 3911 1100 3976 dicere,
1116 3914 1254 3979 sonamus
1270 3913 1347 3964 rnatu
1374 3915 1404 3963 ut
1430 3913 1544 3964 veniunt
1568 3912 1658 3964 bonu:
1675 3927 1796 3979 quorum

138 3998 234 4054 niem
245 3999 398 4071 promittis,
413 4004 442 4054 et
454 4000 548 4055 vincas
563 4000 732 4055 remittendo
755 4008 869 4072 peccata
889 4003 957 4057 dum
998 4001 1143 4053 damnatio
1159 4003 1238 4069 juste
1257 4003 1305 4052 est.
1327 3997 1448 4061 Quidam
1463 3997 1633 4068 simpliciam
1648 3999 1797 4070 minusque

133 4084 296 4153 judicaris
306 4104 364 4143 non
378 4104 459 4159 posse
472 4088 624 4144 dimittere.
998 4087 1125 4159 perfecti,
1137 4087 1283 4142 audientes
1302 4085 1530 4156 praedicationem
1543 4086 1623 4140 Pauli
1636 4092 1665 4140 et
1676 4086 1797 4142 aliorum

196 4174 227 4230 Si
238 4182 333 4231 autern
348 4179 484 4245 iniquitas
499 4181 743 4246 nostrnjustitiom
760 4181 810 4233 nee
819 4195 957 4233 cammen-
998 4177 1189 4247 apostolorum
1201 4192 1258 4247 qua
1271 4174 1401 4230 dicebant
1417 4191 1424 4230 :
1439 4175 1488 4229 libi
1501 4172 1797 4245 oburtdueitiniquitus

143 4264 218 4329 dat,
232 4267 302 4334 quid
316 4266 464 4319 dicemus?
483 4264 574 4322 Erant
594 4266 706 4337 qnidam
730 4268 824 4321 minus
843 4267 958 4338 perlecti
998 4267 1233 4333 superabundavit
1256 4267 1351 4332 qratia
1367 4268 1438 4334 (quae
1461 4263 1631 4318 sententiola
1650 4263 1680 4318 in
1698 4263 1798 4319 subse·
1895 4270 1904 4287 ⁸

155 4352 211 4424 qui
225 4353 356 4408 dicebant
370 4353 433 4408 ideo
445 4354 515 4409 velle
528 4354 618 4409 Deum
637 4360 669 4409 nt
689 4371 739 4409 nos
752 4372 909 4427 peccemus,
927 4330 991 4411 utD
1001 4353 1150 4424 quentibus
1170 4352 1335 4425 exponenda
1350 4359 1412 4414 estl.
1432 4351 1480 4407 ubi
1499 4352 1659 4407 debuerunt
1671 4353 1798 4425 accipere

153 4440 221 4512 ipse
233 4442 310 4496 solus
322 4442 531 4513 comparatione
543 4444 630 4498 nostri
634 4445 728 4514 justus
736 4449 886 4516 appareret
892 4445 959 4501 dnm
999 4443 1156 4497 salutemet
1165 4442 1260 4507 vitam,
1269 4441 1309 4495 ibi
1323 4447 1492 4513 acceperunt
1503 4441 1713 4496 damnationem
1723 4458 1729 4496 :
1741 4459 1799 4496 non

167 4537 309 4600 peceatum
324 4531 404 4586 nobis
419 4531 613 4599 dimitteret,et
623 4532 688 4603 quia
698 4532 857 4587 misericors
867 4534 903 4588 sit
913 4551 961 4605 pa·
1001 4535 1077 4585 recte
1089 4530 1278 4600 intelligentes
1293 4530 1373 4594 illud,
1396 4528 1527 4583 dicebant
1540 4528 1614 4582 enim
1632 4529 1800 4583 :Faciamus

169 4619 316 4675 tetaceret:
332 4619 396 4677 ideo
410 4620 496 4675 etiam
506 4621 576 4675 velle
591 4638 654 4675 eum
667 4626 699 4676 ut
713 4638 764 4676 nos
777 4622 959 4689 mentiamur,
1002 4620 1087 4684 mala,
1103 4619 1176 4673 sicut
1188 4618 1308 4690 apostoli
1321 4617 1409 4672 nostri
1430 4616 1593 4687 predicant,
1610 4615 1676 4686 quia
1694 4619 1800 4686 quanto

171 4712 201 4761 ut
207 4708 266 4780 ipse
276 4708 353 4762 solus
363 4724 445 4762 verax
454 4709 622 4764 inveniatur.
639 4710 719 4774 Quod
733 4710 757 4764 si
770 4710 812 4764 ita
825 4716 909 4778 esset,
921 4711 963 4765 in·
1003 4709 1126 4780 amplius
1142 4709 1250 4777 majora
1263 4707 1382 4761 crimina
1397 4704 1629 4767 commiserimus,
1646 4709 1726 4757 tanto
1739 4720 1801 4757 am·

170 4796 240 4866 jaste
251 4797 454 4852 damnaremur
462 4796 497 4851 ab
506 4797 554 4852 illo
565 4797 613 4868 qui
625 4798 699 4853 malo
707 4803 805 4853 nostro
816 4805 963 4867 cresceret,
1004 4798 1079 4870 plius
1088 4797 1197 4866 majora
1208 4796 1281 4850 bona
1290 4794 1476 4866 percipiemus
1486 4793 1655 4860 etmajorem
1664 4791 1800 4862 gloriam3

172 4901 345 4957 magnusque
354 4886 552 4941 deret.Contra
561 4886 623 4941 illos
633 4887 703 4941 tales
711 4887 837 4958 loquitur
848 4889 966 4959 Aposto·
1006 4886 1073 4957 quia
1085 4885 1160 4940 Deus
1174 4885 1232 4940 rult
1240 4892 1273 4938 ut
1285 4899 1440 4955 peccemus,
1448 4886 1480 4936 ut
1492 4896 1542 4950 per
1555 4879 1719 4935 hochabeat
1728 4881 1804 4952 quod

173 4973 222 5040 lna,
237 4990 388 5047 personam
398 4975 478 5030 stulti
486 4975 608 5030 hominis
617 4991 763 5030 assumens
777 4976 967 5046 simulqnesa-
1007 4974 1142 5038 dimittat,
1159 4989 1192 5026 sc
1205 4989 1255 5044 per
1269 4972 1320 5026 hoc
1332 4971 1427 5042 justus
1445 4974 1474 5024 et
1486 4968 1646 5023 misericors
1657 4973 1803 5040 appareat.

171 5062 282 5132 pientia,
302 5067 331 5118 et
343 5080 503 5135 perversam
519 5064 631 5119 illorum
646 5065 814 5119 sententiam
835 5065 964 5120 destruit.
1009 5064 1114 5118 Contra
1125 5062 1197 5116 tales
1212 5059 1329 5132 protulit
1349 5058 1500 5129 Apostolus
1520 5057 1594 5112 hano
1608 5059 1779 5114 sententiam
1797 5078 1804 5114 :

174 5150 211 5217 Si,
221 5151 324 5223 inquit,
341 5151 477 5222 iniquitas
490 5158 627 5207 nostrast
641 5152 820 5208 mendacium
831 5153 968 5223 Deijusti-
1009 5152 1129 5217 Quidam
1144 5151 1241 5204 dicunt
1251 5148 1325 5220 quod
1338 5165 1389 5202 nos
1405 5147 1459 5202 ista
1473 5147 1618 5216 dicamus3
1634 5148 1683 5202 sed
1697 5164 1753 5203 non
1764 5166 1810 5204 su·

173 5237 238 5292 nam
253 5246 283 5294 et
295 5240 474 5294 sanctitatem
489 5246 573 5311 atque
588 5240 735 5295 veritatem
749 5242 967 5311 commendat,id
1008 5241 1152 5295 mustelas
1167 5239 1263 5310 quales
1277 5237 1397 5292 dicimur
1412 5242 1439 5292 et
1456 5236 1696 5307 blasphemamur,
1716 5254 1809 5308 neque

176 5332 215 5381 est
237 5327 409 5382 laudabilem
423 5327 498 5394 iacit,
510 5328 577 5399 quid
589 5328 738 5383 dicemus?
754 5329 968 5385 commendatio
1010 5331 1142 5385 docemus
1155 5329 1202 5383 illa
1217 5345 1278 5401 quae
1293 5345 1344 5383 nos
1354 5328 1452 5383 dicunt
1466 5327 1566 5382 docere
1580 5346 1587 5396 3
1600 5344 1720 5400 quorum
1733 5327 1812 5382 dam·

177 5414 324 5487 aliqnando
334 5433 385 5487 pro
396 5416 478 5471 laude
495 5416 619 5486 ponitur,
627 5423 658 5472 ut
666 5418 695 5472 in
711 5418 763 5472 hoo
775 5419 845 5474 loco.
857 5419 892 5473 nt
903 5419 971 5474 alibi
1012 5419 1089 5474 natio
1103 5424 1147 5473 est
1155 5419 1234 5489 justa
1247 5418 1272 5473 si
1284 5417 1323 5472 illi
1338 5418 1369 5472 ia
1382 5416 1486 5471 talibus
1498 5417 1752 5488 permanserint,ut
1760 5434 1812 5488 per

177 5500 249 5560 idem
260 5504 412 5576 Apostolus
421 5505 462 5559 ait
474 5519 480 5554 :
492 5505 547 5575 Epo
561 5506 643 5562 debui
654 5523 672 5562 o
684 5508 758 5563 vobis
771 5509 970 5576 commendari,
1012 5508 1087 5562 mala
1098 5512 1213 5579 sperant
1224 5507 1350 5579 accipere
1363 5506 1437 5563 bosia
1448 5511 1478 5561 et
1491 5505 1607 5579 insuper
1621 5505 1686 5579 quia
1696 5505 1811 5563 menda·
