3840 6098
550 134 741 193 exeostrto
756 136 795 191 ΙΝ
810 136 887 191 ΕΡΡ.
905 139 933 192 S.
951 138 1069 192 PAULI.
1087 168 1118 179 -
1135 140 1174 194 ΙΝ
1181 138 1300 195 aelst.
1316 137 1364 192 ΑΙ)
1380 135 1467 192 ROM.
1763 138 1781 192 t

178 263 236 315 tam
263 256 396 315 subtilem
414 258 627 331 dispositionem
656 259 780 314 divinam
807 261 1093 332 invesigaretlniam
1116 263 1259 332 exemplar
1273 260 1390 332 justitiae
1404 267 1432 314 et
1447 259 1511 313 fidei
1531 258 1790 330 praecedentiumpr

179 348 321 405 sufficiet?
1017 358 1093 405 trum
1110 352 1149 405 illi
1165 352 1212 422 qui
1227 351 1346 404 credunt
1357 350 1493 403 veraciter
1507 353 1615 402 tenent.

216 438 306 493 Veniet
318 453 352 492 ea
368 436 436 493 Sion
451 441 502 507 qui
521 439 622 505 eripiat
637 443 660 490 et
683 444 789 491 orertct
808 442 975 506 impietatem
1052 439 1118 494 Sine
1127 442 1286 508 protritcrvtiu
1296 442 1371 491 araim
1381 444 1446 490 surii
1457 439 1561 491 ‹torroet
1572 439 1676 491 reontio
1687 437 1744 491 ost.
1756 435 1802 491 1³oe

176 542 195 578 o
205 527 297 580 Jacob.
315 526 384 582 Sion
407 525 468 597 ipsa
479 531 524 580 est
536 526 723 590 Hierusalem,
735 527 770 581 de
782 544 839 599 qua
850 527 975 581 Micheas
1017 528 1137 581 nitentia
1149 528 1223 581 euim
1236 545 1286 597 pro
1297 527 1452 581 mutatione
1465 526 1603 597 accipitur
1613 540 1809 596 nonnunquam

169 615 216 668 ait
231 633 237 667 :
253 616 293 669 oe
311 615 378 671 Sion
397 616 482 670 scibit
498 619 549 677 tec,
566 620 591 669 et
611 615 724 669 Verbum
742 617 854 670 Domini
868 618 900 670 de
914 617 976 670 Hie·
1016 615 1045 669 in
1061 633 1139 670 sacra
1155 617 1308 686 Scriptura,
1325 616 1398 670 sicut
1413 614 1498 669 habes
1512 614 1632 668 Domino
1654 613 1765 668 dicente
1778 614 1815 668 ad

167 705 298 757 ausobm
313 705 405 768 tusci.
421 710 470 773 ivl.
494 704 622 759 Salvator
645 704 761 771 etenim,
785 705 926 760 nascendo
941 722 974 759 ex
1016 705 1196 758 Samuelem:
1224 708 1333 759 Porritet
1359 722 1399 758 me
1422 720 1511 772 repent
1534 705 1627 770 secisse
1644 701 1714 759 Sout
1732 718 1815 773 super

153 789 254 865 plebe
269 788 435 857 Israelitica,
455 792 537 861 juxta
552 793 626 864 quod
649 792 737 847 Isaiae
749 793 816 847 olim
835 794 974 864 propheta
1016 795 1120 847 tsrcet:
1134 810 1206 862 anpe
1221 796 1309 856 titium
1328 795 1383 846 lsai
1397 794 1419 861 (l
1434 795 1494 860 tlep.
1513 791 1730 859 xiv,xv1).l)um
1745 806 1814 862 proe-

141 881 324 942 cecinerat.
343 879 462 934 dicens:
489 881 553 935 Ecce
571 884 649 948 sirpo
669 885 811 949 concipiet.
836 889 861 935 et
883 886 973 950 porr'et
1014 881 1081 953 cipit
1095 882 1162 951 ungi
1177 881 1265 935 hlium
1283 882 1347 945 lsai,
1370 881 1491 934 ostendit
1511 898 1541 934 se
1556 881 1708 935 immutare
1721 879 1813 951 dispo·

138 969 343 1041 sitiumssso.
355 969 563 1033 v111,venietde
577 969 653 1035 Sion,
666 969 723 1024 sire
736 970 770 1024 de
786 972 971 1025 illerusalem.
1013 970 1143 1024 sitionem
1160 970 1226 1024 tacti
1250 970 1304 1034 sui,
1325 970 1444 1040 ideoque
1464 970 1532 1023 dicit
1548 988 1553 1021 :
1572 969 1693 1023 Poenitet
1706 985 1761 1023 me.
1777 969 1813 1023 Et

117 1056 306 1118 fouendo
326 1073 391 1111 vero
407 1058 533 1112 membra
546 1074 598 1112 sua
614 1059 643 1112 in
658 1075 748 1123 cruce,
770 1061 972 1130 propriumque
1014 1058 1079 1112 alibi
1097 1062 1227 1113 :iurarit
1238 1061 1382 1123 Dominus,
1395 1064 1418 1110 et
1435 1075 1490 1112 non
1500 1060 1637 1125 penitebit
1650 1074 1713 1111 eum
1723 1059 1811 1119 (Psoi.

115 1144 969 1219 sanguinemtundendo,etlavacrumbaptismatisdando,
1013 1144 1812 1216 cvr),idestnonmutabiturvoluntasejus.Verumquod

101 1233 277 1303 eripuit
299 1240 356 1287 lam
370 1240 470 1304 gentes
485 1251 568 1305 quam
589 1242 618 1289 et
638 1236 700 1289 illas
714 1235 848 1306 reliquias
863 1253 924 1307 quau
939 1255 971 1290 ex
1013 1235 1080 1289 dicit
1094 1236 1168 1289 dona
1183 1243 1212 1288 et
1236 1237 1342 1288 voratio
1366 1235 1425 1296 Dei,
1446 1234 1613 1304 intelligitur
1627 1234 1725 1289 ordine
1740 1251 1811 1305 prae·

86 1324 166 1384 I
176 1320 260 1374 srael
274 1321 467 1385 crediderunt,
482 1323 555 1393 quod
581 1330 646 1377 ante
661 1341 744 1378 rrenio
758 1326 850 1378 tacere
866 1343 970 1395 prava·
1012 1331 1133 1394 postero.
1151 1323 1276 1376 Primum
1291 1324 1366 1376 enim
1383 1329 1462 1376 vocat
1485 1323 1559 1375 Deus
1573 1323 1608 1375 ad
1631 1322 1715 1376 tidem
1729 1338 1810 1376 suam

77 1417 135 1471 1
149 1408 256 1474 ebat,
278 1410 381 1464 avertit
404 1411 586 1466 nihilominus
608 1412 768 1483 impietates
782 1429 799 1466 a
817 1412 915 1479 Jacob,
936 1415 971 1468 ab
1012 1412 1165 1465 secundum
1178 1411 1342 1466 electionem
1356 1412 1464 1481 gratiae,
1477 1411 1656 1481 postmodum
1669 1426 1735 1464 vero
1748 1425 1811 1464 con-

72 1499 215 1558 his
234 1497 363 1554 videlicet
383 1500 429 1570 qui
453 1500 633 1555 crediderunt
655 1518 687 1554 ex
707 1501 811 1556 Jutlaeis
831 1503 859 1555 in
881 1503 970 1573 primo
982 1499 1066 1596 Bfert
1077 1500 1149 1554 dona
1160 1501 1280 1571 Spiritus
1290 1501 1378 1554 sancti
1394 1510 1421 1554 et
1435 1501 1549 1570 praemia
1560 1501 1638 1565 vitae3
1652 1499 1741 1570 igitur
1750 1498 1812 1553 sine

63 1607 162 1645 a
174 1585 293 1641 dventu
313 1587 410 1654 illius;
430 1595 539 1643 avertet
560 1606 671 1661 quoque
687 1591 807 1661 pleniter
822 1597 850 1645 et
870 1591 905 1645 ab
927 1593 970 1646 his
1013 1590 1168 1644 mutatione
1183 1597 1249 1643 sunt
1263 1591 1337 1643 dona
1351 1596 1379 1643 et
1400 1590 1507 1642 vocatio
1528 1588 1576 1641 Dei
1594 1588 1622 1642 in
1638 1588 1681 1642 his
1696 1589 1731 1642 de
1746 1587 1810 1659 qui·

64 1694 163 1750 q
182 1674 229 1740 aii,
244 1682 375 1748 suscepta
388 1678 515 1749 gentium
531 1678 969 1747 multitudiue,convertenturet
1011 1677 1062 1732 bus
1077 1695 1162 1750 supra
1184 1680 1286 1733 lectum
1302 1685 1368 1732 est:
1392 1680 1462 1744 Drios
1479 1679 1695 1745 pradestinavit,
1713 1677 1760 1731 hos
1783 1680 1813 1730 et

65 1762 363 1828 salvabuntur.
373 1765 446 1820 sieut
456 1767 593 1839 scriptum
603 1773 663 1821 est:
678 1769 734 1835 lpse
751 1770 866 1822 redimet
882 1771 968 1823 tsroet
1009 1771 1113 1820 occurit
1129 1769 1212 1833 (llam.
1229 1774 1301 1832 rur).
1322 1784 1378 1821 non
1395 1767 1424 1821 in
1443 1767 1487 1819 his
1505 1766 1540 1819 de
1560 1764 1661 1836 quibus
1680 1764 1807 1820 dicitur:

71 1870 134 1906 ε
152 1853 340 1906 :omnibus
354 1856 552 1927 iniquitatibus
566 1854 624 1909 suis
634 1858 719 1922 (Prot.
735 1863 826 1912 cxxtxl
840 1876 846 1923 ;
862 1862 967 1910 etcum
1010 1856 1093 1908 Multi
1106 1860 1172 1908 sunt
1187 1859 1282 1919 vocati,
1299 1855 1348 1909 sed
1361 1858 1445 1923 pauci
1458 1857 1535 1908 electi
1552 1853 1659 1918 tltottlt.
1675 1854 1732 1921 xxi.
1752 1852 1810 1907 Ati-

73 1939 315 2012 plenitudo
336 1942 465 2011 gentium
492 1943 648 2008 intraverit,
672 1949 741 1998 tunc
765 1944 856 1998 omnis
882 1946 966 2000 Israel
1009 1948 1073 1996 ter:
1099 1945 1160 1997 sine
1183 1945 1349 2014 paenitentia
1367 1949 1434 1997 sunt
1457 1944 1531 1998 dona
1548 1949 1577 1996 et
1591 1942 1698 1996 vocatio
1712 1941 1764 1997 Dei
1778 1942 1808 1996 in

79 2028 263 2083 saltus
277 2029 337 2088 flet.
1009 2031 1124 2102 illisqui
1137 2033 1173 2086 ad
1188 2033 1271 2086 sidem
1288 2033 1335 2087 Dei
1355 2033 1477 2086 veniunt.
1497 2032 1580 2085 Verbi
1594 2032 1686 2101 gratia
1702 2049 1709 2087 ε
1724 2047 1807 2086 voca·

207 2117 238 2171 ttt
250 2119 299 2172 boc
314 2119 372 2173 iilis
384 2134 402 2172 o
416 2135 458 2173 rne
474 2124 678 2182 testamentum,
694 2121 828 2176 subaudis
843 2121 966 2188 dabitur,
1010 2126 1056 2173 tur
1070 2121 1131 2191 quis
1143 2138 1176 2174 ex
1186 2121 1362 2192 paganismo,
1374 2120 1541 2191 baptizatur,
1553 2127 1581 2174 et
1591 2119 1626 2173 ab
1638 2119 1715 2174 omni
1727 2124 1809 2174 reatu

88 2204 176 2258 si
185 2222 227 2261 ve
236 2206 434 2278 complebitur,
444 2225 495 2279 per
503 2209 577 2279 quod
588 2209 739 2280 aliquando
755 2210 901 2280 promissio
917 2210 966 2264 de·
1009 2208 1162 2263 absolvitur
1178 2228 1183 2262 :
1205 2209 1271 2280 quid
1287 2208 1432 2263 bonifacii
1450 2216 1482 2263 ut
1497 2216 1651 2264 vocaretur.
1665 2213 1695 2262 et
1711 2213 1744 2263 ut
1756 2206 1808 2262 do·

92 2292 298 2365 signatur
309 2300 339 2350 et
350 2296 542 2367 Evangelium.
556 2297 591 2351 Et
606 2304 698 2368 potest
708 2298 752 2352 hic
763 2304 915 2370 utmmque
926 2299 967 2353 in·
1008 2314 1075 2352 num
1088 2299 1262 2352 remissionis
1272 2298 1398 2352 omnium
1410 2299 1557 2368 culparum
1567 2295 1809 2369 consequeretur?

96 2382 274 2454 tellum
290 2384 440 2454 promissio
452 2385 580 2439 videlicet
594 2387 673 2457 regni
683 2388 828 2446 coelorum.
840 2393 868 2441 et
879 2388 967 2441 Evan·
1007 2385 1106 2456 Neque
1117 2387 1190 2440 enim
1200 2387 1352 2457 jejunarit:
1365 2403 1456 2456 neque
1466 2387 1494 2440 in
1506 2385 1701 2456 eleemosynis,
1709 2384 1751 2438 vel
1760 2400 1810 2440 au-

99 2472 271 2535 getium
292 2472 322 2528 in
345 2489 401 2544 quo
422 2474 481 2546 ipsa
502 2476 650 2546 promissio
670 2476 842 2541 continetur,
856 2475 966 2529 dicente
1008 2490 1108 2527 norum
1123 2477 1331 2544 computatione
1345 2476 1373 2528 in
1392 2458 1557 2545 penitentia
1577 2475 1674 2544 culpas
1687 2472 1803 2530 delevit.

102 2550 286 2615 Domino
297 2584 305 2619 :
315 2563 508 2616 Paenitentiam
516 2567 599 2630 cpite,
607 2566 839 2632 appropinquabit
848 2580 965 2632 repnum
1009 2563 1139 2617 Dicamus
1154 2570 1182 2617 et
1205 2564 1331 2628 apertius
1347 2583 1352 2617 :
1375 2564 1501 2617 nascitur
1521 2563 1661 2633 quiscum
1677 2561 1806 2631 originali

106 2651 297 2704 voetorum
317 2652 422 2715 (licitis.
436 2657 482 2719 iv).
498 2651 537 2705 De
551 2651 604 2705 hoc
618 2658 788 2707 testamento
803 2652 907 2707 dictum
923 2659 966 2707 est
1006 2658 1137 2721 peccato;
1152 2651 1231 2705 addit
1251 2651 1380 2722 deinceps
1402 2652 1491 2705 multa
1509 2650 1630 2704 actualia
1647 2668 1652 2701 :
1674 2649 1698 2702 si
1715 2646 1807 2702 credi·

109 2745 220 2799 per
242 2739 431 2810 prophetam:
448 2740 568 2807 Feriam,
596 2740 696 2811 inquit,
719 2757 783 2794 cum
798 2741 838 2795 eis
853 2747 964 2812 pactum
1006 2739 1089 2805 derit,
1105 2746 1292 2805 vocatusest;
1318 2739 1482 2811 baptizatus,
1499 2739 1595 2793 statim
1619 2737 1654 2792 ab
1675 2737 1728 2794 hac
1749 2737 1807 2791 vita

111 2833 279 2893 novum,
290 2833 531 2883 attestamentum
544 2845 645 2882 novum
662 2828 781 2883 scribam
796 2829 825 2882 in
835 2830 965 2885 cordibus
1006 2829 1195 2895 subtmhitu1·;
1211 2829 1311 2900 accipit
1324 2830 1398 2883 dona
1412 2829 1543 2899 perennis
1552 2828 1616 2882 vita
1632 2846 1638 2880 :
1654 2843 1718 2882 ecce
1731 2826 1806 2881 dona

114 2923 274 2970 eorum.
283 2916 435 2987 Sequitur:
449 2919 518 2974 Dum
529 2919 667 2971 abstulero
676 2924 787 2986 peccato
797 2934 902 2972 eoruru.
916 2920 965 2973 His
1006 2923 1035 2970 et
1048 2917 1154 2970 vocatio
1169 2918 1221 2971 Dei
1236 2918 1296 2971 sine
1312 2917 1485 2988 poenitentia.

6 2994 18 3089 '-
117 3002 448 3059 verbisdemonstrat
464 3005 548 3076 quod,
565 3006 830 3078 licetquorumdam
846 3008 995 3106 creden·C
1042 3006 1119 3060 Sicut
1135 3009 1210 3059 enim
1225 3012 1249 3059 et
1264 3007 1473 3076 cosotiquondo
1489 3022 1545 3059 non
1564 3007 1720 3059 credidistis
1741 3005 1804 3073 Deo,

122 3088 236 3146 tium
246 3109 280 3146 ex
293 3093 335 3147 eis
345 3101 458 3164 peccata
470 3093 528 3148 sint
541 3094 645 3159 ablata,
656 3094 685 3149 in
699 3097 754 3149 stne
764 3101 858 3149 tamen
869 3097 963 3151 saeculi
1007 3110 1084 3148 ntcnc
1097 3099 1189 3147 cutem
1215 3096 1434 3148 inisericordiam
1457 3096 1595 3148 consecuti
1613 3095 1677 3147 estis
1693 3098 1808 3162 propter

17 3151 22 3185 Ι
127 3189 216 3242 per
230 3180 363 3252 baptismi
372 3182 498 3253 gratiam
514 3183 624 3254 plenius
639 3183 811 3238 auferentur.
1006 3185 1123 3237 iliorum
1134 3183 1373 3243 incredulitatem·
1388 3186 1427 3235 ito
1438 3187 1461 3236 et
1472 3184 1520 3236 isti
1531 3198 1607 3235 uarie
1621 3198 1676 3235 nou
1688 3183 1807 3237 credide·

194 3268 359 3325 Secundum
368 3272 668 3340 liconpetiumquidem
677 3275 789 3325 inimici
795 3273 845 3327 Dei
852 3281 965 3344 propter·
1006 3277 1075 3324 runt
1086 3274 1118 3325 in
1128 3277 1246 3325 oestrum
1260 3272 1489 3330 irrisericordiom,
1502 3275 1533 3323 ut
1547 3274 1571 3322 et
1587 3273 1641 3337 ipsi
1652 3273 1809 3323 misericor·

134 3366 218 3411 ffls.
234 3357 299 3413 Non
323 3358 364 3412 ait
386 3359 538 3414 secundum
563 3360 663 3430 legem,
681 3378 764 3432 quam
788 3380 839 3434 pro
861 3363 964 3418 viribus
1005 3363 1082 3413 diem
1099 3365 1313 3428 consequantur.
1331 3358 1549 3412 Misericordiam
1566 3357 1689 3428 appellat
1706 3358 1761 3412 isto
1775 3357 1807 3412 in

138 3446 223 3501 suis
233 3447 323 3502 ludaei
333 3447 549 3513 amulbbantur,
561 3449 610 3503 sed
620 3450 773 3505 secundum
783 3451 963 3521 Evangelium
1005 3448 1065 3502 loco
1075 3449 1226 3519 Apostolus
1234 3448 1327 3508 tidem,
1337 3447 1459 3517 gratiam
1472 3445 1806 3517 baptismatis,remissio·

52 3568 56 3573 -
140 3536 238 3598 quod
247 3536 302 3608 ipsi
312 3536 539 3603 contemnebant,
547 3537 595 3591 ubi
607 3540 866 3611 narraturqualiter
874 3541 965 3595 Domi·
1005 3554 1069 3591 nem
1084 3544 1270 3607 peccatorum.
1284 3543 1312 3588 et
1326 3535 1430 3588 donum
1443 3535 1564 3604 Spiritus
1577 3534 1677 3597 sancti,
1690 3533 1807 3602 pariter·

142 3628 231 3678 num
256 3626 341 3680 morti
364 3625 541 3680 tradiderint.
566 3628 637 3696 Ergo
655 3634 790 3696 quantum
811 3628 912 3683 attinet
927 3629 963 3683 ad
1006 3642 1060 3697 que
1074 3623 1337 3687 reconciliationem,
1351 3639 1408 3692 qua
1420 3622 1593 3676 reconciliati
1608 3627 1675 3675 sunt
1684 3621 1805 3692 gentiles

145 3702 356 3784 Evangetium,
370 3715 445 3784 quod
457 3715 546 3769 iudai
556 3731 611 3769 non
622 3716 771 3786 recipiunt,
781 3717 886 3771 inimici
897 3723 964 3772 sunt
1005 3713 1080 3767 Deo:
1095 3719 1123 3766 et
1138 3713 1253 3783 insuper
1266 3711 1402 3782 quidquid
1417 3710 1483 3764 boni
1498 3719 1562 3782 post
1575 3710 1686 3765 Domini
1701 3710 1806 3764 adven·

144 3791 268 3858 Christi
281 3808 311 3858 et
326 3804 452 3874 ejusdem
467 3804 623 3874 Evangelii.
636 3805 715 3858 Hanc
731 3805 905 3860 inimicitiam
921 3806 963 3859 id·
1004 3809 1066 3856 tum
1094 3801 1184 3871 gratis
1208 3816 1225 3853 a
1251 3801 1308 3854 Deo
1337 3805 1532 3870 perceperunt,
1562 3799 1712 3852 ostendens
1739 3797 1806 3869 quia

144 3881 234 3946 cit‘co
248 3892 342 3948 iudet
352 3893 541 3966 incurrerunt,
555 3899 693 3963 uigentes
703 3894 817 3948 credere
829 3901 961 3964 possent,
1004 3890 1077 3943 sicut
1095 3889 1214 3960 gentiles
1227 3887 1256 3941 in
1272 3888 1361 3956 primo
1383 3888 1493 3941 Domini
1509 3887 1629 3940 adventu
1646 3887 1805 3940 misericor·

145 3974 185 4023 02
202 3977 257 4034 hoc
271 3980 399 4050 estquod
414 3980 491 4035 dicit.
504 3981 622 4050 Propter
634 3998 690 4044 vos,
705 3982 861 4051 egenulae,
874 3988 963 4036 utros
1004 3979 1081 4033 diam
1095 3978 1145 4033 Dei
1157 3980 1223 4030 sunt
1236 3976 1388 4029 consecuti⁴
1397 3977 1437 4028 ita
1449 3982 1477 4028 et
1486 3974 1575 4029 iudai
1585 3980 1803 4044 consequentur,

145 4067 325 4133 crederetis,
345 4068 452 4123 inimici
473 4069 524 4123 Dei
546 4068 611 4123 facti
626 4076 693 4124 sunt
706 4069 795 4123 ludat
810 4069 963 4123 secundum
1004 4062 1804 4138 appropinquantesecundoadventu,perpraedicationem

144 4139 356 4228 Euangeliou,
370 4158 398 4212 id
412 4166 455 4212 est
468 4159 623 4213 secundum
638 4160 711 4229 quod
727 4159 906 4229 Evangelium
921 4160 960 4213 lo·
970 4156 994 4214 D
1004 4156 1070 4210 elta
1084 4162 1112 4209 et
1127 4156 1220 4210 Enoch
1237 4175 1242 4209 ι
1256 4157 1336 4225 juxta
1351 4153 1425 4223 quod
1440 4152 1514 4205 idem
1530 4152 1659 4222 egregius
1673 4151 1806 4222 pradica-

148 4244 270 4305 quitur.
294 4236 439 4317 Siquidem
468 4247 497 4301 in
521 4247 669 4317 Evangelio
697 4248 818 4301 refertur
840 4248 963 4318 qualiter
1003 4245 1136 4299 toralias
1160 4244 1294 4314 loquitur,
1310 4242 1405 4296 dicens
1420 4260 1426 4294 :
1443 4241 1511 4296 dunt
1524 4241 1668 4308 plenitudo
1680 4244 1806 4307 peritiam

147 4316 339 4418 {mpttturtaei
349 4340 518 4406 peregerunt
528 4352 623 4389 necem
635 4336 961 4407 Christipropterquam
1004 4335 1163 4396 intraverit,
1180 4338 1246 4386 tutte
1260 4335 1351 4386 ornnis
1366 4333 1452 4384 lsrael
1470 4332 1562 4384 soloas
1577 4332 1630 4396 fiet.
1654 4329 1730 4388 Sicut
1746 4346 1804 4394 vos,

149 4420 344 4478 ¹lteurrerunt
362 4423 541 4478 inimicitiam
565 4424 624 4491 Dei,
642 4425 715 4494 quod
735 4425 800 4494 quia
819 4425 847 4478 in
863 4425 962 4479 inlide-
1003 4422 1105 4493 inquit,
1119 4437 1166 4474 vos
1180 4420 1308 4490 gentiles.
1324 4418 1474 4489 aliquando
1489 4434 1545 4472 non
1561 4417 1719 4472 credidistis
1734 4418 1802 4479 Deo.

150 4493 242 4566 litate
255 4518 483 4582 permanserunt.
505 4512 662 4568 Secundum
678 4517 770 4566 autem
793 4516 960 4580 eiectionem,
1003 4529 1078 4566 nunc
1091 4517 1186 4565 autem
1201 4510 1231 4563 in
1246 4508 1358 4563 Domini
1382 4508 1532 4561 adventum
1557 4523 1607 4576 per
1627 4507 1804 4576 praedieatio-

155 4590 324 4654 c'loriniani
333 4606 446 4669 propter
456 4607 558 4669 potres.
572 4602 634 4655 Non
645 4601 685 4656 sic
694 4601 909 4671 intelligendum
920 4616 962 4658 est
1002 4617 1067 4655 nem
1086 4599 1276 4670 apostolorum
1293 4595 1511 4649 misericordiam
1537 4593 1738 4663 omnipotentis
1754 4592 1802 4647 Dei
1891 4664 1895 4671 .

159 4686 544 4760 iburriappellanturinimici
552 4690 612 4753 Dei,
622 4691 674 4760 ipsi
682 4690 740 4745 sint
750 4697 778 4744 et
790 4692 959 4758 charissimi,
1002 4689 1143 4746 consecuti
1159 4688 1227 4742 estis
1249 4690 1363 4756 propter
1381 4684 1541 4738 Judaeorum
1563 4682 1801 4746 incredulitatem,

165 4778 317 4834 {merum
334 4795 398 4833 cum
412 4779 500 4833 Judaei
514 4795 571 4832 una
584 4796 653 4849 gena
668 4781 734 4843 sint,
751 4797 812 4850 quae
828 4781 962 4835 dividitur
1003 4779 1165 4849 inquorum
1186 4776 1247 4830 loco
1270 4772 1408 4827 credendo
1430 4770 1626 4834 subintrastis,
1650 4771 1691 4824 ita
1708 4781 1736 4825 et
1750 4771 1804 4842 ipsi

170 4850 200 4912 in
210 4867 352 4921 umentes
367 4873 398 4921 et
411 4883 465 4921 non
479 4867 634 4922 credentes.
644 4869 735 4938 lgitur
746 4869 833 4923 Judaei
846 4869 930 4923 alieni
946 4887 963 4924 a
1003 4866 1092 4921 tutat
1108 4881 1182 4919 nunc
1199 4879 1254 4917 non
1269 4860 1449 4914 crediderunt
1464 4858 1492 4912 in
1506 4863 1626 4911 vestram
1642 4859 1803 4914 misericor-

179 4943 223 5005 bde
234 4955 336 5010 Christi
355 4955 462 5008 inimici
483 4962 549 5010 sunt
568 4957 618 5011 Dei
636 4976 641 5010 :
659 4958 816 5012 charissimi
832 4974 895 5012 sero
910 4958 960 5023 illi,
1004 4955 1091 5017 diam,
1108 4970 1169 5024 quae
1185 4951 1261 5006 vobis
1275 4966 1291 5002 a
1306 4949 1364 5003 Deo
1379 4947 1445 5000 data
1461 4952 1513 5012 est,
1530 4947 1558 5000 id
1573 4955 1616 5002 est
1628 4949 1656 5003 in
1667 4948 1722 5003 isto
1736 4955 1805 5004 tem·

185 5039 274 5114 qviper
282 5043 458 5107 electionem,
472 5044 529 5097 sive
539 5045 812 5114 praedestinationem
824 5047 884 5109 Dei,
896 5052 963 5102 sunt
1005 5060 1072 5115 pore
1086 5041 1198 5114 quando
1212 5057 1259 5093 vos
1275 5035 1494 5090 misericordiam
1510 5038 1651 5092 consecuti
1665 5039 1743 5104 estis,
1761 5039 1805 5093 vel

187 5121 307 5191 habau
324 5150 331 5185 :
348 5132 383 5185 de
402 5148 457 5202 qua
480 5132 584 5186 dicitur
606 5152 612 5187 :
635 5138 689 5202 Qui
702 5138 782 5202 clepit
798 5151 845 5188 nos
860 5138 891 5188 in
907 5139 963 5204 ipso
1005 5134 1033 5187 in
1049 5140 1139 5186 vestra
1155 5126 1343 5182 misericordia
1358 5124 1435 5191 dicit,
1452 5127 1504 5180 hoc
1516 5133 1569 5186 est,
1583 5133 1616 5180 ut
1631 5144 1677 5181 vos
1693 5127 1804 5182 miseri-

190 5223 233 5271 nu
245 5222 344 5274 mundi
353 5224 585 5284 constitutionem,
600 5229 631 5276 ut
641 5240 757 5277 ostentus
767 5227 857 5277 sorceti
871 5229 894 5276 et
911 5227 962 5276 im·
1004 5221 1125 5277 cordiam
1137 5217 1267 5286 consequi
1279 5214 1450 5285 potuissetis.
1460 5215 1548 5269 Casus
1559 5216 1661 5271 etenim
1678 5216 1801 5279 illorum,

190 5312 300 5363 meaturi
328 5310 431 5378 (tiphos.
452 5311 558 5380 r):qui
585 5319 699 5382 propter
729 5319 832 5382 patres,
862 5313 890 5364 id
920 5318 964 5365 est
1004 5311 1080 5363 salus
1100 5308 1153 5360 fuit
1173 5306 1309 5376 gentium.
1331 5304 1442 5356 Poterat
1460 5303 1562 5373 aliquis
1577 5304 1802 5368 dicere:Quare

186 5396 307 5455 muham
318 5408 348 5454 et
360 5404 486 5466 caeteros,
498 5400 656 5456 charissimi
674 5408 882 5473 nuncupantur,
895 5417 963 5472 quo·
1005 5415 1061 5453 non
1075 5396 1255 5452 crediderunt
1268 5397 1280 5449 J
1286 5393 1357 5449 udaei
1380 5394 1408 5446 in
1428 5393 1519 5464 primo
1535 5392 1645 5448 Dourini
1659 5393 1780 5445 adventu
1792 5390 1803 5444 t
