3840 6098
184 265 219 325 55
417 261 607 325 liAYliONlS
622 267 866 326 HALBERSTAT.
884 268 998 327 EPlSC.
1015 269 1095 326 OPP.
1112 268 1204 324 PARS
1216 267 1228 322 l
1242 297 1276 309 -
1290 263 1478 325 connum.
1494 262 1588 321 BIBL.
1784 255 1817 314 56

187 409 338 468 possumus
361 392 467 449 similia
493 411 549 452 non
573 396 676 466 facere,
700 414 736 452 ne
754 397 826 450 forte
840 395 984 467 exspoliati
992 400 1018 457 Α
1063 418 1076 445 a
1089 396 1142 451 Sed
1154 395 1254 450 etcani
1266 395 1345 448 effusi
1359 399 1425 448 sunt
1437 395 1520 458 ineo,
1533 391 1632 462 etipse
1645 386 1816 459 ignoravit.»

184 483 314 540 omnibus
329 483 423 550 rebus,
439 484 524 539 etiarn
548 486 632 539 vitam
656 486 828 540 amittemus.
850 486 980 556 Dumque
1021 485 1089 539 Cani
1100 483 1244 537 hominum
1255 481 1406 553 aliquando
1416 483 1445 535 in
1455 481 1559 535 bonum
1569 482 1721 550 ponuntur,
1732 482 1766 530 ut
1774 481 1818 529 est

182 573 244 628 haec
257 573 392 640 dicerent,
406 573 490 627 etiam
504 573 559 644 ipsi
571 574 606 628 ad
617 575 707 628 scelus
717 574 882 641 idololatriae
896 574 980 627 devo·
1020 571 1089 627 illud
1100 572 1269 628 Salomonis:
1279 589 1291 622 o
1303 571 1371 625 Cani
1383 575 1450 626 sunt
1458 586 1558 624 sensus
1567 567 1698 630 hominis,
1709 570 1737 620 et
1747 570 1817 619 aetas

183 661 237 717 luti
251 666 324 716 sunt.
344 681 355 713 r
380 661 483 716 Omnes
504 678 585 731 reges
608 677 705 715 eorum
720 661 890 717 ceciderunt.
909 680 920 713 r
938 661 980 715 Ab
1021 660 1173 715 senectutis
1186 660 1243 714 vita
1257 659 1449 714 immaculata.
1468 659 1544 712 »llic
1555 661 1651 711 autem
1666 648 1696 709 in
1710 654 1817 708 malum

184 748 239 805 istc
262 750 369 804 scilicet
387 750 535 806 Jeroboam
557 766 645 821 usque
666 751 701 804 ad
717 751 848 805 ultimum
863 751 978 816 Josiam,
1021 755 1174 821 ponuntur,
1182 748 1318 803 malitiam
1328 748 1357 802 in
1367 748 1465 803 eodem
1475 747 1578 819 populo
1587 760 1677 816 usque
1686 743 1721 797 ad
1731 744 1818 796 finem

184 854 283 894 omnes
309 855 390 909 reges
413 839 605 893 Israelitarum
626 838 786 893 ceciderunt
812 839 841 893 in
868 839 981 893 idolola·
1021 839 1101 908 regni
1113 854 1305 910 perseverasse
1315 843 1514 892 monstrantes.
1526 836 1580 890 Sed
1592 839 1621 889 et
1632 833 1695 887 cani
1703 832 1817 905 (inquit)

183 925 268 982 triam
284 928 328 981 vel
348 926 534 999 perditionem
557 932 701 992 aternam,
717 933 745 982 et
766 927 981 983 stabulaverunt
1022 927 1101 981 etiusi
1114 932 1181 982 sunt
1195 928 1224 981 in
1239 944 1281 992 eo,
1292 928 1346 981 hoc
1359 931 1411 993 est,
1422 925 1532 980 abunde
1547 925 1576 979 in
1588 922 1716 993 nequitia
1729 936 1818 992 usque

184 1015 215 1070 in
237 1016 289 1070 viis
312 1013 491 1079 Hieroboam,
514 1016 564 1069 filii
584 1015 704 1081 Nabath,
721 1017 768 1087 qui
788 1033 902 1087 peccare
915 1016 982 1070 fecit
1022 1016 1057 1070 ad
1065 1017 1175 1071 senium
1185 1022 1214 1071 et
1223 1016 1302 1086 regni
1314 1016 1467 1070 terminum
1477 1011 1748 1086 permanserunt.Et
1758 1010 1818 1080 ipse

184 1103 282 1160 Israel⁴
298 1123 310 1156 o
326 1104 389 1159 Non
404 1104 489 1158 estin
503 1105 544 1159 eis
559 1104 607 1175 qui
620 1105 723 1160 clamet
736 1105 771 1159 ad
786 1122 839 1165 me,
856 1125 869 1158 o
886 1105 913 1158 id
928 1111 982 1174 est,
1022 1103 1163 1174 ignoravit
1176 1105 1262 1158 tinem
1278 1105 1357 1174 regni
1371 1103 1424 1169 sui,
1438 1102 1572 1158 subaudis
1584 1100 1742 1154 imminere.

183 1207 269 1248 nemo
284 1193 314 1247 in
329 1193 441 1263 regibus
456 1193 549 1249 autin
573 1193 699 1263 subjecto
721 1195 823 1264 populo
843 1195 982 1264 reperitur
1059 1211 1073 1246 c
1089 1191 1127 1247 Et
1141 1192 1334 1247 humiliabitur
1347 1191 1479 1265 superbia
1491 1191 1578 1245 Israel
1592 1189 1621 1243 in
1634 1188 1704 1242 facie
1719 1187 1816 1256 ejus.»

185 1280 234 1353 qui
247 1281 350 1337 clamet
363 1282 399 1335 ad
409 1298 464 1347 mc,
476 1287 505 1336 et
517 1281 621 1337 relictis
632 1282 714 1337 idolis
725 1282 760 1335 ad
772 1283 859 1336 Deum
870 1298 982 1336 conver·
1023 1281 1157 1337 Erexerat
1166 1282 1242 1336 enim
1252 1298 1282 1336 se
1297 1280 1386 1335 lsrael
1402 1285 1501 1334 contra
1510 1278 1670 1343 Dominum,
1682 1282 1710 1330 et
1721 1291 1776 1329 non
1787 1275 1819 1328 in

181 1373 271 1425 tatur.
284 1370 349 1424 llaec
363 1370 458 1424 omnia
472 1369 571 1425 beatus
584 1369 773 1441 Hieronymus
787 1371 823 1424 ed
837 1370 981 1424 haereticos
1022 1370 1080 1436 illo,
1091 1370 1140 1423 sed
1155 1370 1184 1423 in
1196 1369 1377 1424 multitudine
1385 1369 1429 1423 sui
1440 1367 1544 1423 fidebat
1552 1365 1698 1421 exercitus.
1708 1364 1744 1417 Et
1752 1362 1819 1433 quia

185 1473 339 1529 eorumque
352 1458 438 1513 refert
451 1458 610 1528 discipulos,
626 1459 674 1530 qui
688 1458 797 1513 malitia
807 1458 909 1512 diaboli
925 1458 982 1528 (qui
1025 1477 1036 1509 r
1053 1457 1181 1528 superbis
1196 1459 1271 1512 Deus
1288 1457 1402 1522 resistit,
1416 1455 1569 1511 humilibus
1584 1459 1679 1509 autem
1693 1453 1742 1506 dat
1755 1467 1818 1521 gra·

184 1551 229 1601 est
238 1563 288 1600 rex
297 1563 383 1618 super
394 1563 491 1601 omnes
500 1547 620 1617 iniquos)
627 1546 757 1612 debriati,
766 1546 824 1601 dies
836 1546 981 1616 regis(hoc
1022 1546 1102 1610 tiam,
1115 1565 1127 1598 r
1144 1545 1212 1600 dicit
1225 1562 1301 1601 nunc
1315 1562 1366 1617 per
1379 1544 1549 1616 Prophetam
1564 1561 1569 1596 :
1587 1561 1599 1593 ι
1617 1539 1819 1596 Humiliabitur

185 1637 239 1702 est,
261 1636 396 1706 cuiusque
410 1634 623 1706 prepositorum
645 1651 771 1702 suorum,
787 1634 863 1688 verbi
878 1635 980 1704 gratia,
1022 1634 1155 1706 superbia
1169 1633 1266 1697 Israel,
1286 1654 1298 1686 i
1323 1635 1442 1698 honest,
1459 1630 1664 1687 interficientur
1679 1629 1819 1701 principes

184 1722 345 1788 Marcionis,
371 1723 444 1788 Arii,
472 1728 557 1793 atque
585 1723 724 1789 Eunomii‚
749 1714 1051 1792 caeterorumque)Bet
1063 1724 1199 1777 exercitus
1212 1725 1273 1793 eJus
1285 1723 1322 1793 (in
1340 1720 1636 1794 quibusgloriabatur)
1647 1717 1682 1772 ab
1696 1716 1818 1786 Assyriis

184 1812 329 1868 celebrent
354 1812 477 1876 testivcs,
504 1811 655 1865 Ecclesiam
672 1811 871 1881 relinquentes,
892 1816 921 1865 et
934 1827 982 1865 ve·
1023 1819 1052 1868 et
1063 1813 1208 1879 chaldeis,
1218 1814 1308 1867 ethoc
1320 1829 1375 1867 non
1386 1813 1475 1867 multo
1486 1816 1549 1882 post
1558 1807 1819 1880 temporesednunc

184 1899 300 1955 ritatem
324 1898 389 1954 tidci
410 1899 615 1957 conculcantes,
631 1899 711 1953 Unde
726 1900 797 1953 ethi
813 1899 860 1969 qui
875 1899 982 1954 caeteris
1023 1906 1052 1955 et
1065 1900 1094 1955 in
1107 1901 1247 1971 presenti.
1262 1903 1321 1955 Hoc
1336 1907 1380 1956 est
1397 1900 1472 1955 enirn
1491 1899 1565 1971 quod
1580 1898 1620 1952 ait
1640 1915 1645 1949 :
1668 1914 1681 1948 «
1701 1895 1736 1950 In
1749 1894 1820 1949 facie

182 1993 319 2062 presunt,
341 1988 518 2061 applaudunt
535 1988 601 2054 illis,
622 2005 656 2042 eo
677 1987 752 2059 quod
767 1988 881 2043 videant
898 1988 983 2042 corda
1023 1990 1093 2059 ejus.
1107 1991 1216 2044 acNon
1229 1989 1331 2044 reversi
1341 1990 1452 2044 suntad
1465 1988 1615 2043 Dominum
1625 1987 1715 2041 Deum
1725 1999 1819 2052 suum,

183 2076 298 2133 illorum
312 2076 438 2148 nequitia
453 2076 565 2140 referta,
582 2082 611 2129 et
624 2076 689 2130 vino
702 2076 860 2148 iniquitatis
872 2076 980 2143 infusa3
1023 2084 1051 2132 et
1061 2094 1116 2132 non
1128 2079 1299 2149 quaesierunt
1308 2095 1372 2133 eum
1383 2078 1412 2132 in
1422 2077 1551 2133 omnibus
1561 2076 1614 2130 his.
1625 2095 1639 2127 s
1650 2074 1730 2138 Quod
1739 2087 1821 2143 supe·

185 2165 221 2221 de
231 2181 286 2237 quo
298 2165 431 2220 Salomon
442 2165 510 2219 dicit
521 2183 527 2218 :
539 2165 683 2236 Principes
693 2165 788 2220 vinum
804 2181 860 2219 non
873 2164 981 2230 bibant,
1023 2165 1082 2220 rius
1096 2165 1266 2221 subobscure
1276 2172 1418 2239 posuerat,
1434 2167 1546 2220 dicens:
1561 2186 1572 2213 ι
1584 2163 1717 2235 Ephraim
1731 2161 1821 2215 sactus

184 2253 335 2325 nequando
348 2253 548 2309 obliviscantur
561 2253 715 2325 sapientiae.
737 2253 884 2309 lasaniunt
898 2253 982 2307 etiarn
1024 2259 1068 2309 est
1088 2255 1289 2310 subcinericius
1303 2257 1383 2328 panis
1399 2255 1446 2327 qai
1461 2272 1517 2309 non
1531 2259 1702 2321 reversatur,
1718 2270 1731 2303 r
1747 2266 1821 2304 nunc

185 2342 353 2397 exvino.De
366 2358 420 2414 quo
434 2343 559 2413 Moyses:
576 2342 693 2398 «Furor
707 2342 817 2414 (inquit)
830 2341 984 2396 draconum
1025 2344 1104 2414 ponit
1123 2345 1298 2400 manifestius
1316 2365 1321 2399 :
1341 2366 1352 2398 ι
1370 2346 1433 2400 Non
1454 2349 1521 2399 sunt
1542 2343 1652 2414 (inquit)
1669 2339 1772 2395 reversi
1786 2339 1822 2392 ed

185 2429 283 2486 vinum
298 2447 406 2496 corum,
426 2452 437 2483 ι
454 2436 508 2485 etc.
523 2431 602 2495 Quod
616 2430 982 2485 autemdiciturteroboam
1025 2432 1175 2487 Dominum
1202 2434 1291 2488 Deum
1315 2450 1407 2500 suum,
1424 2439 1453 2488 et
1479 2450 1535 2487 non
1558 2431 1730 2502 quaesierunt
1756 2444 1821 2482 eum

184 2523 246 2575 tota
260 2526 341 2575 nocte
355 2519 503 2589 dormisse,
514 2519 672 2575 ostenditur
685 2536 735 2592 per
749 2520 810 2585 hoc,
823 2519 889 2590 quia
899 2520 984 2573 haerc·
1025 2520 1054 2575 in
1064 2522 1194 2576 omnibus
1204 2523 1259 2577 his.
1277 2539 1290 2576 a
1306 2522 1386 2586 Quod
1399 2523 1423 2576 si
1436 2521 1556 2576 inissent
1565 2519 1669 2574 reversi
1680 2519 1714 2572 ad
1729 2517 1823 2573 Domi-

140 2664 146 2669 .
186 2608 236 2664 tici
258 2609 325 2664 dum
344 2609 373 2664 in
388 2609 512 2664 tenebris
525 2608 700 2663 infidelitatis
721 2615 877 2672 morantur,
892 2608 984 2662 lucem
1025 2626 1093 2664 num
1116 2612 1205 2666 Deum
1221 2628 1314 2678 suum,
1329 2612 1474 2666 audissent
1492 2611 1590 2681 utique
1605 2607 1823 2680 perieremiam

185 2697 246 2753 veri
260 2698 327 2753 solis
342 2714 398 2752 non
420 2698 514 2752 valent
534 2698 693 2768 perspicere
709 2715 715 2753 :
734 2713 799 2750 narn
814 2701 843 2751 et
857 2697 905 2767 qui
919 2696 985 2749 dor·
1026 2699 1187 2769 loquentem
1202 2700 1370 2754 Dominum:
1386 2720 1397 2751 r
1411 2699 1591 2755 Revertimini
1608 2698 1644 2752 ad
1659 2713 1714 2762 me,
1729 2701 1757 2750 ct
1771 2711 1823 2765 ego

186 2786 290 2853 minat,
310 2793 392 2841 nocte
410 2785 564 2852 dormiant,
585 2787 652 2857 quia
666 2802 816 2857 oppressus
832 2791 875 2840 est
888 2800 986 2838 sensus
1027 2794 1152 2842 revertar
1166 2789 1200 2842 ad
1217 2805 1274 2843 vos.
1297 2789 1394 2844 »Post
1415 2788 1491 2843 idota
1509 2787 1611 2860 quippe
1634 2785 1821 2850 ambulantes,

187 2891 295 2932 eorum.
305 2874 848 2938 Horumcordacaletierinoscunturira,
857 2872 984 2937 avaritia,
1026 2893 1083 2931 non
1098 2877 1271 2947 quaesierunt
1281 2893 1345 2931 curn
1357 2877 1385 2931 in
1396 2876 1525 2931 omnibus
1539 2876 1583 2930 his
1597 2873 1823 2938 adversitatibus,

188 2965 353 3036 caeterisque
363 2965 448 3030 vitiis,
460 2963 568 3034 ipsique
580 2963 715 3017 devorant
725 2963 833 3033 judices
847 2977 922 3026 suos,
934 2961 986 3014 hoc
1027 2971 1059 3020 ut
1070 2966 1100 3019 in
1115 2982 1179 3020 curn
1191 2967 1313 3039 perfecte
1327 2967 1483 3032 crederent,
1495 2971 1523 3020 et
1536 2970 1612 3019 recta
1627 2968 1823 3034 operarentur.

188 3059 242 3118 est,
264 3052 289 3108 si
305 3053 353 3124 qui
368 3057 486 3124 possunt
505 3051 608 3105 habere
626 3051 656 3105 in
670 3051 764 3105 animo
785 3051 927 3114 virtutem,
944 3027 1017 3104 velC
1028 3055 1065 3110 Ut
1073 3060 1167 3110 eutem
1176 3056 1212 3109 ad
1220 3056 1364 3111 haereticos
1372 3054 1525 3126 relimpios
1533 3054 1587 3107 ista
1595 3052 1750 3106 referamus
1758 3069 1826 3122 prae·

188 3157 290 3198 sensus
304 3140 406 3213 quibus
427 3140 503 3193 mala
520 3140 719 3194 discernantur
738 3156 754 3193 a
776 3138 866 3201 bonis,
881 3139 988 3192 abstra-
1028 3144 1145 3214 posims,
1160 3143 1294 3214 Ephraim
1309 3144 1338 3197 in
1360 3144 1470 3217 populis
1489 3141 1695 3202 commiscetur,
1713 3140 1826 3211 quando

189 3231 263 3286 hunt
275 3228 388 3295 abillis,
403 3233 432 3283 et
448 3245 546 3283 omnes
560 3228 700 3300 principes
714 3228 815 3282 talium
829 3228 989 3283 ceciderunt
1029 3232 1064 3286 ad
1079 3232 1122 3286 sui
1137 3232 1349 3287 similitudinem
1366 3233 1436 3287 alios
1451 3231 1568 3303 quilibet
1584 3245 1704 3301 nequam
1720 3245 1827 3301 prepo-

189 3318 221 3375 in
231 3318 283 3374 Dei
295 3315 548 3389 predestinatione,
562 3331 613 3371 nec
623 3321 667 3370 est
681 3315 756 3369 inter
769 3331 817 3370 eos
827 3316 875 3386 qui
888 3317 990 3372 clamet
1029 3319 1100 3374 situs
1114 3320 1211 3386 trahit,
1228 3326 1257 3375 et
1275 3321 1375 3374 similis
1394 3336 1492 3375 eorum
1512 3319 1642 3382 eflicitur,
1657 3319 1737 3389 juxta
1752 3319 1823 3389 quod

191 3400 398 3464 achmiauim
407 3409 440 3459 ut
449 3404 581 3458 invocans
591 3420 694 3459 nomen
706 3404 816 3458 Domini
825 3405 917 3458 salvus
927 3405 985 3458 stat.
1030 3424 1116 3480 snpra
1129 3409 1234 3463 dictum
1250 3413 1310 3465 est:
1329 3408 1389 3464 Erit
1403 3409 1476 3463 sicut
1489 3409 1610 3480 populus
1624 3407 1664 3461 sic
1678 3407 1821 3465 sacerdos.

228 3516 242 3546 α
266 3494 403 3566 Ephraim
431 3494 462 3547 in
487 3493 598 3563 populis
623 3492 683 3563 ipse
708 3492 950 3547 commiscebatur.
973 3512 986 3545 a
1030 3496 1093 3551 Sive
1119 3497 1204 3551 etiam
1227 3497 1359 3568 Ephraim
1382 3484 1495 3569 ¹populis
1525 3497 1730 3562 commiscetur,
1760 3496 1827 3566 quia

192 3584 327 3657 Ephraim
342 3599 398 3637 non
416 3580 462 3635 hic
481 3582 678 3635 tantummodo
692 3597 783 3652 reges,
803 3586 835 3635 ut
849 3582 988 3651 superius,
1031 3601 1128 3639 omnes
1140 3586 1262 3640 haeretici
1271 3586 1342 3641 nihil
1351 3586 1484 3640 diilerunt
1492 3584 1791 3655 aberraregentilium,
1799 3589 1828 3638 et

192 3669 989 3743 sedomnispopulusdecemtribuumaccipiturEphraim
1032 3673 1463 3747 quisueratprincepsquondam
1472 3673 1738 3744 Ecclesiae,s1tquesi
1746 3673 1827 3743 panis

193 3777 271 3833 ergo,
280 3760 310 3814 id
320 3764 365 3815 est
375 3775 458 3814 omne
467 3775 587 3830 regnum
597 3760 691 3814 decem
702 3758 836 3824 tribuum,
852 3779 863 3811 c
877 3759 991 3814 commi·
1032 3762 1243 3822 subcinericius.
1262 3779 1294 3816 ex
1311 3762 1481 3830 omniparis
1495 3760 1635 3816 cineribus
1649 3766 1826 3831 peccatorum

193 3850 325 3905 scebatur
337 3849 367 3902 in
381 3847 502 3920 populis,
519 3849 596 3902 »hoc
606 3853 657 3915 est,
674 3847 774 3903 similis
790 3847 991 3918 eratgentibus
1031 3850 1289 3918 circumdatus,nec
1296 3851 1446 3905 revertitur
1455 3851 1491 3904 ad
1500 3848 1698 3915 Dominum,in
1707 3849 1828 3919 incoepto

192 3938 270 3994 idola
282 3936 447 3993 colentibus.
463 3956 474 3987 ι
487 3936 621 4011 Ephraim
635 3936 725 3991 sactus
736 3942 779 3990 est
791 3935 992 3991 subcinericius
1032 3955 1307 4011 permanenserrore,
1319 3939 1400 4008 cujus
1409 3938 1503 4000 robur,
1519 3939 1625 4001 hocest,
1636 3937 1829 3991 tortitudinem

193 4027 285 4101 panis,
298 4026 346 4098 qui
358 4042 415 4080 non
430 4030 598 4080 reversatur.
613 4025 722 4080 »Panis
736 4026 784 4096 qai
799 4041 856 4080 non
870 4041 994 4080 reversa-
1033 4027 1169 4082 virtutum
1181 4034 1210 4081 et
1223 4027 1425 4096 intelligentia,
1441 4026 1591 4083 daemones.
1607 4026 1832 4080 Christianorum

193 4123 252 4184 tur,
267 4115 389 4171 exomni
403 4119 483 4186 parte
497 4115 596 4186 plenus
611 4121 654 4169 est
668 4114 806 4169 sordibus.
815 4114 891 4168 Talis
903 4112 993 4169 tactus
1034 4116 1148 4187 pessimi
1163 4117 1267 4182 hostes,
1279 4120 1419 4171 auterant.
1431 4116 1494 4186 lpse
1508 4131 1572 4169 vero
1586 4116 1639 4169 hoc
1652 4115 1750 4176 nescit,
1762 4114 1831 4169 dum

196 4210 239 4259 est
256 4204 464 4275 Ephraimnon
475 4202 584 4272 agendo
603 4203 808 4273 paenitentiam,
820 4202 939 4273 ideoque
953 4203 995 4255 in·
1035 4205 1089 4259 sibi
1104 4205 1208 4258 amicos
1224 4209 1313 4274 putat,
1331 4220 1401 4274 quos
1422 4204 1600 4258 devoratores
1623 4202 1718 4257 sentit.
1734 4202 1834 4257 Sedet

195 4290 386 4348 convertibilis
396 4306 522 4354 manens,
534 4307 567 4344 ex
577 4291 653 4345 orani
663 4291 941 4362 partecircumdatus
952 4295 996 4344 est
1035 4294 1096 4349 coni
1120 4293 1149 4346 in
1172 4309 1204 4346 eo
1219 4292 1411 4359 effunduntur,
1432 4292 1499 4346 dum
1515 4292 1634 4346 stultitia
1647 4291 1738 4347 cordis
1756 4291 1833 4345 illius

197 4379 338 4436 cineribus
358 4385 546 4451 peccatorum.
562 4379 643 4443 Quod
657 4381 681 4433 si
695 4380 818 4434 converti
832 4395 850 4432 a
863 4379 921 4433 sais
935 4379 993 4432 ini·
1034 4397 1123 4453 usque
1133 4380 1168 4433 ad
1177 4380 1329 4433 terminum
1342 4381 1403 4435 vitre
1413 4380 1441 4434 in
1452 4396 1484 4434 eo
1493 4380 1747 4449 perseverat.Sicut
1756 4380 1833 4434 enirn

197 4468 351 4543 quitatibus
362 4467 841 4540 vellet,purgariutiquepctuisset.
1031 4470 1102 4540 justi
1124 4468 1246 4522 hominis
1264 4467 1327 4522 cani
1350 4468 1489 4538 sapientia
1507 4469 1684 4540 intelligitur,
1700 4469 1740 4523 sic
1753 4469 1833 4540 impii

234 4557 449 4614 (Comederunt
459 4557 545 4611 alieni
555 4557 641 4611 robur
650 4559 721 4628 ejus,
735 4562 763 4612 et
773 4557 833 4628 ipse
843 4555 969 4610 nescivit.
981 4573 992 4606 r
1036 4557 1156 4612 stultitia
1168 4556 1314 4628 accipitur.
1324 4557 1387 4627 lpse
1397 4562 1492 4611 autem
1502 4563 1669 4611 vetustatem
1682 4574 1739 4612 suae
1751 4557 1833 4627 igno·

195 4656 293 4714 Robur
305 4655 429 4728 appellat
447 4656 586 4728 principes
606 4661 635 4710 et
647 4655 734 4710 sortes
748 4669 873 4726 quosque
887 4652 993 4724 populi,
1035 4651 1081 4700 rat
1090 4645 1257 4711 malitiae‚de
1268 4662 1323 4718 qua
1333 4647 1532 4716 scriptumest:
1544 4645 1624 4709 Quod
1636 4645 1835 4716 antiquaturet

196 4756 241 4811 vel
263 4760 338 4810 certe
356 4755 505 4808 thesauros
523 4753 553 4806 in
577 4752 678 4824 quibus
703 4749 889 4806 confidebant.
903 4748 996 4804 Alieni
1036 4733 1834 4808 ⁸2⁰280112P1'0Peini0sst11fflest·QWUfflSUPsssbiacum

197 4869 265 4925 ergo
275 4869 292 4907 a
301 4854 368 4919 Deo,
379 4852 424 4906 vel
436 4851 550 4906 etiam,
563 4856 648 4921 gente
657 4849 828 4912 mmmm,
839 4847 935 4902 hospes
945 4849 996 4902 sci,
1037 4823 1162 4894 quotidie
1174 4839 1191 4876 a
1205 4822 1316 4877 Christo
1334 4823 1508 4887 humilietur,
1520 4838 1578 4877 non
1589 4829 1680 4892 agunt
1694 4823 1835 4894 poeniten·

196 4950 263 5005 licet
276 4951 338 5022 ejus
352 4949 475 5005 Chaldaei
491 4954 576 5020 atque
585 4945 704 5018 Assyrii,
715 4944 898 5000 comederunt
909 4946 996 5002 robur
1036 4913 1116 4980 tiam’
1132 4929 1184 5014 Ψ
1195 4917 1375 5012 mestum?
1387 4911 1422 4966 ad
1436 4912 1598 4967 nmmum·
1612 4931 1624 4963 ‘
1641 4913 1676 4966 Et
1688 4911 1778 4966 factus
1792 4917 1836 4966 θεῖ

198 5048 270 5119 ejus,
286 5047 481 5103 interficiendo
501 5046 652 5118 principes,
676 5049 706 5097 et
720 5042 793 5098 bona
816 5043 929 5098 illorum
944 5045 998 5102 sibi
1039 5003 1171 5075 Ephmm
1186 5017 1267 5072 qum
1284 5000 1414 5055 ⁰⁰¹umb⁸
1426 5002 1543 5057 ⁸⁶d⁰⁰t³
1554 5018 1610 5055 ⁰⁰¹¹
1624 5001 1730 5055 habens
1744 5017 1801 5055 ⁰⁰⁸
1818 5023 1833 5055 '

216 5146 222 5159 .
266 5147 272 5158 .
481 5144 487 5155 .
550 5143 555 5154 .
608 5141 639 5153 ..
1039 5091 1174 5146 Columba
1187 5090 1217 5144 in
1230 5089 1335 5144 bonurn
1349 5091 1494 5162 accipitur,
1508 5097 1541 5144 ut
1554 5090 1690 5144 Dominus
1704 5091 1733 5143 in
1749 5091 1836 5145 Eran-

197 5147 374 5209 vmdmndm
399 5150 426 5199 et
442 5143 577 5215 qumqmd
590 5157 691 5195 mum
709 5139 813 5196 habere
827 5147 938 5211 p⁰t⁰mt
951 5142 998 5197 ἅθ’
1037 5180 1110 5250 gelio
1121 5178 1223 5235 dicitzs
1238 5179 1332 5233 Estote
1342 5179 1494 5249 prudentes
1501 5178 1574 5232 sicut
1582 5185 1760 5248 serpenteset
1769 5180 1835 5233 sim·

197 5245 331 5299 V⁰m¹¹d⁰·
344 5244 496 5312 Tamque
512 5240 585 5293 idem
601 5237 735 5309 Ephraim
747 5238 802 5292 fnit
813 5240 953 5309 amntiae’
965 5246 998 5295 ut
1038 5267 1122 5338 plices
1132 5267 1203 5321 sicut
1215 5267 1361 5325 columbe.
1374 5288 1385 5316 ι
1397 5272 1429 5320 ut
1438 5282 1489 5320 nec
1498 5266 1561 5320 aliis
1572 5282 1672 5320 nocere
1683 5267 1832 5337 possimus,

197 5336 996 5411 nescireffleumsuumistutcesteiss¹¹⁰l³fflicausaml’m
1037 5372 1088 5410 nec
1101 5356 1136 5409 ab
1150 5356 1214 5410 aliis
1233 5355 1348 5410 insidias
1371 5354 1522 5425 patiamur,
1543 5355 1592 5408 sed
1613 5355 1792 5425 simplicitate
1806 5363 1836 5412 et

198 5455 256 5511 qua
274 5440 374 5495 fuisset
387 5434 584 5492 devorantibus
598 5435 729 5502 traditus,
742 5436 852 5505 justum
866 5454 896 5492 se
910 5454 996 5510 repu·
1037 5444 1186 5516 prudentia
1201 5443 1381 5497 exhibeamus
1395 5443 1537 5496 hominem
1552 5447 1752 5513 temperatum,
1769 5445 1836 5515 quia

197 5540 273 5594 tans.
1037 5532 1188 5606 prudentia
1197 5531 1257 5587 sine
1266 5531 1445 5602 simplicitate
1455 5531 1593 5587 calliditas
1608 5535 1660 5599 est,
1669 5531 1834 5603 simplicitas
