3818 6104
185 310 233 374 tibi
395 316 585 374 Hannonis
604 315 848 374 nannetensi.
871 315 985 372 EPlSC.
1007 314 1085 370 ΟΡΡ.
1107 315 1199 371 PARS
1218 313 1238 369 l.
1262 348 1294 359 -
1316 314 1502 377 constant.
1523 319 1614 376 alet.
1745 321 1781 379 itt

182 444 226 497 det
239 447 263 497 te
273 446 428 511 alienasset
438 458 495 498 non
506 458 535 498 os
548 448 648 505 tanm‚·
665 447 821 509 extranens,
837 449 862 497 et
873 459 929 497 non
941 443 979 496 lc·
987 441 1011 501 Α
1020 441 1086 511 quia
1099 456 1154 496 non
1169 457 1220 513 pro
1234 444 1364 499 mercede
1376 448 1492 510 eterna,
1504 460 1596 515 neque
1605 460 1654 516 pro
1665 445 1782 503 eduam

184 533 229 586 bia
244 538 293 586 tna
309 533 397 597 (Pron
414 533 508 601 xxvii).
520 532 622 587 Valens
637 529 790 586 aclaudare
801 531 906 603 ipseob
917 549 980 587 cau-
1020 529 1143 585 ditorum
1162 531 1357 601 praedicationi
1383 532 1561 598 insistebant,
1592 534 1641 589 sed
1660 551 1705 606 pro
1722 535 1783 591 lucris

183 636 243 674 sam
252 619 491 692 supradictam,ne
504 620 584 675 daret
594 620 655 674 aliis
666 621 838 681 occasionem
848 621 979 675 laudandi
1021 620 1234 689 temporalibus,
1259 628 1292 676 ut
1314 622 1378 676 illos
1403 623 1561 693 exspoliare
1579 630 1696 694 possent,
1716 631 1783 696 etpn

182 709 252 764 dixit
267 728 274 765 :
300 710 412 764 Utinam
429 713 602 763 sustineretis
621 709 770 781 patienter,
792 727 807 763 o
829 709 976 769 Corinthii,
1020 707 1103 762 laude
1118 709 1242 763 humana
1256 711 1382 765 dieentes
1396 712 1563 782 Apostolum
1578 728 1635 766 non
1648 729 1704 767 esse
1716 729 1785 769 tenu

181 799 320 853 modicum
333 801 401 868 qnid
414 801 580 866 insipientie
590 815 663 862 rnen,
673 798 700 852 id
711 798 901 853 estmodicam
914 798 980 852 insi·
1022 797 1242 867 predicatorem,
1259 815 1292 853 eo
1307 799 1381 869 qnod
1396 815 1413 853 a
1436 800 1557 855 Domino
1575 816 1626 872 per
1644 802 1785 873 presentiam

179 888 315 959 pientiam
325 903 417 942 meam
429 888 503 959 quod
514 905 559 943 me
568 888 662 952 laudo,
670 889 715 941 sed
724 893 749 941 et
760 893 916 956 supportate
926 903 977 954 nte,
1021 886 1112 940 censis
1127 902 1182 940 non
1191 886 1417 953 iueratrocatus,
1429 893 1458 943 et
1468 889 1537 943 talia
1547 888 1685 956 dicebant,
1693 891 1786 946 solentes

179 976 208 1030 id
221 982 264 1032 est
277 978 414 1032 sustinete
437 977 629 1048 insipientiam
650 993 740 1030 meam
768 976 796 1031 in
822 977 874 1030 hac
898 980 976 1048 parte
1021 990 1068 1028 eos
1082 974 1117 1028 ab
1132 992 1228 1030 amore
1243 976 1369 1047 Apostoli
1381 976 1416 1030 ad
1429 992 1557 1032 amorem
1567 993 1652 1033 suum
1665 979 1785 1046 retrabere,

179 1064 289 1135 laudis3
306 1067 387 1138 quasi
401 1066 523 1120 diceret:
541 1066 570 1120 Si
584 1066 668 1120 vultis
683 1067 824 1137 patienter
838 1066 977 1120 sustinere
1019 1063 1091 1133 quod
1109 1070 1137 1118 et
1150 1064 1278 1120 iecerunt
1292 1065 1430 1137 plurimos
1446 1065 1618 1136 simplicium
1637 1066 1785 1138 decipientes.

177 1155 263 1211 rerba
276 1172 348 1222 mea,
364 1156 455 1210 dicam
473 1174 478 1208 :
492 1155 550 1211 etsi
559 1171 615 1210 non
626 1155 719 1222 vultis,
733 1155 830 1227 utique
845 1172 900 1208 non
915 1155 977 1209 ideo
1019 1167 1089 1221 quos
1104 1152 1387 1223 Apostolusironicos
1399 1154 1663 1225 alloquitur,dicens
1674 1173 1681 1209 ε
1692 1157 1787 1211 Libente

179 1245 308 1300 omittam
324 1244 417 1300 dicere
431 1245 504 1316 quod
520 1245 548 1298 in
564 1245 658 1299 animo
671 1244 856 1298 deliberatum
875 1244 973 1297 habco.
1016 1243 1136 1307 suffertis
1153 1244 1322 1312 insipientes,
1339 1260 1403 1298 rum
1422 1246 1483 1297 sitis
1500 1247 1555 1312 ipsi
1565 1247 1707 1313 sementes.
1721 1246 1788 1309 Quae

178 1334 214 1389 ut
224 1334 278 1389 hoe
291 1334 399 1405 quarcl
1018 1345 1102 1399 quam
1114 1331 1217 1385 etenim
1229 1331 1341 1402 quidam
1353 1333 1427 1387 bunc
1437 1332 1607 1388 versiculum
1617 1333 1786 1405 itaexponaut,

213 1424 339 1477 AEnttetor
356 1425 432 1478 enirn
452 1440 497 1478 vos
517 1424 567 1478 Ilei
579 1424 763 1477 emulatione.
780 1421 916 1476 AEmulari
932 1426 976 1476 est
1017 1423 1049 1472 ut
1059 1419 1095 1473 sit
1107 1421 1499 1503 sensus,quasieosveraciter
1513 1422 1646 1493 appellet,
1662 1422 1788 1478 dicaesa-

177 1510 311 1578 invidcre,
323 1513 438 1579 imitari,
452 1529 558 1578 amare,
573 1518 602 1567 et
616 1511 739 1566 studium
754 1511 867 1577 habere,
882 1511 930 1564 sed
946 1510 974 1565 in
1016 1508 1126 1579 pientes
1143 1509 1257 1573 :miron
1272 1526 1335 1564 cum
1351 1510 1413 1565 sitis
1424 1511 1479 1582 ipsi
1490 1511 1644 1582 sapientes,
1660 1528 1787 1583 querceus

176 1601 303 1656 hocloco
319 1618 369 1672 pro
385 1617 481 1657 amare
495 1600 618 1673 ponitur.
634 1603 760 1655 AEmntor
778 1602 853 1654 enim
867 1616 912 1653 ros
928 1600 975 1653 nei
1016 1597 1130 1652 lineatis
1143 1597 1264 1653 libenter
1275 1597 1450 1670 insipientes,
1466 1599 1514 1655 sed
1528 1599 1629 1655 beatus
1642 1600 1786 1672 Augustinus

175 1692 360 1755 emittatione,
378 1691 406 1744 id
423 1695 466 1746 est
480 1706 544 1745 amo
554 1706 602 1744 vos
616 1689 667 1744 Dei
682 1706 786 1744 amore.
983 1685 1098 1776 Baliter
1112 1686 1232 1757 exponit,
1251 1687 1401 1742 destruens
1421 1688 1496 1743 huuc
1517 1705 1633 1744 sensum
1649 1695 1678 1745 et
1693 1690 1786 1746 ironicos

210 1780 345 1849 despondi
358 1781 433 1834 enim
447 1795 493 1833 cos
514 1781 568 1833 nni
582 1782 641 1833 uiro
658 1782 794 1847 cirpinem
813 1783 917 1832 castani
930 1793 973 1832 en·
1016 1775 1176 1845 intelligens
1191 1792 1239 1830 eos
1253 1777 1408 1847 appellatos
1418 1793 1478 1831 esse
1492 1778 1646 1849 sapientes.
1660 1781 1724 1835 essm
1733 1781 1785 1849 sitis,

176 1866 972 1939 bibereChristol‘aulusapostolusdesponsavitCorin-
1016 1862 1149 1933 inquit,o
1178 1864 1325 1928 Corinthii,
1351 1867 1523 1933 insipientes,
1544 1871 1677 1936 putantes
1702 1881 1785 1922 rate

175 1956 261 2022 thies,
272 1972 328 2010 aon
339 1954 453 2010 sibiscd
465 1955 576 2011 Christo
587 1956 971 2026 perpraedicationemsuam,
1015 1951 1133 2021 pientes,
1148 1969 1204 2007 non
1218 1958 1261 2007 est
1277 1952 1379 2008 mirum
1395 1952 1418 2007 si
1434 1953 1577 2024 patienter
1591 1953 1783 2010 sustinetisinsi

175 2044 499 2116 etsidcm,sicutbloyses
510 2045 723 2115 desponsaritin
735 2044 854 2116 AEgypto
863 2043 971 2114 plebem
1015 2039 1123 2110 pientes
1138 2040 1412 2111 pseudo-apostolos.

175 2133 361 2189 israeliticam
381 2147 436 2187 non
452 2132 514 2198 sibi,
527 2131 576 2185 scd
590 2132 648 2185 Deo
663 2133 756 2197 (Eroti.
775 2131 828 2197 111).
852 2130 932 2185 Unde
944 2135 973 2184 ct
1049 2128 1197 2183 Sustinetis
1212 2131 1297 2193 enirn,
1308 2134 1333 2182 si
1346 2132 1409 2198 pisis
1423 2145 1468 2184 nos
1483 2132 1515 2185 in
1528 2133 1687 2187 sertitatern
1700 2132 1782 2200 redint.

175 2227 344 2293 praeceptum
356 2226 399 2275 est
409 2221 435 2275 ei
448 2226 481 2275 ut
493 2221 606 2275 tolleret
613 2221 800 2274 calceamenta
812 2221 846 2273 de
856 2218 972 2290 pedibus
1013 2216 1101 2271 Judaet
1116 2217 1163 2288 qui
1173 2224 1307 2272 renerent
1317 2234 1335 2271 a
1344 2218 1450 2284 tudes,
1463 2219 1511 2288 qui
1525 2219 1783 2291 utrumqucrolebatl

175 2310 242 2366 suis.
264 2309 384 2381 Signum
399 2326 466 2380 crgo
483 2309 707 2380 desponsationis
726 2315 754 2363 et
773 2310 894 2362 annulus
916 2325 971 2379 quo
1013 2312 1144 2375 agereet
1152 2307 1305 2376 judaizare,
1322 2312 1351 2361 et
1367 2307 1547 2378 Evangelium
1564 2308 1715 2376 observare,
1728 2307 1781 2363 rob·

174 2397 973 2471 desponditsiuedesponsavitslpostolusCorinthiosChri·
1014 2394 1081 2448 bant
1094 2396 1240 2450 credontes
1250 2395 1279 2450 in
1294 2395 1458 2451 servitutem
1473 2396 1602 2467 redigere
1621 2398 1698 2470 legis,
1710 2395 1781 2452 uteb-

173 2493 227 2555 sto,
239 2487 309 2542 tides
331 2486 385 2542 tuit
395 2486 506 2542 Domini
524 2486 684 2552 salvatoris,
703 2503 786 2557 quarn
803 2487 973 2540 ministrarit
1013 2492 1157 2539 servarent
1169 2483 1279 2539 sabbati
1292 2485 1391 2548 otium,
1405 2490 1435 2540 et
1448 2485 1523 2540 irent
1533 2487 1744 2558 Hierosolymam
1751 2484 1780 2540 ol·

172 2577 223 2632 cis.
237 2576 317 2632 Unde
330 2575 418 2630 dicit:
436 2577 570 2644 Despondi
583 2578 657 2629 enirn
668 2591 712 2628 aas
727 2579 779 2628 tirsi
789 2578 849 2628 niro
862 2576 971 2631 Olsristo
1012 2572 1084 2626 ferre
1096 2573 1200 2643 legales
1216 2573 1332 2640 hostias,
1349 2580 1378 2629 et
1392 2575 1514 2630 maxime
1526 2580 1560 2630 ut
1570 2575 1778 2631 circumcisionem

172 2665 303 2721 exhibere
318 2665 415 2719 rolens
431 2682 478 2719 vos
492 2663 629 2735 virginem
642 2669 757 2727 castam,
769 2663 796 2716 id
806 2668 889 2716 estut
903 2680 972 2734 prae-
1013 2660 1204 2726 obserrarent,
1218 2662 1343 2717 dicentes
1357 2664 1436 2718 nullo
1451 2665 1535 2719 modo
1549 2681 1633 2736 posse
1649 2682 1694 2721 cos
1704 2662 1778 2719 suni

172 2754 277 2827 paretis
286 2770 334 2809 vos
343 2753 480 2824 virginem
492 2757 598 2807 castam
609 2752 660 2816 illi,
672 2757 816 2807 servantes
824 2752 971 2822 integrita-
1012 2750 1072 2805 sine
1087 2751 1308 2817 circumcisione,
1321 2751 1460 2825 precipue
1472 2766 1538 2808 cum
1545 2754 1660 2809 hocuon
1668 2752 1777 2810 alsait

170 2849 228 2898 tem
242 2841 473 2913 fideillirginitas
481 2841 556 2896 enim
568 2841 621 2895 ista
631 2841 723 2911 potius
731 2840 883 2895 estmentis
898 2840 971 2893 inte·
1013 2839 1081 2909 legis
1096 2846 1276 2910 preceptum,
1292 2841 1341 2895 sed
1351 2842 1433 2913 longe
1443 2847 1509 2897 aute
1520 2843 1614 2914 legem
1624 2842 1739 2898 familiari
1748 2841 1776 2895 sl·

172 2933 262 3002 gritas
275 2948 358 3002 quam
379 2930 516 3001 corporis,
538 2930 567 2985 Si
582 2946 649 2999 crgo
668 2929 839 2983 attendimus
854 2927 970 2998 virgini·
1012 2927 1151 2981 locutione
1161 2928 1264 2983 dixerit
1272 2929 1346 2984 Deus
1356 2931 1391 2985 ad
1403 2930 1550 2986 Abraham
1563 2946 1570 2982 ε
1585 2932 1775 2998 Moscainsnpn

172 3022 230 3072 tem
245 3019 477 3089 corporis,multo
490 3018 584 3089 plures
594 3023 661 3071 sunt
672 3017 700 3070 in
708 3017 831 3071 Ecclesia
846 3015 969 3086 virgines
1009 3019 1142 3084 prepntii
1157 3032 1221 3071 caro
1241 3021 1405 3073 drcnnwise
1419 3035 1476 3074 non
1491 3021 1591 3087 faerit,
1604 3022 1773 3090 peribitmiin

170 3112 266 3161 mente
283 3123 368 3177 quam
382 3123 496 3177 corpore
509 3127 515 3170 ;
527 3112 555 3160 et
570 3107 666 3160 multae
681 3110 747 3159 sunt
758 3122 789 3159 ex
800 3105 843 3158 his
855 3121 916 3175 quae
931 3105 1000 3170 inc
1011 3106 1070 3170 ejas
1085 3105 1116 3157 dc
1129 3107 1230 3173 prepete
1244 3121 1294 3158 sao
1312 3105 1384 3169 (Gen.
1403 3106 1484 3175 xvii).
1505 3108 1538 3162 ln
1552 3108 1626 3163 hanc
1637 3123 1698 3178 ergo
1715 3103 1771 3161 serti

168 3194 331 3263 tegritatem
341 3194 465 3264 corporis
480 3193 570 3246 adhuc
584 3191 766 3263 habentque
782 3198 874 3245 mente
888 3191 970 3245 etde·
1010 3197 1099 3245 tutem
1121 3191 1191 3262 legis
1212 3198 1240 3247 ct
1261 3193 1495 3264 impedimentum
1509 3197 1604 3252 carnis
1615 3193 1768 3251 volebatis·

172 3281 275 3335 siderio
286 3282 344 3350 jam
359 3285 524 3351 nupserunt.
543 3280 719 3351 Quapropter
733 3281 834 3334 melius
847 3285 889 3334 cst
903 3279 968 3334 uni·
1010 3281 1062 3336 daei
1078 3281 1239 3336 Corinthios
1254 3283 1392 3352 redigere,
1406 3282 1508 3355 quibus
1520 3285 1581 3357 ipse
1590 3286 1658 3342 dicit
1668 3284 1767 3342 :Sattiae

169 3370 306 3425 cerealem
322 3369 473 3424 Ecclesiam
489 3371 563 3439 (quae
580 3373 690 3422 constat
714 3385 747 3422 ex
763 3374 882 3438 utroque
901 3384 968 3422 sexu
1011 3372 1045 3423 tis
1057 3373 1141 3424 enini.
1170 3370 1198 3425 id
1226 3376 1270 3426 est
1289 3372 1430 3443 patienter
1450 3372 1585 3442 suffertis,
1601 3374 1690 3446 siquis
1704 3368 1765 3426 roob

170 3464 198 3514 et
211 3464 372 3530 exutroque
383 3457 489 3525 ordine)
502 3457 637 3528 virginem
649 3461 753 3511 castam
770 3473 830 3511 esse
843 3458 967 3528 appella·
1010 3459 1172 3514 servitutem
1188 3459 1258 3530 legis
1277 3461 1337 3516 uult
1349 3461 1488 3532 redigere.

169 3553 303 3619 temque
318 3552 346 3602 et
358 3563 461 3619 sponse
475 3551 518 3601 cst
532 3545 684 3612 Christi,de
699 3562 754 3617 qua
767 3546 888 3600 loannes
902 3547 965 3600 ait:
1045 3547 1077 3603 Si
1095 3550 1159 3616 puis
1173 3549 1295 3614 decorat,
1311 3548 1446 3605 subaudis
1468 3549 1654 3607 substantiam
1670 3554 1761 3608 seem
1795 3556 1798 3561 '

170 3639 225 3705 Qui
237 3638 451 3704 tebetsponsam
467 3640 626 3703 sponsnscst
639 3636 727 3703 (ioan.
744 3633 967 3705 111).Quicunque
1008 3638 1162 3692 sustinetis.
1197 3638 1438 3711 Pseudoapostoli
1461 3641 1522 3696 suis
1545 3636 1761 3697 adulationibustl

171 3740 237 3796 ergo
255 3724 283 3778 in
294 3724 417 3778 Ecclesia
427 3722 688 3794 integritatemsrdei
696 3722 783 3776 habet
790 3738 875 3793 quam
885 3722 966 3778 bonis
1008 3724 1139 3781 laudibus
1160 3727 1353 3800 exspoliabant
1375 3729 1438 3784 illos
1453 3746 1525 3801 quos
1539 3722 1762 3803 decipiebanteiit

171 3811 302 3884 operibus
316 3816 441 3878 exornat,
458 3810 536 3881 uirgo
547 3815 624 3865 casta
637 3815 722 3878 cst,et
736 3810 757 3864 si
773 3826 829 3864 non
840 3826 965 3881 corpore,
1008 3815 1274 3887 conuiuiisplurimis
1282 3817 1454 3889 diripiebant
1463 3818 1578 3874 illorum
1585 3819 1761 3885 bonaersutpt

169 3906 264 3956 tamen
280 3905 373 3955 mente
390 3915 396 3948 τ
411 3899 531 3971 ideoque
544 3917 646 3972 sponsa
661 3906 704 3954 cst
715 3898 829 3954 Christi.
842 3899 967 3962 Quivero
1009 3905 1324 3961 illiconteutidevorari
1337 3905 1748 3979 resenasasuisdeceptoribu.
1801 3962 1804 3967 ,

169 3990 358 4061 virginitatem
367 3988 587 4060 utramque,Deo
602 3987 781 4060 propitiante,
793 3986 965 4042 casteiuvio-
1043 3992 1315 4064 Siquisnccipit,ac
1332 3995 1478 4050 sidicat:
1508 3996 1538 4052 Si
1553 3995 1760 4068 qaismpitrett
1797 4044 1801 4049 .

169 4081 282 4152 lateque
299 4079 461 4145 servaverit,
484 4080 557 4133 sicut
582 4077 696 4148 plurimi
715 4082 875 4131 sanctorum
890 4076 966 4131 fece·
1007 4081 1081 4136 bona
1095 4082 1241 4145 arabissi
1252 4083 1353 4154 accipit
1361 4083 1425 4151 sibi,
1435 4083 1579 4155 patienter
1588 4077 1761 4141 sustinctis-Ul·

169 4172 238 4221 runt
251 4184 285 4221 ex
301 4172 422 4237 utroque
437 4182 515 4232 sexu,
538 4166 578 4220 illi
596 4166 695 4236 utique
716 4164 838 4237 palmam
854 4165 966 4220 obtine·
1007 4170 1042 4225 de
1056 4175 1084 4224 et
1097 4187 1162 4225 aves
1185 4171 1384 4244 rapacissima,
1396 4189 1458 4244 quse
1470 4173 1573 4230 Latino
1587 4165 1761 4231 roecbuloeet‘·

169 4255 241 4310 bunt
260 4271 344 4325 quem
362 4271 445 4308 nemo
469 4255 682 4324 conjugatorum
698 4255 858 4326 possidebit.
885 4255 921 4310 Et
942 4254 966 4308 si
1005 4263 1092 4329 pitres
1102 4260 1355 4329 vocantur,Greecae
1364 4252 1760 4336 turpiaidestraptoresspr
1807 4254 1816 4319 ’.

170 4359 253 4398 sexus
266 4342 413 4410 semineus,
426 4342 474 4412 qui
485 4348 595 4396 tanturn
608 4347 651 4397 est
661 4344 769 4414 fragilis
781 4350 809 4399 et
824 4343 964 4416 proclivis,
1007 4349 1112 4415 lentur,
1120 4366 1153 4404 eo
1165 4349 1239 4420 quod
1254 4349 1308 4404 sibi
1317 4349 1466 4421 accipiant,
1479 4352 1583 4408 etaliis
1597 4352 1761 4424 rapientis&
1823 4362 1826 4369 ’

61 4488 66 4493 ,
169 4432 222 4487 hoc
235 4431 374 4497 observat,
393 4436 497 4502 quanto
520 4431 611 4500 magis
638 4431 678 4485 illi
704 4433 771 4503 quia
792 4434 896 4488 virtute
912 4425 998 4489 viriD
1008 4436 1060 4491 hoc
1075 4437 1158 4492 modo
1172 4438 1297 4510 accipere
1312 4443 1355 4493 est
1375 4437 1481 4510 aliquid
1493 4439 1559 4495 dolo
1573 4457 1678 4513 capere.
1690 4429 1762 4503 Sitti

167 4527 378 4594 nuncupantur.
440 4523 446 4537 '
1006 4528 1151 4580 eoetottitnr
1163 4520 1762 4602 insuperbiam.1txtottentiaesterpennio
1819 4524 1824 4573 ἶ

207 4613 399 4667 Timebantern
409 4626 444 4665 ne
453 4611 849 4679 sicatsnpensEramsedneit
859 4613 965 4666 astutia
1005 4613 1098 4685 inquit
1112 4615 1272 4686 Apostolus,
1294 4617 1435 4688 patienter
1447 4617 1606 4686 sustinetis,
1620 4606 1768 4691 quissent

168 4717 229 4770 sun,
244 4701 273 4755 id
291 4705 334 4756 est
347 4717 383 4755 ne
397 4700 470 4755 sicut
479 4699 608 4754 diabolus
619 4699 735 4753 indutus
750 4705 966 4770 serpentemse-
1007 4703 1068 4756 lunt
1091 4703 1126 4757 de
1140 4702 1346 4774 scientialegis,
1356 4705 1431 4776 quod
1443 4705 1474 4761 in
1483 4706 1646 4778 superbiam
1655 4705 1768 4777 agellii

168 4791 248 4846 duxit
262 4791 410 4846 mulierem
418 4806 470 4845 sua
482 4788 645 4854 calliditate,
662 4794 690 4843 et
701 4805 752 4860 per
760 4789 906 4844 mulierem
919 4789 966 4844 de·
1006 4792 1041 4845 de
1055 4791 1201 4847 nobilitate
1207 4792 1418 4862 generis.Quod
1433 4797 1665 4869 autemscquitur
1678 4788 1767 4860 :Sitti

169 4879 243 4950 cepit
253 4879 354 4946 simin,
364 4882 404 4934 ita
419 4879 502 4933 modo
517 4882 737 4945 corrumpantur
747 4892 840 4930 sensns
853 4880 939 4930 cestii
948 4893 965 4930 a
1006 4882 1147 4948 infaciem
1162 4897 1206 4935 vos
1216 4881 1773 4955 cadittiicestdistinguendummpit»
1823 4872 1826 4877 ’

167 4963 963 5037 pseudoapostolisquisaneminiscridiabolieteeattant.
1006 4967 1235 5022 subinferendum
1249 4971 1400 5024 secundam
1423 4972 1627 5039 ignobilitatem
1638 4973 1701 5034 dieo,
1712 4957 1772 5022 aii
1822 4984 1825 4989 ·

204 5055 456 5120 Libentcrsuisertis
468 5058 638 5123 insipientes,
650 5070 712 5106 culn
724 5055 785 5106 sitis
796 5057 850 5121 ipsi
859 5057 966 5120 sapien·
1006 5056 1136 5111 similiter
1148 5055 1387 5127 distinguendum.
1403 5059 1474 5114 Nam
1487 5060 1560 5115 'licet
1581 5049 1767 5132 perseailtl⁸
1823 5096 1826 5120 ;

170 5147 215 5195 tes.
228 5142 360 5210 apostolo
373 5147 535 5199 transeunte
550 5160 567 5197 a
582 5142 735 5197 Corinthiis
750 5142 783 5196 ad
795 5142 864 5196 alias
876 5143 964 5198 natio·
1006 5145 1152 5199 sententiaa
1164 5145 1406 5201 subdistinctione
1420 5147 1617 5219 proferantur,
1632 5151 1769 5204 meast!
1802 5160 1826 5221 ·.·‘

167 5231 962 5303 nes,corruperunteospaenale-apostoliitludaeisvenien·
1003 5233 1074 5288 dixit
1086 5234 1133 5290 :Si
1146 5236 1247 5303 qnisin
1253 5236 1353 5302 faciem
1364 5252 1409 5291 uos
1419 5237 1506 5303 cedit,
1514 5239 1648 5310 exposuit
1656 5229 1772 5310 quidmst
1803 5218 1823 5283 ἶ

167 5327 219 5385 tes,
236 5319 283 5390 qui
299 5319 328 5373 in
342 5320 394 5374 hoc
408 5321 586 5391 appellantur
598 5322 772 5393 insipientes,
789 5323 855 5393 quia
871 5328 899 5376 et
908 5321 963 5376 cir·
1002 5324 1032 5377 in
1045 5323 1144 5376 faciem
1156 5323 1273 5388 credere,
1284 5325 1518 5397 cumsubjunxit:
1529 5318 1774 5396 Secundumirnl'r
1815 5344 1826 5391 ς

166 5409 366 5465 cumcisionem
378 5409 506 5462 solebant
519 5409 674 5479 observare,
696 5418 724 5466 et
734 5412 843 5466 sabbati
860 5413 961 5479 otium,
1006 5413 1417 5468 litotelndico.lniaciemenim
1429 5413 1776 5488 eedemestimpropun·
1797 5402 1826 5503 J

164 5506 321 5571 caeteraque
335 5502 474 5571 praecepta
487 5497 732 5570 carnalialegis,et
747 5502 963 5572 Evangeliigra·
1004 5499 1088 5554 alicui
1101 5499 1306 5571 ignobilitatem
1318 5500 1518 5572 grauissime
1531 5503 1777 5577 tadeiiupropar
1806 5562 1809 5567 ,

165 5590 236 5646 tiam
250 5593 357 5646 tenere.
383 5587 416 5646 ln
439 5588 491 5642 hoc
514 5601 625 5659 quoque
639 5587 804 5661 insipientes
818 5596 961 5660 vocantur,
1004 5588 1073 5645 bant
1087 5588 1241 5647 Corinthiis
1257 5588 1394 5664 ignobiles
1410 5606 1474 5649 esse
1491 5607 1608 5666 muers,
1623 5600 1780 5669 quoruw
