3818 6104
10 275 45 333 ,5
551 251 758 307 ENARRATIO
777 251 816 306 IN
836 247 928 304 OSEE
947 250 1167 305 PROPHETAM
1602 243 1610 259 ’
1641 251 1677 327 lb

10 386 148 466 ¹uippe
162 373 281 427 celerius
295 371 434 426 consumit
455 370 662 436 vestimentum,
679 390 763 445 quarn
790 391 841 444 pu·
852 371 1014 431 Asimiliter
1028 372 1130 427 dicitur
1145 380 1176 427 ut
1189 372 1361 438 Latine.Qua
1373 373 1461 430 bestia
1477 380 1520 444 lut
1533 379 1602 433 dicit
1612 380 1679 436 bea-

10 471 125 536 ndo
139 462 181 515 sel
196 462 287 516 caries
299 462 418 531 iignum.
433 462 473 515 Ac
481 477 533 531 per
540 462 592 515 hoc
602 461 843 532 ostenditurprius
882 469 928 516 tus
944 463 1142 533 Hieronymus)
1154 462 1225 516 nihil
1235 469 1277 516 est
1287 463 1544 536 i'elociusideoque
1551 468 1615 537 jure
1625 470 1678 525 Do-

10 566 147 623 saetam
161 551 259 604 decem
281 549 406 603 tribuum
435 550 751 620 captivitatemdcinde
773 551 843 605 dua·
883 551 976 605 minus
990 551 1137 604 adversum
1149 551 1280 621 Ephraim
1298 552 1334 615 (id
1349 558 1400 617 est,
1414 559 1511 608 contra
1524 555 1619 611 decem
1630 557 1680 613 tri-

10 666 94 712 mm
111 662 122 695 t
145 639 277 711 quoniam
292 639 340 709 qui
353 638 459 708 priores
475 655 586 709 quoquc
600 639 658 693 dati
672 639 781 693 suntin
796 657 843 693 ca·
883 638 945 705 bus)
960 639 1087 709 loquens,
1102 639 1170 692 dicit
1184 656 1213 693 se
1225 639 1285 692 steri
1297 647 1330 694 ut
1341 642 1488 710 panthera,
1508 650 1622 716 propter
1635 663 1681 703 ve-

10 734 214 819 pfivitatem,
231 727 432 781 advertendum
451 727 546 791 etiam,
564 728 637 798 quod
661 744 723 782 curn
752 735 843 783 totum
885 728 973 781 locem
998 727 1124 781 videlieet
1146 728 1346 798 captivitatem,
1368 731 1499 800 quoniam
1520 750 1577 787 non
1596 736 1680 808 longo

10 817 179 902 aphraim
192 831 223 870 se
233 822 368 886 tanquam
378 814 455 869 tinea
466 821 699 887 consumpturum
710 822 845 886 protesta-
885 820 949 885 post
961 821 1087 884 tempore
1107 832 1157 885 per
1168 816 1298 887 Assyrios
1319 817 1408 870 iactus
1422 823 1464 871 est
1477 836 1575 888 eorum
1590 823 1680 879 inter·

10 928 82 980 gar,
111 904 238 960 detribu
248 896 324 957 duda
337 902 455 973 loquens
468 904 523 956 ait:
543 923 554 953 ι
573 902 607 957 Et
619 919 671 973 ego
694 904 773 974 quasi
792 921 844 975 pu·
885 904 1059 958 ituscontra
1068 903 1169 956 ludam
1180 909 1275 957 autem
1289 904 1374 958 veluti
1386 905 1494 961 leonem
1504 909 1681 967 tuturumdl·
1767 906 1771 916 ’

15 1001 127 1062 πρᾶο
141 992 235 1047 domui
246 992 327 1045 luda.
342 1010 355 1044 ι
369 990 402 1044 ln
417 991 520 1061 quibus
540 992 631 1045 verbis
643 993 765 1046 ostendit
779 1008 844 1063 par·
884 993 930 1057 cit,
947 991 994 1062 qui
1004 991 1331 1047 fortissimusbestiarum
1347 999 1404 1060 est3
1417 999 1548 1067 perquod
1560 1002 1682 1067 ostendi-

17 1102 86 1150 mm
112 1081 271 1153 quamdam
285 1095 315 1134 se
329 1085 504 1134 servaturum
514 1097 546 1134 ex
556 1080 605 1139 eis,
622 1096 684 1151 quae
697 1086 793 1151 postea
804 1097 845 1135 re·
885 1087 932 1135 tur
945 1079 1092 1150 captivitas
1107 1095 1203 1133 eorum
1215 1080 1360 1152 aliquanto
1368 1089 1431 1152 post
1437 1088 1563 1156 tempore
1572 1070 1678 1157 futura,

24 1190 127 1236 msa
147 1176 196 1234 est,
213 1186 245 1223 ex
263 1184 319 1240 qua
334 1169 463 1222 Christus
478 1167 615 1240 originem
629 1169 719 1234 duxit,
733 1170 778 1223 cui
799 1186 844 1223 re·
885 1186 934 1241 per
949 1183 1067 1238 regnum
1082 1167 1276 1222 Chaldaeorum
1302 1163 1506 1226 fortissimumi
1537 1180 1683 1246 comparat

31 1261 195 1343 promissio
210 1245 332 1330 reposita
342 1265 393 1323 est,
410 1256 520 1311 dicente
530 1257 632 1311 Jacob:
652 1279 664 1307 ι
678 1258 712 1312 Et
726 1259 786 1328 ipse
792 1257 846 1313 erit
886 1257 960 1310 enim
974 1272 1004 1310 se
1014 1256 1149 1310 Dominus
1163 1256 1260 1310 bestiis
1274 1257 1302 1310 in
1316 1273 1415 1311 eorum
1428 1259 1685 1330 damnationem,ut

39 1348 216 1426 exspectatio
231 1347 369 1418 gentium.
386 1365 400 1400 i
417 1346 632 1400 Punitisautem
647 1347 845 1418 haereticis,qui
886 1344 1022 1416 quidquid
1038 1346 1136 1399 saevius
1152 1350 1204 1410 est,
1225 1353 1394 1416 cognoscant
1418 1347 1447 1401 in
1476 1349 1535 1418 ejus
1557 1351 1686 1423 indigna-

45 1438 245 1508 intelliguntur
260 1437 374 1490 nomine
388 1436 531 1505 Ephraim,
544 1435 629 1489 etiam
643 1435 848 1499 ludas,scilicet
888 1435 973 1488 tione.
988 1453 1000 1483 a
1016 1433 1072 1504 Ego
1084 1434 1191 1506 capiam
1207 1435 1344 1487 stradam
1358 1441 1386 1488 et
1400 1436 1507 1494 tollam,
1522 1442 1550 1491 et
1560 1455 1617 1494 non
1631 1438 1688 1509 erit

51 1526 144 1601 atqui
161 1527 188 1578 in
204 1525 328 1578 Ecclesia
343 1529 519 1595 permanent,
534 1528 563 1577 et
585 1522 781 1578 hereticorum
805 1525 848 1578 vel
889 1522 936 1594 qui
948 1528 1061 1576 eructo
1082 1523 1153 1592 Qttia
1163 1524 1273 1576 dixerat
1287 1523 1688 1594 sesuperiusfuturumveluti

57 1619 126 1675 titiis
141 1614 178 1667 rel
193 1614 529 1675 erroribuscontinentur,
540 1612 624 1666 simili
632 1613 777 1667 sententiae
785 1612 849 1667 sub·
891 1611 1057 1682 pantheram
1070 1611 1113 1664 vel
1129 1612 1249 1673 leonem,
1265 1618 1359 1665 serrat
1371 1615 1566 1684 metaphoram
1576 1615 1606 1671 in
1619 1618 1688 1673 reli-

63 1704 191 1780 jscebunt,
208 1702 275 1772 quia
286 1717 398 1756 necesso
413 1707 483 1765 erat,
493 1705 524 1755 ut
538 1700 585 1771 qui
595 1701 849 1756 eorumimitantur
889 1699 962 1771 quis,
976 1700 1093 1754 dicendo
1107 1717 1112 1750 :
1127 1718 1139 1750 a
1155 1700 1213 1769 Ego
1225 1698 1370 1769 capiam»
1387 1701 1521 1758 subaudis
1542 1720 1592 1775 per
1610 1721 1689 1774 ineos

67 1800 145 1854 aetus,
158 1807 250 1871 parem
261 1806 325 1844 eum
339 1790 379 1844 eis
394 1806 505 1861 poenam
520 1790 685 1844 sustineant.
890 1789 1041 1849 ministros,
1059 1788 1193 1857 usquein
1207 1787 1264 1841 suis
1280 1787 1385 1842 viribus
1400 1797 1535 1860 ceperunt
1549 1810 1596 1847 eos
1606 1791 1690 1850 Chal·

98 1880 230 1934 «Etridit
244 1879 378 1950 Ephraim
408 1880 573 1948 languorem
603 1894 696 1943 suum,
717 1882 744 1931 et
763 1876 850 1931 ludas
890 1878 941 1932 daei
956 1878 997 1930 vel
1012 1876 1130 1946 Assyrii,
1145 1876 1194 1929 sed
1210 1877 1283 1930 Deus
1297 1878 1474 1947 omnipotens
1499 1887 1614 1951 propter
1631 1882 1688 1938 ini-

76 1970 193 2024 rlnculum
210 1985 304 2033 suum,
319 1975 347 2021 et
357 1967 617 2037 abiitEphraimad
635 1965 852 2029 Assuratmisit
892 1968 1121 2039 quitateseorum
1135 1967 1354 2036 comprehendet
1367 1968 1439 2022 illos.
1456 1969 1536 2024 Unde
1563 1987 1614 2027 nec
1631 1974 1686 2046 ipsi

78 2059 197 2126 adregem
213 2058 367 2110 ultorem.»
384 2056 547 2125 iutelligens
566 2055 696 2125 Ephraim
706 2055 743 2121 tid
754 2059 797 2108 est
806 2055 852 2108 de·
893 2056 978 2110 etiam
995 2056 1089 2109 hostes
1106 2070 1220 2125 parcere
1233 2056 1273 2108 eis
1289 2055 1361 2109 irato
1385 2057 1504 2112 Domino
1523 2065 1686 2130 potuerunt.

82 2162 128 2200 cem
140 2144 253 2200 tribuum
266 2148 358 2217 reges)
371 2160 454 2198 suum
469 2144 644 2213 languorem,
662 2144 689 2197 id
714 2148 757 2197 est
771 2159 851 2196 suam
893 2145 961 2216 Ego,
978 2142 1215 2216 inquit‚'capiam,
1232 2142 1323 2207 idest,
1340 2146 1539 2215 comprehendi
1553 2149 1589 2202 ab
1603 2151 1690 2207 hosti·

83 2234 257 2298 infirmitatem,
273 2242 300 2287 et
315 2235 401 2288 Judas
415 2233 556 2287 vinculum
572 2249 665 2297 suum,
681 2233 733 2286 hoc
744 2236 795 2293 est,
809 2249 853 2286 co·
895 2233 945 2287 bus
959 2231 1068 2297 faciam,
1087 2238 1115 2286 ct
1128 2231 1227 2285 radam
1242 2249 1305 2286 curn
1324 2233 1373 2297 eis,
1390 2240 1422 2288 ut
1437 2235 1522 2289 etiarn
1537 2236 1566 2291 in
1578 2236 1692 2310 captiui·

85 2335 193 2392 mosmos
207 2324 259 2377 sibi
280 2323 342 2377 ideo
357 2322 505 2376 imminere
515 2321 714 2392 captivitatem,
726 2322 793 2390 quia
806 2337 852 2374 so·
892 2326 951 2375 tate
969 2321 1062 2391 positi,
1078 2320 1255 2391 praesentiam
1268 2320 1473 2377 meaevindictae
1483 2324 1692 2392 sustineantcul

88 2413 156 2465 clatus
167 2419 221 2467 erat
234 2415 332 2467 decem
347 2411 476 2465 tribubus
490 2410 518 2463 in
529 2417 653 2481 peccato,
669 2409 785 2463 misitad
799 2411 852 2463 As·
894 2414 1086 2482 peccaverunt,
1104 2415 1131 2463 et
1146 2409 1243 2463 tollam
1256 2426 1303 2463 eos
1326 2410 1360 2464 de
1379 2411 1491 2483 proprio
1502 2412 1571 2482 solo,
1585 2422 1613 2471 et
1634 2431 1691 2474 non

88 2516 133 2559 sur,
144 2503 197 2572 quia
205 2502 363 2566 nonaDeo,
375 2500 422 2571 qui
434 2504 462 2553 et
471 2505 613 2570 peccatum
624 2503 653 2551 et
661 2497 852 2567 captivitatem
894 2506 937 2554 cst
951 2497 998 2569 qui
1013 2503 1103 2562 eruat,
1120 2498 1171 2552 hoc
1185 2503 1236 2560 est,
1251 2498 1299 2568 qui
1313 2514 1330 2551 a
1346 2515 1408 2553 inea
1427 2506 1564 2570 potestate
1578 2506 1690 2576 eripiat.

88 2588 295 2664 solverepoterat,
313 2590 362 2643 sed
390 2605 491 2658 arege
518 2587 700 2657 Assyriorum
726 2586 853 2656 quaesivit
893 2589 982 2642 Nemo
1001 2586 1076 2640 enim
1090 2583 1124 2639 de
1140 2603 1225 2639 manu
1239 2586 1289 2640 Dei
1306 2604 1475 2658 quemquam
1490 2591 1599 2662 eripere
1619 2595 1694 2663 valet

88 2677 202 2732 auxilium.
215 2679 350 2749 Legimus
360 2678 390 2731 in
405 2677 476 2731 libro
491 2677 600 2746 Regum
616 2676 690 2746 qnod
706 2675 757 2729 sub
786 2691 852 2746 rege
893 2675 948 2730 nisi
962 2675 1021 2747 ipse
1036 2674 1084 2745 qui
1094 2680 1207 2729 tenetur
1218 2676 1333 2745 propria
1348 2676 1490 2732 voluntate
1501 2679 1627 2737 excidere
1641 2700 1691 2739 vo-

87 2763 214 2829 Eanahem,
229 2767 278 2838 qui
293 2768 389 2820 decem
402 2765 531 2819 tribubus
548 2765 670 2836 praesuit,
685 2762 773 2817 Israel
796 2766 850 2817 As·
893 2764 987 2829 luerit,
1004 2764 1075 2817 sicut
1088 2762 1153 2817 lecit
1170 2763 1256 2817 ludas
1271 2764 1406 2833 proditor.

87 2853 152 2921 syriis
162 2855 226 2909 dona
241 2841 452 2918 transmisisset,
469 2860 501 2907 ut
514 2851 794 2908 eumaiiamascenis
804 2853 852 2905 ho·
930 2874 943 2904 a
959 2852 1069 2907 Vadcns
1083 2857 1208 2905 revertar
1220 2852 1255 2906 ad
1269 2852 1361 2906 locum
1391 2870 1497 2923 meum,
1512 2857 1600 2912 donec
1621 2860 1691 2916 deil-

86 2939 157 2995 stibus
166 2944 298 2998 liberaret.
315 2940 403 2998 ludas
418 2941 588 3014 quoquesub
599 2954 663 3012 rege
673 2942 765 2995 llchuz
776 2941 975 3029 misitcciatis
987 2946 1016 2995 et
1041 2940 1174 3012 quaeratis
1199 2940 1298 2994 faciem
1327 2958 1430 2996 meam.
1459 2963 1470 2994 i
1500 2946 1605 3001 Locum
1628 2944 1689 3017 Dei,

87 3031 853 3104 muneraTeglatphalassarmtliberareteumdcoppres-
893 3029 1131 3101 magnificentiam
1143 3035 1171 3083 et
1190 3031 1367 3099 majestatem
1382 3033 1442 3101 ejus
1462 3033 1598 3090 debemus
1618 3038 1692 3092 acci-

86 3116 149 3171 sione
158 3120 260 3176 Phaceae
275 3121 350 3191 regis
363 3120 502 3177 Damasci.
516 3119 570 3174 Sed
583 3120 705 3173 liceteos
719 3126 785 3172 tunc
795 3118 851 3171 sel·
893 3134 968 3188 pere,
983 3118 1040 3171 sive
1049 3123 1082 3172 ut
1095 3118 1153 3172 haec
1165 3117 1249 3172 verba
1257 3118 1415 3190 specialiter
1431 3122 1466 3176 ad
1477 3123 1636 3180 FiliumDei
1647 3140 1692 3182 re-

88 3209 184 3263 mam
194 3210 226 3265 de
241 3226 329 3264 mann
350 3208 553 3280 hospium'ipsj
578 3214 737 3280 posteaeos
754 3205 853 3261 dahel.
893 3207 1089 3278 feramus,per
1117 3222 1199 3278 quem
1219 3207 1310 3261 omnis
1337 3209 1508 3279 dispensatio
1538 3215 1691 3285 prophetiae

88 3293 194 3365 lateam,
213 3305 241 3353 et
254 3299 320 3353 lacti
335 3305 403 3353 suut
416 3299 522 3352 ultores
547 3294 715 3366 injuriarum
728 3295 790 3359 Dei,
805 3296 853 3366 qui
895 3294 997 3364 agitur,
1018 3295 1094 3348 locus
1107 3296 1167 3364 eius
1182 3300 1225 3349 est
1240 3295 1315 3349 Deus
1328 3296 1421 3362 Pater,
1434 3300 1515 3367 Juxta
1534 3302 1608 3372 quod
1630 3304 1692 3376 ipse

88 3382 256 3450 patuerant
269 3386 444 3440 liberatores.
459 3385 547 3439 Unus*
559 3385 604 3438 mc
618 3383 764 3438 sumitur:
781 3401 793 3435 a
820 3384 853 3438 ut
894 3382 935 3436 au
951 3401 956 3434 ε
972 3403 982 3432 ι
1000 3382 1057 3452 ugo
1071 3381 1101 3435 in
1114 3380 1207 3446 Patre,
1219 3386 1247 3434 et
1262 3381 1345 3436 Pater
1358 3384 1386 3436 in
1402 3402 1447 3439 me
1461 3394 1512 3443 est·
1528 3408 1541 3441 ι)
1555 3407 1568 3443 ‹
1580 3390 1692 3456 vadens

88 3468 135 3538 ipse
144 3489 187 3529 non
200 3476 303 3546 poterit
312 3490 414 3528 sanare
423 3490 481 3539 vos,
498 3489 549 3528 nec
563 3474 670 3526 solvere
680 3488 697 3525 a
708 3472 783 3525 robis
794 3471 853 3526 vin·
893 3470 1122 3541 inquitdssleifflf
1136 3470 1171 3523 ²¹1
1187 3471 1278 3526 ¹0⁰¹1¹1¹
1295 3487 1400 3537 melma
1411 3495 1422 3524 n
1433 3474 1485 3529 ¹¹00
1499 3482 1550 3543 052,
1566 3486 1693 3537 cumim-

89 3556 189 3616 culum.i
208 3562 418 3627 Quiavidelicet
436 3562 495 3616 Deo
510 3562 686 3625 adversante,
711 3577 762 3614 nec
779 3578 795 3614 a
811 3577 853 3615 se-
892 3558 943 3612 diti
957 3559 1067 3613 fueritis
1081 3558 1217 3620 hostibus,
1234 3575 1348 3614 securus
1364 3562 1491 3618 residebo
1506 3561 1534 3619 in
1553 3582 1616 3623 mea
1630 3586 1701 3626 ma··

89 3645 316 3715 ipsislibmreeos
330 3655 483 3723 potuerunt
505 3651 622 3722 Assyrii,
635 3666 689 3704 nec
713 3650 853 3704 vinculum
894 3648 1058 3716 jestate,vel
1074 3649 1158 3702 etiam
1175 3648 1204 3701 in
1216 3648 1308 3716 Patre,
1325 3651 1554 3707 necdescendam
1575 3656 1610 3711 ad
1630 3674 1690 3730 vos,¹

89 3736 225 3803 mpiggfis
236 3741 354 3795 solvere,
366 3741 450 3794 Juxta
459 3739 645 3810 tropologiam
669 3739 801 3809 Ephraim
826 3743 855 3793 et
895 3743 926 3789 ut
937 3737 1030 3806 patiar
1045 3738 1183 3791 humanos
1198 3737 1323 3803 allectus,
1341 3756 1396 3809 quo
1407 3741 1513 3797 scilicet
1524 3745 1631 3801 irascar
1643 3764 1691 3805 vo·

89 3822 165 3879 ludam
177 3845 320 3899 munius
332 3827 435 3882 reterre
446 3827 631 3881 adhaeretieos
646 3833 674 3880 et
688 3827 853 3880 ecclesiasti·
893 3823 996 3878 bisant
1013 3826 1098 3879 etiam
1114 3825 1249 3879 miserear
1262 3825 1364 3881 oblitus
1374 3831 1512 3886 malorum
1522 3840 1688 3906 vestrorum3

90 3914 195 3983 cosriros,
210 3917 332 3988 quicum
349 3932 431 3970 suum
446 3916 724 3976 viderintrinculum,
739 3916 850 3982 hocest,
892 3914 940 3967 scd
957 3914 1117 3984 permittam
1132 3931 1178 3967 vos
1195 3930 1264 3983 quos
1278 3919 1360 3969 antea
1372 3919 1552 3989 protegebam
1563 3922 1690 3981 hostibus

90 4014 137 4055 cun
147 4021 172 4059 se
186 4007 303 4061 viderint
317 4006 439 4076 peccatis
454 4004 595 4066 obnoxios,
614 4003 764 4074 dequibus
780 4004 851 4057 scri·
892 4002 1046 4072 subiacere,
1063 4002 1227 4071 nullumque
1247 4003 1380 4056 auxilium
1398 4005 1586 4064 miserationis
1600 4009 1689 4083 porri-

89 4091 147 4156 ptum
157 4100 212 4150 est:
233 4094 359 4150 Funibus
383 4099 561 4165 peccatorum
582 4093 775 4164 unusquisque
790 4108 852 4146 con.
891 4107 967 4160 garn,
984 4092 1072 4144 donec
1085 4089 1231 4156 deficiatis,
1248 4091 1418 4147 etsemitute
1428 4109 1544 4166 cogente
1554 4102 1688 4170 quaeratis

88 4179 212 4252 stringitur,
222 4201 278 4239 nou
289 4184 339 4238 Dei
354 4189 492 4254 querum,
508 4183 558 4236 sed
579 4181 683 4236 diaboli
705 4181 850 4247 auxilium,
892 4178 1301 4249 laciemmeampoenitentiam
1312 4187 1436 4250 agentes.
1449 4185 1690 4261 llaereticisetiam

88 4267 123 4334 qui
133 4271 195 4326 ultm
207 4278 250 4328 est
263 4279 442 4347 peccatorum
451 4271 589 4336 omnium,
603 4270 638 4324 de
648 4287 704 4342 quo
716 4270 922 4367 scriptucht
936 4268 1001 4323 viris
1015 4269 1208 4323 ecclesiasticis
1222 4270 1402 4339 peccantibus
1416 4273 1490 4329 Deus
1512 4256 1690 4351 omnipotens

87 4361 128 4408 est:
137 4359 167 4414 Ut
177 4350 303 4416 destruas
313 4361 458 4415 inimicum
473 4365 502 4415 et
520 4361 648 4414 ultorem.
668 4359 703 4413 Et
717 4358 852 4433 quianon
892 4365 1007 4430 propter
1020 4357 1242 4428 magnitudinem
1256 4366 1432 4430 peccatorum
1445 4379 1637 4435 suorum,cum
1653 4372 1691 4435 sit

86 4457 158 4502 suun
169 4449 359 4505 auxiliatorem
372 4455 399 4504 et
408 4449 532 4520 judicem
549 4448 851 4520 deprecantur,ldeirco
892 4446 1137 4513 clementissimus,
1152 4447 1308 4503 vertiturin
1322 4450 1455 4505 sevitiam
1466 4453 1690 4526 ferarum,tollit-

84 4547 220 4601 permanere
234 4543 375 4610 eoguntur
386 4538 415 4591 in
430 4537 574 4592 doloribus
591 4537 659 4602 suis,
676 4543 704 4592 et
719 4537 748 4591 in
769 4537 851 4591 variis
877 4553 946 4613 'que
961 4536 1048 4590 abeis
1063 4534 1255 4607 praedum‚hoc
1262 4543 1314 4603 est,
1326 4538 1477 4610 discipulos
1492 4543 1688 4621 illorum,quos

81 4620 220 4683 delictorum
234 4627 387 4692 erroribus,
404 4642 455 4680 nec
468 4626 571 4698 poterit
586 4642 633 4680 eos
655 4625 782 4680 diabolus
805 4643 850 4680 sa·
892 4627 927 4679 de
943 4625 1064 4680 Ecclesia
1077 4631 1242 4697 rapuerunt,
1254 4627 1399 4682 adrectam
1415 4629 1498 4685 tidem
1509 4632 1600 4690 redire
1610 4637 1686 4708 iacit,

80 4724 199 4777 naranec
211 4715 358 4770 avinculis
372 4719 550 4785 peccatorum
566 4729 674 4781 eruere,
689 4730 753 4768 cum
774 4714 852 4783 justo
893 4729 944 4768 nec
957 4720 1000 4768 est
1013 4714 1061 4784 qui
1075 4719 1165 4781 cruat,
1182 4713 1249 4784 quia
1263 4716 1464 4787 cujuscoripse
1475 4719 1685 4797 illuminaverit,

75 4796 163 4866 judaeo
174 4804 222 4859 De}
234 4819 292 4859 ,ma
310 4820 375 4858 eum
392 4818 426 4858 eo
440 4802 584 4874 perierint.
893 4818 975 4856 nemo
989 4802 1117 4872 decipere
1133 4802 1245 4875 poterit,
1258 4803 1381 4874 dumque
1391 4805 1449 4860 haec
1459 4808 1549 4877 agita
1559 4814 1689 4872 concilia-

107 4909 117 4939 «
138 4891 269 4956 Quoniam
289 4909 341 4964 ego
363 4892 443 4964 quasi
457 4892 546 4946 leaena
567 4891 710 4962 Ephraim,
728 4897 756 4945 et
770 4892 853 4962 quasi
895 4889 966 4945 bulis
981 4890 1316 4961 perversorumabscedit,
1331 4893 1393 4946 etin
1403 4893 1525 4951 Ecclesia
1532 4916 1690 4961 commora-

75 4979 262 5036 mtulusieonis
281 4981 377 5035 domui
388 4981 468 5035 luda.
482 4982 610 5038 »Sensus
620 4987 663 5034 est
676 5003 680 5012 .
693 4980 771 5035 Licet
786 4997 850 5051 per·
889 4986 938 5035 tur
951 4978 1134 5044 credentium,
1144 4979 1372 5050 eosquedespicit
1381 4987 1410 5036 et
1419 4992 1689 5059 aspernatur,donec
1787 4977 1793 4985 ’

72 5070 221 5125 rexerintad
236 5072 332 5131 Assur,
344 5076 374 5124 et
388 5069 516 5124 miserint
526 5085 644 5123 munera
654 5071 712 5140 regi
724 5069 809 5123 ultori
819 5073 851 5123 ut
891 5067 1035 5122 tabescant
1049 5069 1076 5122 in
1093 5068 1151 5122 suis
1167 5067 1369 5137 impietatibus,
1386 5076 1415 5125 et
1429 5072 1560 5133 deficiant
1574 5079 1603 5134 in
1632 5083 1689 5139 ini·

71 5157 254 5222 eosiiberaret,
269 5164 365 5213 lamen
375 5174 474 5213 sanare
490 5174 539 5212 eos
551 5173 606 5238 non
622 5164 783 5229 potnerunt,
800 5174 851 5212 nec
892 5157 998 5228 quitate
1013 5174 1064 5211 sua
1078 5162 1234 5228 quaerentes
1249 5159 1423 5227 praesentiam
1434 5161 1509 5218 illius
1529 5182 1612 5238 aqno
1631 5172 1689 5228 the.

68 5246 162 5301 solrere
174 5249 312 5303 vinculum
321 5248 490 5318 captivitatis
500 5247 764 5302 eorum0stendam
776 5247 851 5301 cuim
892 5254 956 5300 rant
969 5246 1104 5311 derelicti,
1117 5246 1240 5299 dicentes
1252 5264 1257 5299 :
1271 5263 1284 5299 a
1297 5246 1440 5314 illumina,
1456 5252 1686 5324 Domine,taciem

67 5336 852 5407 quodmeadsersante,vanumsitomnehumanumauxi·
892 5340 980 5402 tuam,
995 5334 1101 5389 etsalvi
1115 5334 1231 5389 erimus.
1249 5355 1260 5386 ι

63 5425 135 5481 lium.
149 5427 207 5496 Ego
224 5425 299 5480 enim
311 5426 391 5497 quasi
404 5426 493 5481 leaena
506 5425 649 5498 Ephraim.
668 5424 852 5496 Septuaginta
1199 5420 1316 5481 CAPUT
1334 5426 1382 5482 Vl.

60 5530 109 5588 pre
117 5515 215 5583 kaus,
230 5515 394 5586 pantheram
405 5515 583 5588 interpretati
597 5518 672 5581 sunt,
684 5530 746 5586 qua
757 5513 852 5570 Graece
931 5534 943 5568 t
959 5515 991 5571 In
1001 5515 1186 5572 tribulatione
1194 5532 1245 5571 sna
1259 5533 1342 5573 mune
1366 5527 1535 5592 consurgent
1548 5526 1584 5580 ad
1599 5543 1652 5582 me.
1672 5547 1685 5582 r
