<?xml version="1.0" encoding="UTF-8"?>
<!DOCTYPE html PUBLIC "-//W3C//DTD XHTML 1.0 Transitional//EN"
    "http://www.w3.org/TR/xhtml1/DTD/xhtml1-transitional.dtd">
<html xmlns="http://www.w3.org/1999/xhtml" xml:lang="en" lang="en">
 <head>
  <title>
</title>
<meta http-equiv="Content-Type" content="text/html;charset=utf-8" />
  <meta name='ocr-system' content='tesseract 3.04.00' />
  <meta name='ocr-capabilities' content='ocr_page ocr_carea ocr_par ocr_line ocrx_word'/>
</head>
<body>
  <div class='ocr_page' id='page_1' title='image "./patrologiaecurs31unkngoog_0070.png"; bbox 0 0 3818 6104; ppageno 0'>
   <div class='ocr_carea' id='block_1_1' title="bbox 56 281 1693 346">
    <p class='ocr_par' dir='ltr' id='par_1_1' title="bbox 56 281 1693 346">
     <span class='ocr_line' id='line_1_1' title="bbox 56 281 1693 346; baseline -0.002 -1"><span class='ocrx_word' id='word_1_1' title='bbox 56 288 105 346; x_wconf 75' lang='lat'><strong>129</strong></span> <span class='ocrx_word' id='word_1_2' title='bbox 538 284 749 340; x_wconf 76' lang='lat' dir='ltr'><strong>uuaaaarlo</strong></span> <span class='ocrx_word' id='word_1_3' title='bbox 768 281 809 339; x_wconf 93' lang='lat' dir='ltr'><strong>IN</strong></span> <span class='ocrx_word' id='word_1_4' title='bbox 827 283 950 339; x_wconf 77' lang='lat' dir='ltr'>JONAM</span> <span class='ocrx_word' id='word_1_5' title='bbox 972 283 1204 340; x_wconf 80' lang='lat' dir='ltr'><strong>PROPHETAM.</strong></span> <span class='ocrx_word' id='word_1_6' title='bbox 1640 283 1693 342; x_wconf 78' lang='lat'><strong>130</strong></span> 
     </span>
    </p>
   </div>
   <div class='ocr_carea' id='block_1_2' title="bbox 50 408 1777 5550">
    <p class='ocr_par' dir='ltr' id='par_1_2' title="bbox 50 408 1777 5550">
     <span class='ocr_line' id='line_1_2' title="bbox 51 408 1693 481; baseline -0.002 -15"><span class='ocrx_word' id='word_1_7' title='bbox 51 410 119 466; x_wconf 90' lang='lat' dir='ltr'><strong>dum</strong></span> <span class='ocrx_word' id='word_1_8' title='bbox 135 410 276 481; x_wconf 87' lang='lat' dir='ltr'><strong>designat,</strong></span> <span class='ocrx_word' id='word_1_9' title='bbox 288 425 344 479; x_wconf 88' lang='lat' dir='ltr'><strong>quo</strong></span> <span class='ocrx_word' id='word_1_10' title='bbox 361 409 429 463; x_wconf 85' lang='lat' dir='ltr'>nihil</span> <span class='ocrx_word' id='word_1_11' title='bbox 444 409 588 481; x_wconf 85' lang='lat' dir='ltr'><strong>pulchrius</strong></span> <span class='ocrx_word' id='word_1_12' title='bbox 603 408 996 469; x_wconf 80' lang='lat' dir='ltr'><strong>oculiscarualibuaArentur</strong></span> <span class='ocrx_word' id='word_1_13' title='bbox 1010 409 1038 463; x_wconf 89' lang='lat' dir='ltr'><strong>in</strong></span> <span class='ocrx_word' id='word_1_14' title='bbox 1053 409 1158 469; x_wconf 81' lang='lat' dir='ltr'><strong>Judaea,</strong></span> <span class='ocrx_word' id='word_1_15' title='bbox 1175 409 1246 464; x_wconf 91' lang='lat' dir='ltr'><strong>sicut</strong></span> <span class='ocrx_word' id='word_1_16' title='bbox 1255 409 1284 463; x_wconf 90' lang='lat' dir='ltr'><strong>in</strong></span> <span class='ocrx_word' id='word_1_17' title='bbox 1298 408 1449 480; x_wconf 85' lang='lat' dir='ltr'><strong>Evangelio</strong></span> <span class='ocrx_word' id='word_1_18' title='bbox 1463 409 1693 480; x_wconf 88' lang='lat' dir='ltr'><strong>legimus,traus-</strong></span> 
     </span>
     <span class='ocr_line' id='line_1_3' title="bbox 51 497 1694 570; baseline 0.001 -17"><span class='ocrx_word' id='word_1_19' title='bbox 51 499 220 570; x_wconf 78' lang='lat' dir='ltr'><strong>aspicimus,</strong></span> <span class='ocrx_word' id='word_1_20' title='bbox 238 498 319 552; x_wconf 83' lang='lat' dir='ltr'>Unde</span> <span class='ocrx_word' id='word_1_21' title='bbox 331 504 360 552; x_wconf 91' lang='lat' dir='ltr'><strong>et</strong></span> <span class='ocrx_word' id='word_1_22' title='bbox 373 498 468 552; x_wconf 88' lang='lat' dir='ltr'><strong>Graece</strong></span> <span class='ocrx_word' id='word_1_23' title='bbox 483 498 517 552; x_wconf 89' lang='lat' dir='ltr'><strong>ab</strong></span> <span class='ocrx_word' id='word_1_24' title='bbox 533 503 635 552; x_wconf 88' lang='lat' dir='ltr'><strong>ornatu</strong></span> <span class='ocrx_word' id='word_1_25' title='bbox 661 514 763 551; x_wconf 89' lang='lat' dir='ltr'><strong>nomen</strong></span> <span class='ocrx_word' id='word_1_26' title='bbox 781 513 857 551; x_wconf 89' lang='lat' dir='ltr'><strong>acce·</strong></span> <span class='ocrx_word' id='word_1_27' title='bbox 897 497 955 553; x_wconf 84' lang='lat' dir='ltr'><strong>ibat</strong></span> <span class='ocrx_word' id='word_1_28' title='bbox 967 498 995 552; x_wconf 90' lang='lat' dir='ltr'><strong>in</strong></span> <span class='ocrx_word' id='word_1_29' title='bbox 1011 504 1104 569; x_wconf 85' lang='lat' dir='ltr'><strong>partes</strong></span> <span class='ocrx_word' id='word_1_30' title='bbox 1117 498 1184 570; x_wconf 90' lang='lat' dir='ltr'><strong>Tyri</strong></span> <span class='ocrx_word' id='word_1_31' title='bbox 1199 504 1227 552; x_wconf 85' lang='lat' dir='ltr'><strong>et</strong></span> <span class='ocrx_word' id='word_1_32' title='bbox 1238 498 1358 555; x_wconf 85' lang='lat' dir='ltr'><strong>Sidonis.</strong></span> <span class='ocrx_word' id='word_1_33' title='bbox 1375 516 1436 569; x_wconf 87' lang='lat' dir='ltr'><strong>quae</strong></span> <span class='ocrx_word' id='word_1_34' title='bbox 1459 505 1526 554; x_wconf 89' lang='lat' dir='ltr'><strong>suut</strong></span> <span class='ocrx_word' id='word_1_35' title='bbox 1545 499 1694 570; x_wconf 80' lang='lat' dir='ltr'><strong>gentilium</strong></span> 
     </span>
     <span class='ocr_line' id='line_1_4' title="bbox 52 585 1696 660; baseline 0 -18"><span class='ocrx_word' id='word_1_36' title='bbox 52 589 104 660; x_wconf 92' lang='lat' dir='ltr'><strong>pit.</strong></span> <span class='ocrx_word' id='word_1_37' title='bbox 121 589 241 642; x_wconf 84' lang='lat' dir='ltr'><strong>Cosmus</strong></span> <span class='ocrx_word' id='word_1_38' title='bbox 253 588 329 641; x_wconf 88' lang='lat' dir='ltr'><strong>euim</strong></span> <span class='ocrx_word' id='word_1_39' title='bbox 346 587 467 641; x_wconf 89' lang='lat' dir='ltr'><strong>mundus</strong></span> <span class='ocrx_word' id='word_1_40' title='bbox 481 587 593 645; x_wconf 90' lang='lat' dir='ltr'><strong>dicitur.</strong></span> <span class='ocrx_word' id='word_1_41' title='bbox 607 586 678 651; x_wconf 88' lang='lat' dir='ltr'><strong>Quia</strong></span> <span class='ocrx_word' id='word_1_42' title='bbox 689 603 756 657; x_wconf 85' lang='lat' dir='ltr'><strong>orgo</strong></span> <span class='ocrx_word' id='word_1_43' title='bbox 768 585 857 640; x_wconf 81' lang='lat' dir='ltr'><strong>Judaei</strong></span> <span class='ocrx_word' id='word_1_44' title='bbox 897 587 990 641; x_wconf 89' lang='lat' dir='ltr'><strong>urbes.</strong></span> <span class='ocrx_word' id='word_1_45' title='bbox 1009 588 1087 652; x_wconf 72' lang='lat' dir='ltr'><strong>Quae,</strong></span> <span class='ocrx_word' id='word_1_46' title='bbox 1106 588 1171 658; x_wconf 83' lang='lat' dir='ltr'><strong>quia</strong></span> <span class='ocrx_word' id='word_1_47' title='bbox 1186 587 1215 642; x_wconf 91' lang='lat' dir='ltr'><strong>in</strong></span> <span class='ocrx_word' id='word_1_48' title='bbox 1229 593 1332 642; x_wconf 86' lang='lat' dir='ltr'><strong>sortem</strong></span> <span class='ocrx_word' id='word_1_49' title='bbox 1348 589 1436 642; x_wconf 90' lang='lat' dir='ltr'><strong>lsrael</strong></span> <span class='ocrx_word' id='word_1_50' title='bbox 1458 588 1614 643; x_wconf 79' lang='lat' dir='ltr'><strong>distributae</strong></span> <span class='ocrx_word' id='word_1_51' title='bbox 1635 588 1696 642; x_wconf 83' lang='lat' dir='ltr'><strong>fue·</strong></span> 
     </span>
     <span class='ocr_line' id='line_1_5' title="bbox 50 674 1698 749; baseline -0.001 -16"><span class='ocrx_word' id='word_1_52' title='bbox 50 677 103 733; x_wconf 92' lang='lat' dir='ltr'><strong>Dei</strong></span> <span class='ocrx_word' id='word_1_53' title='bbox 118 683 261 749; x_wconf 83' lang='lat' dir='ltr'><strong>praecepta</strong></span> <span class='ocrx_word' id='word_1_54' title='bbox 279 681 516 747; x_wconf 83' lang='lat' dir='ltr'><strong>contempserant,</strong></span> <span class='ocrx_word' id='word_1_55' title='bbox 533 676 656 729; x_wconf 82' lang='lat' dir='ltr'><strong>mittitur</strong></span> <span class='ocrx_word' id='word_1_56' title='bbox 666 676 761 741; x_wconf 83' lang='lat' dir='ltr'><strong>Jonas,</strong></span> <span class='ocrx_word' id='word_1_57' title='bbox 774 674 802 729; x_wconf 92' lang='lat' dir='ltr'><strong>id</strong></span> <span class='ocrx_word' id='word_1_58' title='bbox 815 680 859 729; x_wconf 89' lang='lat' dir='ltr'><strong>est</strong></span> <span class='ocrx_word' id='word_1_59' title='bbox 897 683 971 742; x_wconf 87' lang='lat' dir='ltr'><strong>rant,</strong></span> <span class='ocrx_word' id='word_1_60' title='bbox 988 681 1063 730; x_wconf 88' lang='lat' dir='ltr'><strong>recte</strong></span> <span class='ocrx_word' id='word_1_61' title='bbox 1078 693 1128 747; x_wconf 90' lang='lat' dir='ltr'><strong>per</strong></span> <span class='ocrx_word' id='word_1_62' title='bbox 1138 678 1256 747; x_wconf 83' lang='lat' dir='ltr'><strong>ioppen,</strong></span> <span class='ocrx_word' id='word_1_63' title='bbox 1271 676 1312 746; x_wconf 87' lang='lat' dir='ltr'><strong>(id</strong></span> <span class='ocrx_word' id='word_1_64' title='bbox 1326 682 1378 741; x_wconf 91' lang='lat' dir='ltr'><strong>est,</strong></span> <span class='ocrx_word' id='word_1_65' title='bbox 1394 677 1532 748; x_wconf 88' lang='lat' dir='ltr'><strong>speciosa)</strong></span> <span class='ocrx_word' id='word_1_66' title='bbox 1549 677 1698 748; x_wconf 86' lang='lat' dir='ltr'><strong>designau-</strong></span> 
     </span>
     <span class='ocr_line' id='line_1_6' title="bbox 53 764 1698 837; baseline 0 -16"><span class='ocrx_word' id='word_1_67' title='bbox 53 766 185 821; x_wconf 91' lang='lat' dir='ltr'><strong>Christus</strong></span> <span class='ocrx_word' id='word_1_68' title='bbox 204 767 239 820; x_wconf 88' lang='lat' dir='ltr'><strong>ad</strong></span> <span class='ocrx_word' id='word_1_69' title='bbox 254 765 382 832; x_wconf 88' lang='lat' dir='ltr'><strong>Niniven,</strong></span> <span class='ocrx_word' id='word_1_70' title='bbox 396 765 422 819; x_wconf 93' lang='lat' dir='ltr'><strong>id</strong></span> <span class='ocrx_word' id='word_1_71' title='bbox 431 771 475 819; x_wconf 91' lang='lat' dir='ltr'><strong>est</strong></span> <span class='ocrx_word' id='word_1_72' title='bbox 484 764 519 818; x_wconf 89' lang='lat' dir='ltr'><strong>ad</strong></span> <span class='ocrx_word' id='word_1_73' title='bbox 530 771 638 834; x_wconf 87' lang='lat' dir='ltr'><strong>gentes,</strong></span> <span class='ocrx_word' id='word_1_74' title='bbox 655 768 858 818; x_wconf 88' lang='lat' dir='ltr'><strong>uttotusmun·</strong></span> <span class='ocrx_word' id='word_1_75' title='bbox 897 769 953 820; x_wconf 90' lang='lat' dir='ltr'><strong>tur.</strong></span> <span class='ocrx_word' id='word_1_76' title='bbox 971 765 1054 818; x_wconf 86' lang='lat' dir='ltr'><strong>Venit</strong></span> <span class='ocrx_word' id='word_1_77' title='bbox 1069 782 1135 836; x_wconf 90' lang='lat' dir='ltr'><strong>ergo</strong></span> <span class='ocrx_word' id='word_1_78' title='bbox 1152 766 1288 819; x_wconf 91' lang='lat' dir='ltr'><strong>Dominus</strong></span> <span class='ocrx_word' id='word_1_79' title='bbox 1298 766 1333 820; x_wconf 90' lang='lat' dir='ltr'><strong>ad</strong></span> <span class='ocrx_word' id='word_1_80' title='bbox 1345 767 1468 831; x_wconf 86' lang='lat' dir='ltr'><strong>Tharsis,</strong></span> <span class='ocrx_word' id='word_1_81' title='bbox 1487 766 1515 820; x_wconf 95' lang='lat' dir='ltr'><strong>id</strong></span> <span class='ocrx_word' id='word_1_82' title='bbox 1535 773 1578 820; x_wconf 91' lang='lat' dir='ltr'><strong>est</strong></span> <span class='ocrx_word' id='word_1_83' title='bbox 1600 765 1698 837; x_wconf 89' lang='lat' dir='ltr'><strong>gaudii</strong></span> 
     </span>
     <span class='ocr_line' id='line_1_7' title="bbox 52 852 1728 928; baseline 0 -18"><span class='ocrx_word' id='word_1_84' title='bbox 52 857 106 910; x_wconf 90' lang='lat' dir='ltr'><strong>dus</strong></span> <span class='ocrx_word' id='word_1_85' title='bbox 115 855 235 909; x_wconf 87' lang='lat' dir='ltr'><strong>credens</strong></span> <span class='ocrx_word' id='word_1_86' title='bbox 247 854 275 908; x_wconf 89' lang='lat' dir='ltr'><strong>in</strong></span> <span class='ocrx_word' id='word_1_87' title='bbox 285 871 349 908; x_wconf 89' lang='lat' dir='ltr'><strong>eum</strong></span> <span class='ocrx_word' id='word_1_88' title='bbox 365 855 497 908; x_wconf 89' lang='lat' dir='ltr'><strong>salvetur.</strong></span> <span class='ocrx_word' id='word_1_89' title='bbox 510 853 618 928; x_wconf 57' lang='lat' dir='ltr'><strong>hlulitia</strong></span> <span class='ocrx_word' id='word_1_90' title='bbox 631 852 729 907; x_wconf 86' lang='lat' dir='ltr'><strong>Ninive</strong></span> <span class='ocrx_word' id='word_1_91' title='bbox 745 870 806 923; x_wconf 86' lang='lat' dir='ltr'><strong>quae</strong></span> <span class='ocrx_word' id='word_1_92' title='bbox 820 852 855 906; x_wconf 88' lang='lat' dir='ltr'><strong>ad</strong></span> <span class='ocrx_word' id='word_1_93' title='bbox 898 854 1143 925; x_wconf 79' lang='lat' dir='ltr'><strong>contemplatione,</strong></span> <span class='ocrx_word' id='word_1_94' title='bbox 1160 854 1226 924; x_wconf 90' lang='lat' dir='ltr'><strong>quia</strong></span> <span class='ocrx_word' id='word_1_95' title='bbox 1244 854 1342 908; x_wconf 90' lang='lat' dir='ltr'><strong>mundi</strong></span> <span class='ocrx_word' id='word_1_96' title='bbox 1359 855 1601 927; x_wconf 85' lang='lat' dir='ltr'><strong>contemplabatur</strong></span> <span class='ocrx_word' id='word_1_97' title='bbox 1621 856 1698 910; x_wconf 85' lang='lat' dir='ltr'><strong>salu·</strong></span> <span class='ocrx_word' id='word_1_98' title='bbox 1726 920 1728 924; x_wconf 7' lang='grc' dir='ltr'>ἱ</span> 
     </span>
     <span class='ocr_line' id='line_1_8' title="bbox 52 940 1700 1015; baseline 0 -16"><span class='ocrx_word' id='word_1_99' title='bbox 52 944 207 999; x_wconf 86' lang='lat' dir='ltr'><strong>Dominum</strong></span> <span class='ocrx_word' id='word_1_100' title='bbox 223 942 358 1005; x_wconf 86' lang='lat' dir='ltr'><strong>ascendit,</strong></span> <span class='ocrx_word' id='word_1_101' title='bbox 376 944 503 997; x_wconf 85' lang='lat' dir='ltr'><strong>voluntas</strong></span> <span class='ocrx_word' id='word_1_102' title='bbox 519 948 562 996; x_wconf 91' lang='lat' dir='ltr'><strong>est</strong></span> <span class='ocrx_word' id='word_1_103' title='bbox 576 959 664 1013; x_wconf 88' lang='lat' dir='ltr'><strong>prona</strong></span> <span class='ocrx_word' id='word_1_104' title='bbox 683 958 795 1012; x_wconf 89' lang='lat' dir='ltr'><strong>semper</strong></span> <span class='ocrx_word' id='word_1_105' title='bbox 820 940 856 995; x_wconf 90' lang='lat' dir='ltr'><strong>ad</strong></span> <span class='ocrx_word' id='word_1_106' title='bbox 897 949 964 1007; x_wconf 89' lang='lat' dir='ltr'><strong>tem,</strong></span> <span class='ocrx_word' id='word_1_107' title='bbox 978 949 1137 1014; x_wconf 87' lang='lat' dir='ltr'><strong>quamante</strong></span> <span class='ocrx_word' id='word_1_108' title='bbox 1153 944 1255 997; x_wconf 79' lang='lat' dir='ltr'><strong>saecula</strong></span> <span class='ocrx_word' id='word_1_109' title='bbox 1271 943 1525 1015; x_wconf 80' lang='lat' dir='ltr'><strong>praedestinaverat.</strong></span> <span class='ocrx_word' id='word_1_110' title='bbox 1543 946 1625 1000; x_wconf 84' lang='lat' dir='ltr'><strong>Salus</strong></span> <span class='ocrx_word' id='word_1_111' title='bbox 1647 961 1700 999; x_wconf 90' lang='lat' dir='ltr'><strong>au·</strong></span> 
     </span>
     <span class='ocr_line' id='line_1_9' title="bbox 53 1030 1697 1102; baseline 0.001 -15"><span class='ocrx_word' id='word_1_112' title='bbox 53 1034 174 1094; x_wconf 81' lang='lat' dir='ltr'><strong>malum,</strong></span> <span class='ocrx_word' id='word_1_113' title='bbox 189 1038 219 1087; x_wconf 89' lang='lat' dir='ltr'><strong>et</strong></span> <span class='ocrx_word' id='word_1_114' title='bbox 230 1033 351 1086; x_wconf 83' lang='lat' dir='ltr'><strong>maxime</strong></span> <span class='ocrx_word' id='word_1_115' title='bbox 366 1033 457 1086; x_wconf 91' lang='lat' dir='ltr'><strong>cultus</strong></span> <span class='ocrx_word' id='word_1_116' title='bbox 473 1031 613 1085; x_wconf 90' lang='lat' dir='ltr'><strong>idolorum</strong></span> <span class='ocrx_word' id='word_1_117' title='bbox 627 1030 738 1101; x_wconf 87' lang='lat' dir='ltr'><strong>quibus,</strong></span> <span class='ocrx_word' id='word_1_118' title='bbox 759 1031 855 1086; x_wconf 90' lang='lat' dir='ltr'><strong>relicto</strong></span> <span class='ocrx_word' id='word_1_119' title='bbox 897 1036 954 1085; x_wconf 91' lang='lat' dir='ltr'><strong>tem</strong></span> <span class='ocrx_word' id='word_1_120' title='bbox 966 1032 1062 1085; x_wconf 86' lang='lat' dir='ltr'><strong>manui</strong></span> <span class='ocrx_word' id='word_1_121' title='bbox 1075 1031 1208 1101; x_wconf 87' lang='lat' dir='ltr'><strong>gaudium</strong></span> <span class='ocrx_word' id='word_1_122' title='bbox 1220 1033 1280 1102; x_wconf 84' lang='lat' dir='ltr'><strong>ejus</strong></span> <span class='ocrx_word' id='word_1_123' title='bbox 1303 1040 1354 1087; x_wconf 92' lang='lat' dir='ltr'><strong>est.</strong></span> <span class='ocrx_word' id='word_1_124' title='bbox 1380 1034 1528 1089; x_wconf 85' lang='lat' dir='ltr'><strong>Descendit</strong></span> <span class='ocrx_word' id='word_1_125' title='bbox 1549 1040 1644 1089; x_wconf 89' lang='lat' dir='ltr'><strong>autem</strong></span> <span class='ocrx_word' id='word_1_126' title='bbox 1666 1035 1697 1090; x_wconf 92' lang='lat' dir='ltr'><strong>iu</strong></span> 
     </span>
     <span class='ocr_line' id='line_1_10' title="bbox 55 1117 1699 1192; baseline -0.001 -16"><span class='ocrx_word' id='word_1_127' title='bbox 55 1122 200 1182; x_wconf 76' lang='lat' dir='ltr'><strong>creatore.</strong></span> <span class='ocrx_word' id='word_1_128' title='bbox 219 1121 341 1175; x_wconf 91' lang='lat' dir='ltr'><strong>mundus</strong></span> <span class='ocrx_word' id='word_1_129' title='bbox 356 1120 562 1175; x_wconf 90' lang='lat' dir='ltr'><strong>studiosissime</strong></span> <span class='ocrx_word' id='word_1_130' title='bbox 573 1120 719 1174; x_wconf 87' lang='lat' dir='ltr'><strong>serviebat.</strong></span> <span class='ocrx_word' id='word_1_131' title='bbox 897 1118 1013 1189; x_wconf 85' lang='lat' dir='ltr'><strong>ioppen,</strong></span> <span class='ocrx_word' id='word_1_132' title='bbox 1024 1117 1100 1190; x_wconf 83' lang='lat' dir='ltr'><strong>quia,</strong></span> <span class='ocrx_word' id='word_1_133' title='bbox 1109 1117 1197 1171; x_wconf 89' lang='lat' dir='ltr'><strong>vicina</strong></span> <span class='ocrx_word' id='word_1_134' title='bbox 1210 1118 1350 1189; x_wconf 86' lang='lat' dir='ltr'><strong>passione,</strong></span> <span class='ocrx_word' id='word_1_135' title='bbox 1360 1122 1477 1175; x_wconf 86' lang='lat' dir='ltr'><strong>salutem</strong></span> <span class='ocrx_word' id='word_1_136' title='bbox 1490 1122 1623 1192; x_wconf 70' lang='lat' dir='ltr'><strong>speciosae</strong></span> <span class='ocrx_word' id='word_1_137' title='bbox 1631 1138 1699 1192; x_wconf 86' lang='lat' dir='ltr'><strong>geu·</strong></span> 
     </span>
     <span class='ocr_line' id='line_1_11' title="bbox 92 1205 1699 1282; baseline 0.001 -18"><span class='ocrx_word' id='word_1_138' title='bbox 92 1235 103 1257; x_wconf 87' lang='lat'><strong>·</strong></span> <span class='ocrx_word' id='word_1_139' title='bbox 121 1212 157 1264; x_wconf 86' lang='lat' dir='ltr'><strong>Et</strong></span> <span class='ocrx_word' id='word_1_140' title='bbox 167 1210 290 1264; x_wconf 87' lang='lat' dir='ltr'><strong>surrexit</strong></span> <span class='ocrx_word' id='word_1_141' title='bbox 300 1211 384 1264; x_wconf 87' lang='lat' dir='ltr'><strong>Jonas</strong></span> <span class='ocrx_word' id='word_1_142' title='bbox 400 1209 551 1281; x_wconf 83' lang='lat' dir='ltr'><strong>utfugeret</strong></span> <span class='ocrx_word' id='word_1_143' title='bbox 563 1209 592 1262; x_wconf 90' lang='lat' dir='ltr'><strong>in</strong></span> <span class='ocrx_word' id='word_1_144' title='bbox 606 1210 721 1264; x_wconf 76' lang='lat' dir='ltr'><strong>Tharais</strong></span> <span class='ocrx_word' id='word_1_145' title='bbox 743 1225 760 1262; x_wconf 88' lang='lat' dir='ltr'><strong>a</strong></span> <span class='ocrx_word' id='word_1_146' title='bbox 787 1208 856 1262; x_wconf 85' lang='lat' dir='ltr'><strong>fecie</strong></span> <span class='ocrx_word' id='word_1_147' title='bbox 897 1205 1008 1260; x_wconf 88' lang='lat' dir='ltr'><strong>tilitatis</strong></span> <span class='ocrx_word' id='word_1_148' title='bbox 1023 1205 1202 1277; x_wconf 85' lang='lat' dir='ltr'><strong>operabatur.</strong></span> <span class='ocrx_word' id='word_1_149' title='bbox 1215 1207 1268 1261; x_wconf 88' lang='lat' dir='ltr'><strong>Sed</strong></span> <span class='ocrx_word' id='word_1_150' title='bbox 1276 1207 1342 1278; x_wconf 90' lang='lat' dir='ltr'><strong>quia</strong></span> <span class='ocrx_word' id='word_1_151' title='bbox 1357 1209 1432 1262; x_wconf 90' lang='lat' dir='ltr'><strong>veuit</strong></span> <span class='ocrx_word' id='word_1_152' title='bbox 1443 1210 1478 1263; x_wconf 89' lang='lat' dir='ltr'><strong>ad</strong></span> <span class='ocrx_word' id='word_1_153' title='bbox 1494 1227 1560 1264; x_wconf 86' lang='lat' dir='ltr'><strong>oves</strong></span> <span class='ocrx_word' id='word_1_154' title='bbox 1574 1210 1699 1282; x_wconf 85' lang='lat' dir='ltr'><strong>perditas</strong></span> 
     </span>
     <span class='ocr_line' id='line_1_12' title="bbox 56 1295 1699 1369; baseline 0.001 -16"><span class='ocrx_word' id='word_1_155' title='bbox 56 1298 179 1353; x_wconf 87' lang='lat' dir='ltr'><strong>Domini.</strong></span> <span class='ocrx_word' id='word_1_156' title='bbox 191 1321 203 1348; x_wconf 77' lang='grc' dir='ltr'>ι</span> <span class='ocrx_word' id='word_1_157' title='bbox 217 1300 279 1353; x_wconf 89' lang='lat' dir='ltr'><strong>Non</strong></span> <span class='ocrx_word' id='word_1_158' title='bbox 295 1299 422 1353; x_wconf 89' lang='lat' dir='ltr'><strong>invidens</strong></span> <span class='ocrx_word' id='word_1_159' title='bbox 432 1299 517 1352; x_wconf 88' lang='lat' dir='ltr'><strong>saluti</strong></span> <span class='ocrx_word' id='word_1_160' title='bbox 527 1296 857 1369; x_wconf 71' lang='lat' dir='ltr'><strong>Ninivitarumiugitsed</strong></span> <span class='ocrx_word' id='word_1_161' title='bbox 897 1295 997 1349; x_wconf 89' lang='lat' dir='ltr'><strong>domus</strong></span> <span class='ocrx_word' id='word_1_162' title='bbox 1012 1295 1108 1359; x_wconf 89' lang='lat' dir='ltr'><strong>lsrael,</strong></span> <span class='ocrx_word' id='word_1_163' title='bbox 1127 1312 1183 1350; x_wconf 91' lang='lat' dir='ltr'><strong>uon</strong></span> <span class='ocrx_word' id='word_1_164' title='bbox 1194 1297 1253 1350; x_wconf 88' lang='lat' dir='ltr'><strong>vult</strong></span> <span class='ocrx_word' id='word_1_165' title='bbox 1270 1296 1338 1351; x_wconf 89' lang='lat' dir='ltr'><strong>dare</strong></span> <span class='ocrx_word' id='word_1_166' title='bbox 1357 1314 1459 1369; x_wconf 89' lang='lat' dir='ltr'><strong>panem</strong></span> <span class='ocrx_word' id='word_1_167' title='bbox 1479 1299 1600 1354; x_wconf 85' lang='lat' dir='ltr'><strong>filiorum</strong></span> <span class='ocrx_word' id='word_1_168' title='bbox 1623 1300 1699 1354; x_wconf 88' lang='lat' dir='ltr'><strong>cani·</strong></span> 
     </span>
     <span class='ocr_line' id='line_1_13' title="bbox 56 1383 1700 1460; baseline 0.001 -18"><span class='ocrx_word' id='word_1_169' title='bbox 56 1389 156 1442; x_wconf 88' lang='lat' dir='ltr'><strong>uolens</strong></span> <span class='ocrx_word' id='word_1_170' title='bbox 168 1388 261 1458; x_wconf 89' lang='lat' dir='ltr'><strong>perire</strong></span> <span class='ocrx_word' id='word_1_171' title='bbox 281 1388 391 1441; x_wconf 81' lang='lat' dir='ltr'><strong>ludaeos</strong></span> <span class='ocrx_word' id='word_1_172' title='bbox 404 1393 517 1458; x_wconf 88' lang='lat' dir='ltr'><strong>gentem</strong></span> <span class='ocrx_word' id='word_1_173' title='bbox 533 1404 624 1441; x_wconf 88' lang='lat' dir='ltr'><strong>suam.</strong></span> <span class='ocrx_word' id='word_1_174' title='bbox 651 1386 762 1442; x_wconf 89' lang='lat' dir='ltr'><strong>Sciebat</strong></span> <span class='ocrx_word' id='word_1_175' title='bbox 782 1387 857 1441; x_wconf 88' lang='lat' dir='ltr'><strong>enim</strong></span> <span class='ocrx_word' id='word_1_176' title='bbox 898 1384 960 1439; x_wconf 91' lang='lat' dir='ltr'><strong>bus.</strong></span> <span class='ocrx_word' id='word_1_177' title='bbox 977 1383 1032 1438; x_wconf 87' lang='lat' dir='ltr'><strong>Dat</strong></span> <span class='ocrx_word' id='word_1_178' title='bbox 1041 1402 1107 1455; x_wconf 83' lang='lat' dir='ltr'><strong>ergo</strong></span> <span class='ocrx_word' id='word_1_179' title='bbox 1123 1386 1239 1439; x_wconf 90' lang='lat' dir='ltr'><strong>naulum</strong></span> <span class='ocrx_word' id='word_1_180' title='bbox 1255 1386 1419 1450; x_wconf 86' lang='lat' dir='ltr'><strong>vectoribus,</strong></span> <span class='ocrx_word' id='word_1_181' title='bbox 1435 1405 1504 1458; x_wconf 91' lang='lat' dir='ltr'><strong>quos</strong></span> <span class='ocrx_word' id='word_1_182' title='bbox 1515 1388 1635 1459; x_wconf 86' lang='lat' dir='ltr'><strong>gentiles</strong></span> <span class='ocrx_word' id='word_1_183' title='bbox 1650 1405 1700 1460; x_wconf 92' lang='lat' dir='ltr'><strong>pu·</strong></span> 
     </span>
     <span class='ocr_line' id='line_1_14' title="bbox 57 1474 1777 1549; baseline 0.002 -19"><span class='ocrx_word' id='word_1_184' title='bbox 57 1478 121 1549; x_wconf 86' lang='lat' dir='ltr'><strong>quia</strong></span> <span class='ocrx_word' id='word_1_185' title='bbox 136 1476 306 1548; x_wconf 79' lang='lat' dir='ltr'><strong>poenitentia</strong></span> <span class='ocrx_word' id='word_1_186' title='bbox 324 1476 451 1546; x_wconf 89' lang='lat' dir='ltr'><strong>gentium</strong></span> <span class='ocrx_word' id='word_1_187' title='bbox 476 1476 559 1530; x_wconf 89' lang='lat' dir='ltr'><strong>ruina</strong></span> <span class='ocrx_word' id='word_1_188' title='bbox 584 1482 659 1530; x_wconf 88' lang='lat' dir='ltr'><strong>esset</strong></span> <span class='ocrx_word' id='word_1_189' title='bbox 685 1476 856 1531; x_wconf 74' lang='lat' dir='ltr'><strong>ludaeorum.</strong></span> <span class='ocrx_word' id='word_1_190' title='bbox 899 1478 992 1528; x_wconf 87' lang='lat' dir='ltr'><strong>tamus</strong></span> <span class='ocrx_word' id='word_1_191' title='bbox 1007 1474 1174 1545; x_wconf 83' lang='lat' dir='ltr'><strong>significare,</strong></span> <span class='ocrx_word' id='word_1_192' title='bbox 1188 1475 1216 1528; x_wconf 91' lang='lat' dir='ltr'><strong>id</strong></span> <span class='ocrx_word' id='word_1_193' title='bbox 1231 1480 1274 1529; x_wconf 86' lang='lat' dir='ltr'><strong>est</strong></span> <span class='ocrx_word' id='word_1_194' title='bbox 1296 1475 1397 1545; x_wconf 91' lang='lat' dir='ltr'><strong>pignus</strong></span> <span class='ocrx_word' id='word_1_195' title='bbox 1418 1477 1564 1546; x_wconf 78' lang='lat' dir='ltr'><strong>sperandae</strong></span> <span class='ocrx_word' id='word_1_196' title='bbox 1588 1479 1698 1545; x_wconf 86' lang='lat' dir='ltr'><strong>salutis,</strong></span> <span class='ocrx_word' id='word_1_197' title='bbox 1774 1492 1777 1497; x_wconf 74' lang='grc'>’</span> 
     </span>
     <span class='ocr_line' id='line_1_15' title="bbox 57 1564 1702 1642; baseline 0 -21"><span class='ocrx_word' id='word_1_198' title='bbox 57 1566 197 1621; x_wconf 78' lang='lat' dir='ltr'><strong>Praeterea</strong></span> <span class='ocrx_word' id='word_1_199' title='bbox 205 1564 317 1619; x_wconf 87' lang='lat' dir='ltr'><strong>videbat</strong></span> <span class='ocrx_word' id='word_1_200' title='bbox 330 1565 399 1618; x_wconf 91' lang='lat' dir='ltr'><strong>alios</strong></span> <span class='ocrx_word' id='word_1_201' title='bbox 418 1566 570 1636; x_wconf 90' lang='lat' dir='ltr'><strong>prophetas</strong></span> <span class='ocrx_word' id='word_1_202' title='bbox 578 1565 859 1636; x_wconf 85' lang='lat' dir='ltr'><strong>missosadoresper·</strong></span> <span class='ocrx_word' id='word_1_203' title='bbox 899 1570 1038 1637; x_wconf 89' lang='lat' dir='ltr'><strong>quatenus</strong></span> <span class='ocrx_word' id='word_1_204' title='bbox 1050 1564 1169 1633; x_wconf 90' lang='lat' dir='ltr'><strong>primum</strong></span> <span class='ocrx_word' id='word_1_205' title='bbox 1195 1566 1283 1618; x_wconf 86' lang='lat' dir='ltr'><strong>salvet</strong></span> <span class='ocrx_word' id='word_1_206' title='bbox 1298 1564 1408 1620; x_wconf 85' lang='lat' dir='ltr'><strong>Judaeos</strong></span> <span class='ocrx_word' id='word_1_207' title='bbox 1424 1566 1459 1620; x_wconf 89' lang='lat' dir='ltr'><strong>ad</strong></span> <span class='ocrx_word' id='word_1_208' title='bbox 1481 1582 1554 1642; x_wconf 82' lang='lat' dir='ltr'><strong>quos¹</strong></span> <span class='ocrx_word' id='word_1_209' title='bbox 1573 1573 1702 1634; x_wconf 85' lang='lat' dir='ltr'><strong>venerat,</strong></span> 
     </span>
     <span class='ocr_line' id='line_1_16' title="bbox 57 1654 1701 1725; baseline 0.001 -16"><span class='ocrx_word' id='word_1_210' title='bbox 57 1655 128 1709; x_wconf 88' lang='lat' dir='ltr'><strong>ditas</strong></span> <span class='ocrx_word' id='word_1_211' title='bbox 148 1654 251 1708; x_wconf 93' lang='lat' dir='ltr'><strong>domus</strong></span> <span class='ocrx_word' id='word_1_212' title='bbox 269 1654 365 1715; x_wconf 89' lang='lat' dir='ltr'><strong>lsrael,</strong></span> <span class='ocrx_word' id='word_1_213' title='bbox 383 1660 415 1708; x_wconf 91' lang='lat' dir='ltr'><strong>ut</strong></span> <span class='ocrx_word' id='word_1_214' title='bbox 437 1654 473 1707; x_wconf 91' lang='lat' dir='ltr'><strong>ad</strong></span> <span class='ocrx_word' id='word_1_215' title='bbox 498 1655 691 1725; x_wconf 79' lang='lat' dir='ltr'><strong>lioenitentiam</strong></span> <span class='ocrx_word' id='word_1_216' title='bbox 723 1655 857 1725; x_wconf 90' lang='lat' dir='ltr'><strong>populum</strong></span> <span class='ocrx_word' id='word_1_217' title='bbox 900 1654 1002 1708; x_wconf 91' lang='lat' dir='ltr'><strong>deinde</strong></span> <span class='ocrx_word' id='word_1_218' title='bbox 1013 1654 1102 1708; x_wconf 91' lang='lat' dir='ltr'><strong>salvet</strong></span> <span class='ocrx_word' id='word_1_219' title='bbox 1112 1660 1212 1723; x_wconf 88' lang='lat' dir='ltr'><strong>gentes</strong></span> <span class='ocrx_word' id='word_1_220' title='bbox 1224 1655 1304 1725; x_wconf 85' lang='lat' dir='ltr'><strong>quasi</strong></span> <span class='ocrx_word' id='word_1_221' title='bbox 1315 1654 1401 1707; x_wconf 86' lang='lat' dir='ltr'><strong>maris</strong></span> <span class='ocrx_word' id='word_1_222' title='bbox 1414 1655 1618 1710; x_wconf 88' lang='lat' dir='ltr'><strong>accolas.Unde</strong></span> <span class='ocrx_word' id='word_1_223' title='bbox 1629 1656 1701 1711; x_wconf 87' lang='lat' dir='ltr'><strong>etad</strong></span> 
     </span>
     <span class='ocr_line' id='line_1_17' title="bbox 56 1723 1701 1817; baseline 0 -19"><span class='ocrx_word' id='word_1_224' title='bbox 56 1749 251 1817; x_wconf 86' lang='lat' dir='ltr'><strong>pmvocarent,</strong></span> <span class='ocrx_word' id='word_1_225' title='bbox 264 1748 293 1796; x_wconf 90' lang='lat' dir='ltr'><strong>et</strong></span> <span class='ocrx_word' id='word_1_226' title='bbox 302 1743 364 1797; x_wconf 93' lang='lat' dir='ltr'><strong>ideo</strong></span> <span class='ocrx_word' id='word_1_227' title='bbox 379 1743 456 1796; x_wconf 91' lang='lat' dir='ltr'><strong>dolet</strong></span> <span class='ocrx_word' id='word_1_228' title='bbox 464 1760 494 1797; x_wconf 87' lang='lat' dir='ltr'><strong>se</strong></span> <span class='ocrx_word' id='word_1_229' title='bbox 509 1744 638 1809; x_wconf 87' lang='lat' dir='ltr'><strong>electum,</strong></span> <span class='ocrx_word' id='word_1_230' title='bbox 652 1749 685 1797; x_wconf 88' lang='lat' dir='ltr'><strong>ut</strong></span> <span class='ocrx_word' id='word_1_231' title='bbox 699 1743 859 1797; x_wconf 87' lang='lat' dir='ltr'><strong>mitteretur</strong></span> <span class='ocrx_word' id='word_1_232' title='bbox 869 1723 891 1783; x_wconf 78' lang='grc' dir='ltr'><strong>Β</strong></span> <span class='ocrx_word' id='word_1_233' title='bbox 901 1744 1037 1798; x_wconf 88' lang='lat' dir='ltr'><strong>interiora</strong></span> <span class='ocrx_word' id='word_1_234' title='bbox 1052 1743 1229 1797; x_wconf 87' lang='lat' dir='ltr'><strong>descendisse</strong></span> <span class='ocrx_word' id='word_1_235' title='bbox 1241 1750 1269 1796; x_wconf 91' lang='lat' dir='ltr'><strong>et</strong></span> <span class='ocrx_word' id='word_1_236' title='bbox 1279 1743 1416 1797; x_wconf 89' lang='lat' dir='ltr'><strong>dormisse</strong></span> <span class='ocrx_word' id='word_1_237' title='bbox 1433 1743 1545 1804; x_wconf 85' lang='lat' dir='ltr'><strong>dicitur,</strong></span> <span class='ocrx_word' id='word_1_238' title='bbox 1567 1744 1701 1798; x_wconf 76' lang='lat' dir='ltr'><strong>saviente</strong></span> 
     </span>
     <span class='ocr_line' id='line_1_18' title="bbox 58 1831 1703 1904; baseline 0.002 -20"><span class='ocrx_word' id='word_1_239' title='bbox 58 1831 90 1884; x_wconf 87' lang='lat' dir='ltr'><strong>ad</strong></span> <span class='ocrx_word' id='word_1_240' title='bbox 103 1832 238 1904; x_wconf 79' lang='lat' dir='ltr'><strong>Assyrios</strong></span> <span class='ocrx_word' id='word_1_241' title='bbox 248 1833 378 1886; x_wconf 81' lang='lat' dir='ltr'><strong>inimicos</strong></span> <span class='ocrx_word' id='word_1_242' title='bbox 392 1832 641 1887; x_wconf 84' lang='lat' dir='ltr'><strong>IsraelisNoverat</strong></span> <span class='ocrx_word' id='word_1_243' title='bbox 650 1833 862 1904; x_wconf 88' lang='lat' dir='ltr'><strong>etiamprophe·</strong></span> <span class='ocrx_word' id='word_1_244' title='bbox 902 1831 1095 1903; x_wconf 85' lang='lat' dir='ltr'><strong>pelago.quasi</strong></span> <span class='ocrx_word' id='word_1_245' title='bbox 1111 1832 1255 1901; x_wconf 83' lang='lat' dir='ltr'><strong>negligens</strong></span> <span class='ocrx_word' id='word_1_246' title='bbox 1265 1832 1547 1903; x_wconf 82' lang='lat' dir='ltr'><strong>eosquiavidebatur</strong></span> <span class='ocrx_word' id='word_1_247' title='bbox 1559 1831 1703 1902; x_wconf 85' lang='lat' dir='ltr'><strong>negligere</strong></span> 
     </span>
     <span class='ocr_line' id='line_1_19' title="bbox 59 1920 1702 1992; baseline 0.001 -19"><span class='ocrx_word' id='word_1_248' title='bbox 59 1920 110 1974; x_wconf 84' lang='lat' dir='ltr'><strong>lico</strong></span> <span class='ocrx_word' id='word_1_249' title='bbox 121 1921 238 1992; x_wconf 84' lang='lat' dir='ltr'><strong>spiritu,</strong></span> <span class='ocrx_word' id='word_1_250' title='bbox 251 1921 335 1990; x_wconf 90' lang='lat' dir='ltr'><strong>quod,</strong></span> <span class='ocrx_word' id='word_1_251' title='bbox 346 1937 408 1974; x_wconf 85' lang='lat' dir='ltr'><strong>curu</strong></span> <span class='ocrx_word' id='word_1_252' title='bbox 426 1921 716 1991; x_wconf 85' lang='lat' dir='ltr'><strong>genrescoguitionem</strong></span> <span class='ocrx_word' id='word_1_253' title='bbox 732 1921 782 1976; x_wconf 91' lang='lat' dir='ltr'><strong>Dei</strong></span> <span class='ocrx_word' id='word_1_254' title='bbox 794 1920 863 1975; x_wconf 89' lang='lat' dir='ltr'><strong>reci·</strong></span> <span class='ocrx_word' id='word_1_255' title='bbox 901 1927 1132 1991; x_wconf 85' lang='lat' dir='ltr'><strong>gentes,quorum</strong></span> <span class='ocrx_word' id='word_1_256' title='bbox 1145 1926 1240 1974; x_wconf 89' lang='lat' dir='ltr'><strong>tamen</strong></span> <span class='ocrx_word' id='word_1_257' title='bbox 1253 1921 1372 1974; x_wconf 90' lang='lat' dir='ltr'><strong>salutem</strong></span> <span class='ocrx_word' id='word_1_258' title='bbox 1386 1920 1528 1975; x_wconf 88' lang='lat' dir='ltr'><strong>dormiens</strong></span> <span class='ocrx_word' id='word_1_259' title='bbox 1540 1920 1702 1986; x_wconf 86' lang='lat' dir='ltr'><strong>incruce,et</strong></span> 
     </span>
     <span class='ocr_line' id='line_1_20' title="bbox 60 2007 1702 2081; baseline 0 -18"><span class='ocrx_word' id='word_1_260' title='bbox 60 2016 168 2080; x_wconf 83' lang='lat' dir='ltr'><strong>pererit,</strong></span> <span class='ocrx_word' id='word_1_261' title='bbox 180 2008 383 2080; x_wconf 89' lang='lat' dir='ltr'><strong>reprobaretur</strong></span> <span class='ocrx_word' id='word_1_262' title='bbox 398 2007 494 2063; x_wconf 63' lang='lat' dir='ltr'><strong>Israel,</strong></span> <span class='ocrx_word' id='word_1_263' title='bbox 511 2010 590 2074; x_wconf 88' lang='lat' dir='ltr'><strong>Quod</strong></span> <span class='ocrx_word' id='word_1_264' title='bbox 606 2027 672 2081; x_wconf 90' lang='lat' dir='ltr'><strong>ergo</strong></span> <span class='ocrx_word' id='word_1_265' title='bbox 690 2010 795 2064; x_wconf 87' lang='lat' dir='ltr'><strong>sciebat</strong></span> <span class='ocrx_word' id='word_1_266' title='bbox 808 2011 861 2064; x_wconf 88' lang='lat' dir='ltr'><strong>ali·</strong></span> <span class='ocrx_word' id='word_1_267' title='bbox 903 2011 937 2065; x_wconf 89' lang='lat' dir='ltr'><strong>ad</strong></span> <span class='ocrx_word' id='word_1_268' title='bbox 951 2009 1090 2063; x_wconf 84' lang='lat' dir='ltr'><strong>infernum</strong></span> <span class='ocrx_word' id='word_1_269' title='bbox 1100 2008 1179 2079; x_wconf 88' lang='lat' dir='ltr'><strong>quasi</strong></span> <span class='ocrx_word' id='word_1_270' title='bbox 1189 2010 1222 2063; x_wconf 91' lang='lat' dir='ltr'><strong>ad</strong></span> <span class='ocrx_word' id='word_1_271' title='bbox 1234 2008 1312 2063; x_wconf 88' lang='lat' dir='ltr'><strong>navis</strong></span> <span class='ocrx_word' id='word_1_272' title='bbox 1325 2009 1424 2064; x_wconf 85' lang='lat' dir='ltr'><strong>intima</strong></span> <span class='ocrx_word' id='word_1_273' title='bbox 1437 2009 1619 2075; x_wconf 88' lang='lat' dir='ltr'><strong>descendens,</strong></span> <span class='ocrx_word' id='word_1_274' title='bbox 1637 2026 1702 2081; x_wconf 91' lang='lat' dir='ltr'><strong>per·</strong></span> 
     </span>
     <span class='ocr_line' id='line_1_21' title="bbox 62 2097 1022 2170; baseline -0.001 -18"><span class='ocrx_word' id='word_1_275' title='bbox 62 2098 171 2169; x_wconf 85' lang='lat' dir='ltr'><strong>quando</strong></span> <span class='ocrx_word' id='word_1_276' title='bbox 185 2097 323 2160; x_wconf 81' lang='lat' dir='ltr'><strong>futurum,</strong></span> <span class='ocrx_word' id='word_1_277' title='bbox 339 2097 488 2151; x_wconf 89' lang='lat' dir='ltr'><strong>verebatur</strong></span> <span class='ocrx_word' id='word_1_278' title='bbox 502 2114 536 2151; x_wconf 90' lang='lat' dir='ltr'><strong>ne</strong></span> <span class='ocrx_word' id='word_1_279' title='bbox 550 2115 603 2152; x_wconf 91' lang='lat' dir='ltr'><strong>suo</strong></span> <span class='ocrx_word' id='word_1_280' title='bbox 617 2103 744 2170; x_wconf 87' lang='lat' dir='ltr'><strong>tempore</strong></span> <span class='ocrx_word' id='word_1_281' title='bbox 768 2100 858 2165; x_wconf 82' lang='lat' dir='ltr'><strong>fieret,</strong></span> <span class='ocrx_word' id='word_1_282' title='bbox 903 2099 1022 2154; x_wconf 87' lang='lat' dir='ltr'><strong>liciebat.</strong></span> 
     </span>
     <span class='ocr_line' id='line_1_22' title="bbox 62 2186 1700 2259; baseline 0.002 -18"><span class='ocrx_word' id='word_1_283' title='bbox 62 2195 142 2258; x_wconf 83' lang='lat' dir='ltr'><strong>atque</strong></span> <span class='ocrx_word' id='word_1_284' title='bbox 154 2187 220 2241; x_wconf 90' lang='lat' dir='ltr'><strong>ideo</strong></span> <span class='ocrx_word' id='word_1_285' title='bbox 232 2186 330 2257; x_wconf 85' lang='lat' dir='ltr'><strong>sugere</strong></span> <span class='ocrx_word' id='word_1_286' title='bbox 349 2187 438 2241; x_wconf 86' lang='lat' dir='ltr'><strong>voluit</strong></span> <span class='ocrx_word' id='word_1_287' title='bbox 459 2187 488 2240; x_wconf 87' lang='lat' dir='ltr'><strong>iu</strong></span> <span class='ocrx_word' id='word_1_288' title='bbox 504 2187 627 2250; x_wconf 78' lang='lat' dir='ltr'><strong>Tharais,</strong></span> <span class='ocrx_word' id='word_1_289' title='bbox 645 2187 718 2241; x_wconf 90' lang='lat' dir='ltr'><strong>siout</strong></span> <span class='ocrx_word' id='word_1_290' title='bbox 743 2193 771 2242; x_wconf 89' lang='lat' dir='ltr'><strong>et</strong></span> <span class='ocrx_word' id='word_1_291' title='bbox 792 2188 861 2241; x_wconf 89' lang='lat' dir='ltr'><strong>Cain</strong></span> <span class='ocrx_word' id='word_1_292' title='bbox 940 2187 1101 2244; x_wconf 73' lang='lat' dir='ltr'><strong>«Dominus</strong></span> <span class='ocrx_word' id='word_1_293' title='bbox 1115 2194 1209 2242; x_wconf 89' lang='lat' dir='ltr'><strong>autem</strong></span> <span class='ocrx_word' id='word_1_294' title='bbox 1226 2187 1302 2242; x_wconf 90' lang='lat' dir='ltr'><strong>misit</strong></span> <span class='ocrx_word' id='word_1_295' title='bbox 1310 2193 1421 2242; x_wconf 90' lang='lat' dir='ltr'><strong>ventum</strong></span> <span class='ocrx_word' id='word_1_296' title='bbox 1431 2205 1566 2259; x_wconf 90' lang='lat' dir='ltr'><strong>maguum</strong></span> <span class='ocrx_word' id='word_1_297' title='bbox 1575 2189 1604 2242; x_wconf 92' lang='lat' dir='ltr'><strong>in</strong></span> <span class='ocrx_word' id='word_1_298' title='bbox 1612 2205 1700 2244; x_wconf 88' lang='lat' dir='ltr'><strong>mare:</strong></span> 
     </span>
     <span class='ocr_line' id='line_1_23' title="bbox 63 2275 1704 2348; baseline 0.001 -18"><span class='ocrx_word' id='word_1_299' title='bbox 63 2276 130 2346; x_wconf 81' lang='lat' dir='ltr'><strong>fugit</strong></span> <span class='ocrx_word' id='word_1_300' title='bbox 143 2292 161 2330; x_wconf 89' lang='lat' dir='ltr'><strong>a</strong></span> <span class='ocrx_word' id='word_1_301' title='bbox 175 2275 246 2329; x_wconf 81' lang='lat' dir='ltr'><strong>facie</strong></span> <span class='ocrx_word' id='word_1_302' title='bbox 259 2275 381 2329; x_wconf 87' lang='lat' dir='ltr'><strong>Domini.</strong></span> <span class='ocrx_word' id='word_1_303' title='bbox 406 2275 544 2346; x_wconf 86' lang='lat' dir='ltr'><strong>losephus</strong></span> <span class='ocrx_word' id='word_1_304' title='bbox 566 2276 680 2330; x_wconf 90' lang='lat' dir='ltr'><strong>Tharsis</strong></span> <span class='ocrx_word' id='word_1_305' title='bbox 699 2281 781 2346; x_wconf 91' lang='lat' dir='ltr'><strong>putat</strong></span> <span class='ocrx_word' id='word_1_306' title='bbox 800 2292 862 2329; x_wconf 87' lang='lat' dir='ltr'><strong>esse</strong></span> <span class='ocrx_word' id='word_1_307' title='bbox 904 2281 933 2330; x_wconf 85' lang='lat' dir='ltr'><strong>et</strong></span> <span class='ocrx_word' id='word_1_308' title='bbox 946 2277 1020 2329; x_wconf 83' lang='lat' dir='ltr'><strong>sacta</strong></span> <span class='ocrx_word' id='word_1_309' title='bbox 1036 2282 1079 2329; x_wconf 87' lang='lat' dir='ltr'><strong>est</strong></span> <span class='ocrx_word' id='word_1_310' title='bbox 1094 2282 1247 2346; x_wconf 86' lang='lat' dir='ltr'><strong>tempestas</strong></span> <span class='ocrx_word' id='word_1_311' title='bbox 1258 2292 1363 2346; x_wconf 91' lang='lat' dir='ltr'><strong>magna</strong></span> <span class='ocrx_word' id='word_1_312' title='bbox 1379 2276 1501 2342; x_wconf 89' lang='lat' dir='ltr'><strong>inmari,</strong></span> <span class='ocrx_word' id='word_1_313' title='bbox 1518 2283 1546 2332; x_wconf 87' lang='lat' dir='ltr'><strong>et</strong></span> <span class='ocrx_word' id='word_1_314' title='bbox 1560 2277 1638 2331; x_wconf 88' lang='lat' dir='ltr'><strong>navis</strong></span> <span class='ocrx_word' id='word_1_315' title='bbox 1653 2294 1704 2348; x_wconf 90' lang='lat' dir='ltr'><strong>pe·</strong></span> 
     </span>
     <span class='ocr_line' id='line_1_24' title="bbox 64 2362 1704 2437; baseline 0.002 -21"><span class='ocrx_word' id='word_1_316' title='bbox 64 2364 200 2418; x_wconf 85' lang='lat' dir='ltr'><strong>Tharsum</strong></span> <span class='ocrx_word' id='word_1_317' title='bbox 217 2362 319 2418; x_wconf 78' lang='lat' dir='ltr'><strong>Ciliciae</strong></span> <span class='ocrx_word' id='word_1_318' title='bbox 334 2363 485 2425; x_wconf 86' lang='lat' dir='ltr'><strong>civitatem,</strong></span> <span class='ocrx_word' id='word_1_319' title='bbox 502 2363 536 2417; x_wconf 89' lang='lat' dir='ltr'><strong>de</strong></span> <span class='ocrx_word' id='word_1_320' title='bbox 551 2380 606 2434; x_wconf 90' lang='lat' dir='ltr'><strong>qua</strong></span> <span class='ocrx_word' id='word_1_321' title='bbox 616 2363 670 2417; x_wconf 81' lang='lat' dir='ltr'><strong>suit</strong></span> <span class='ocrx_word' id='word_1_322' title='bbox 682 2363 785 2417; x_wconf 86' lang='lat' dir='ltr'><strong>Paulus</strong></span> <span class='ocrx_word' id='word_1_323' title='bbox 798 2379 863 2433; x_wconf 90' lang='lat' dir='ltr'><strong>apo·</strong></span> <span class='ocrx_word' id='word_1_324' title='bbox 904 2365 1081 2419; x_wconf 86' lang='lat' dir='ltr'><strong>riclitabatur</strong></span> <span class='ocrx_word' id='word_1_325' title='bbox 1091 2365 1209 2426; x_wconf 88' lang='lat' dir='ltr'><strong>conteri,</strong></span> <span class='ocrx_word' id='word_1_326' title='bbox 1227 2365 1497 2420; x_wconf 74' lang='lat' dir='ltr'><strong>»Putaveratlouas</strong></span> <span class='ocrx_word' id='word_1_327' title='bbox 1507 2366 1640 2437; x_wconf 91' lang='lat' dir='ltr'><strong>prodesse</strong></span> <span class='ocrx_word' id='word_1_328' title='bbox 1650 2365 1704 2420; x_wconf 92' lang='lat' dir='ltr'><strong>sibi</strong></span> 
     </span>
     <span class='ocr_line' id='line_1_25' title="bbox 66 2434 1704 2524; baseline 0.001 -16"><span class='ocrx_word' id='word_1_329' title='bbox 66 2455 159 2516; x_wconf 84' lang='lat' dir='ltr'><strong>stolus,</strong></span> <span class='ocrx_word' id='word_1_330' title='bbox 171 2452 247 2507; x_wconf 87' lang='lat' dir='ltr'><strong>unde</strong></span> <span class='ocrx_word' id='word_1_331' title='bbox 260 2458 289 2506; x_wconf 90' lang='lat' dir='ltr'><strong>et</strong></span> <span class='ocrx_word' id='word_1_332' title='bbox 298 2452 464 2506; x_wconf 87' lang='lat' dir='ltr'><strong>Tharsensis</strong></span> <span class='ocrx_word' id='word_1_333' title='bbox 476 2434 626 2507; x_wconf 69' lang='lat' dir='ltr'><strong>dictusest.</strong></span> <span class='ocrx_word' id='word_1_334' title='bbox 640 2451 752 2506; x_wconf 86' lang='lat' dir='ltr'><strong>Hebraei</strong></span> <span class='ocrx_word' id='word_1_335' title='bbox 767 2458 862 2506; x_wconf 87' lang='lat' dir='ltr'><strong>autern</strong></span> <span class='ocrx_word' id='word_1_336' title='bbox 904 2455 928 2508; x_wconf 92' lang='lat' dir='ltr'><strong>si</strong></span> <span class='ocrx_word' id='word_1_337' title='bbox 941 2471 1038 2508; x_wconf 83' lang='lat' dir='ltr'><strong>narem</strong></span> <span class='ocrx_word' id='word_1_338' title='bbox 1055 2453 1255 2508; x_wconf 89' lang='lat' dir='ltr'><strong>conscenderet</strong></span> <span class='ocrx_word' id='word_1_339' title='bbox 1273 2459 1302 2507; x_wconf 90' lang='lat' dir='ltr'><strong>et</strong></span> <span class='ocrx_word' id='word_1_340' title='bbox 1320 2453 1443 2524; x_wconf 78' lang='lat' dir='ltr'><strong>fugeret:</strong></span> <span class='ocrx_word' id='word_1_341' title='bbox 1465 2454 1514 2509; x_wconf 91' lang='lat' dir='ltr'><strong>sed</strong></span> <span class='ocrx_word' id='word_1_342' title='bbox 1539 2460 1655 2510; x_wconf 89' lang='lat' dir='ltr'><strong>econtra</strong></span> <span class='ocrx_word' id='word_1_343' title='bbox 1675 2461 1704 2510; x_wconf 86' lang='lat' dir='ltr'><strong>et</strong></span> 
     </span>
     <span class='ocr_line' id='line_1_26' title="bbox 67 2541 1703 2614; baseline 0.002 -18"><span class='ocrx_word' id='word_1_344' title='bbox 67 2543 176 2596; x_wconf 88' lang='lat' dir='ltr'><strong>Tharsis</strong></span> <span class='ocrx_word' id='word_1_345' title='bbox 186 2541 371 2596; x_wconf 81' lang='lat' dir='ltr'><strong>meredicuut</strong></span> <span class='ocrx_word' id='word_1_346' title='bbox 382 2541 625 2612; x_wconf 88' lang='lat' dir='ltr'><strong>generaliter.Non</strong></span> <span class='ocrx_word' id='word_1_347' title='bbox 634 2558 700 2611; x_wconf 86' lang='lat' dir='ltr'><strong>ergo</strong></span> <span class='ocrx_word' id='word_1_348' title='bbox 711 2541 745 2595; x_wconf 92' lang='lat' dir='ltr'><strong>ad</strong></span> <span class='ocrx_word' id='word_1_349' title='bbox 755 2547 863 2595; x_wconf 88' lang='lat' dir='ltr'><strong>certum</strong></span> <span class='ocrx_word' id='word_1_350' title='bbox 905 2543 973 2614; x_wconf 87' lang='lat' dir='ltr'><strong>ipse,</strong></span> <span class='ocrx_word' id='word_1_351' title='bbox 986 2550 1015 2596; x_wconf 86' lang='lat' dir='ltr'><strong>et</strong></span> <span class='ocrx_word' id='word_1_352' title='bbox 1029 2542 1106 2596; x_wconf 89' lang='lat' dir='ltr'><strong>navis</strong></span> <span class='ocrx_word' id='word_1_353' title='bbox 1120 2549 1233 2614; x_wconf 87' lang='lat' dir='ltr'><strong>propter</strong></span> <span class='ocrx_word' id='word_1_354' title='bbox 1245 2558 1308 2596; x_wconf 89' lang='lat' dir='ltr'><strong>euru</strong></span> <span class='ocrx_word' id='word_1_355' title='bbox 1332 2543 1544 2613; x_wconf 88' lang='lat' dir='ltr'><strong>periclitabatur</strong></span> <span class='ocrx_word' id='word_1_356' title='bbox 1555 2549 1590 2599; x_wconf 91' lang='lat' dir='ltr'><strong>ut</strong></span> <span class='ocrx_word' id='word_1_357' title='bbox 1607 2550 1703 2598; x_wconf 89' lang='lat' dir='ltr'><strong>coute-</strong></span> 
     </span>
     <span class='ocr_line' id='line_1_27' title="bbox 68 2629 1703 2702; baseline 0.001 -17"><span class='ocrx_word' id='word_1_358' title='bbox 68 2632 185 2701; x_wconf 87' lang='lat' dir='ltr'><strong>aliquem</strong></span> <span class='ocrx_word' id='word_1_359' title='bbox 201 2631 294 2685; x_wconf 90' lang='lat' dir='ltr'><strong>locum</strong></span> <span class='ocrx_word' id='word_1_360' title='bbox 309 2630 405 2700; x_wconf 84' lang='lat' dir='ltr'><strong>lugere</strong></span> <span class='ocrx_word' id='word_1_361' title='bbox 418 2629 528 2684; x_wconf 89' lang='lat' dir='ltr'><strong>volebat</strong></span> <span class='ocrx_word' id='word_1_362' title='bbox 538 2631 734 2701; x_wconf 72' lang='lat' dir='ltr'><strong>prophetasad</strong></span> <span class='ocrx_word' id='word_1_363' title='bbox 745 2647 860 2685; x_wconf 89' lang='lat' dir='ltr'><strong>ascensa</strong></span> <span class='ocrx_word' id='word_1_364' title='bbox 906 2637 1016 2685; x_wconf 79' lang='lat' dir='ltr'><strong>veretur</strong></span> <span class='ocrx_word' id='word_1_365' title='bbox 1028 2631 1095 2695; x_wconf 74' lang='lat' dir='ltr'><strong>Quae</strong></span> <span class='ocrx_word' id='word_1_366' title='bbox 1106 2632 1191 2689; x_wconf 84' lang='lat' dir='ltr'><strong>euim.</strong></span> <span class='ocrx_word' id='word_1_367' title='bbox 1205 2630 1317 2683; x_wconf 88' lang='lat' dir='ltr'><strong>nolente</strong></span> <span class='ocrx_word' id='word_1_368' title='bbox 1331 2630 1398 2685; x_wconf 86' lang='lat' dir='ltr'><strong>Deo.</strong></span> <span class='ocrx_word' id='word_1_369' title='bbox 1412 2637 1549 2701; x_wconf 87' lang='lat' dir='ltr'><strong>putantur</strong></span> <span class='ocrx_word' id='word_1_370' title='bbox 1559 2647 1703 2702; x_wconf 86' lang='lat' dir='ltr'><strong>prospera,</strong></span> 
     </span>
     <span class='ocr_line' id='line_1_28' title="bbox 69 2718 1703 2791; baseline 0 -17"><span class='ocrx_word' id='word_1_371' title='bbox 69 2721 124 2774; x_wconf 86' lang='lat' dir='ltr'><strong>uavi</strong></span> <span class='ocrx_word' id='word_1_372' title='bbox 141 2736 311 2791; x_wconf 90' lang='lat' dir='ltr'><strong>quocunque</strong></span> <span class='ocrx_word' id='word_1_373' title='bbox 331 2727 425 2790; x_wconf 85' lang='lat' dir='ltr'><strong>posset</strong></span> <span class='ocrx_word' id='word_1_374' title='bbox 445 2719 589 2780; x_wconf 80' lang='lat' dir='ltr'><strong>festinare,</strong></span> <span class='ocrx_word' id='word_1_375' title='bbox 606 2736 662 2773; x_wconf 90' lang='lat' dir='ltr'><strong>non</strong></span> <span class='ocrx_word' id='word_1_376' title='bbox 684 2735 787 2773; x_wconf 91' lang='lat' dir='ltr'><strong>curans</strong></span> <span class='ocrx_word' id='word_1_377' title='bbox 805 2736 860 2790; x_wconf 92' lang='lat' dir='ltr'><strong>quo</strong></span> <span class='ocrx_word' id='word_1_378' title='bbox 903 2719 1090 2774; x_wconf 80' lang='lat' dir='ltr'><strong>uertunturiu</strong></span> <span class='ocrx_word' id='word_1_379' title='bbox 1104 2719 1267 2790; x_wconf 81' lang='lat' dir='ltr'><strong>perniciem.</strong></span> <span class='ocrx_word' id='word_1_380' title='bbox 1281 2724 1309 2772; x_wconf 86' lang='lat' dir='ltr'><strong>et</strong></span> <span class='ocrx_word' id='word_1_381' title='bbox 1320 2718 1390 2772; x_wconf 91' lang='lat' dir='ltr'><strong>uihil</strong></span> <span class='ocrx_word' id='word_1_382' title='bbox 1404 2719 1570 2774; x_wconf 89' lang='lat' dir='ltr'><strong>adversante</strong></span> <span class='ocrx_word' id='word_1_383' title='bbox 1583 2720 1642 2773; x_wconf 86' lang='lat' dir='ltr'><strong>Deo</strong></span> <span class='ocrx_word' id='word_1_384' title='bbox 1658 2737 1703 2774; x_wconf 86' lang='lat' dir='ltr'><strong>se·</strong></span> 
     </span>
     <span class='ocr_line' id='line_1_29' title="bbox 71 2807 1702 2879; baseline 0.001 -17"><span class='ocrx_word' id='word_1_385' title='bbox 71 2825 126 2863; x_wconf 88' lang='lat' dir='ltr'><strong>euru</strong></span> <span class='ocrx_word' id='word_1_386' title='bbox 137 2826 200 2863; x_wconf 86' lang='lat' dir='ltr'><strong>sors</strong></span> <span class='ocrx_word' id='word_1_387' title='bbox 212 2809 338 2862; x_wconf 80' lang='lat' dir='ltr'><strong>duceret.</strong></span> <span class='ocrx_word' id='word_1_388' title='bbox 351 2808 495 2878; x_wconf 80' lang='lat' dir='ltr'><strong>Fugitivus</strong></span> <span class='ocrx_word' id='word_1_389' title='bbox 510 2809 584 2862; x_wconf 91' lang='lat' dir='ltr'><strong>enim</strong></span> <span class='ocrx_word' id='word_1_390' title='bbox 601 2824 657 2861; x_wconf 89' lang='lat' dir='ltr'><strong>non</strong></span> <span class='ocrx_word' id='word_1_391' title='bbox 669 2808 748 2879; x_wconf 82' lang='lat' dir='ltr'><strong>eligit</strong></span> <span class='ocrx_word' id='word_1_392' title='bbox 769 2809 861 2862; x_wconf 90' lang='lat' dir='ltr'><strong>locum</strong></span> <span class='ocrx_word' id='word_1_393' title='bbox 902 2826 1011 2866; x_wconf 89' lang='lat' dir='ltr'><strong>curum.</strong></span> <span class='ocrx_word' id='word_1_394' title='bbox 1027 2807 1159 2879; x_wconf 76' lang='lat' dir='ltr'><strong>llystice:</strong></span> <span class='ocrx_word' id='word_1_395' title='bbox 1176 2814 1328 2878; x_wconf 88' lang='lat' dir='ltr'><strong>tempestas</strong></span> <span class='ocrx_word' id='word_1_396' title='bbox 1342 2807 1391 2860; x_wconf 90' lang='lat' dir='ltr'><strong>iila</strong></span> <span class='ocrx_word' id='word_1_397' title='bbox 1415 2808 1537 2862; x_wconf 79' lang='lat' dir='ltr'><strong>furorem</strong></span> <span class='ocrx_word' id='word_1_398' title='bbox 1559 2808 1702 2879; x_wconf 82' lang='lat' dir='ltr'><strong>significat</strong></span> 
     </span>
     <span class='ocr_line' id='line_1_30' title="bbox 71 2895 1702 2969; baseline -0.001 -17"><span class='ocrx_word' id='word_1_399' title='bbox 71 2915 116 2969; x_wconf 85' lang='lat' dir='ltr'><strong>quo</strong></span> <span class='ocrx_word' id='word_1_400' title='bbox 131 2898 232 2967; x_wconf 80' lang='lat' dir='ltr'><strong>fugiat,</strong></span> <span class='ocrx_word' id='word_1_401' title='bbox 251 2903 280 2951; x_wconf 89' lang='lat' dir='ltr'><strong>et</strong></span> <span class='ocrx_word' id='word_1_402' title='bbox 292 2898 359 2968; x_wconf 85' lang='lat' dir='ltr'><strong>quia</strong></span> <span class='ocrx_word' id='word_1_403' title='bbox 373 2897 514 2968; x_wconf 87' lang='lat' dir='ltr'><strong>legituriu</strong></span> <span class='ocrx_word' id='word_1_404' title='bbox 531 2897 638 2968; x_wconf 88' lang='lat' dir='ltr'><strong>psalmo</strong></span> <span class='ocrx_word' id='word_1_405' title='bbox 654 2915 692 2950; x_wconf 78' lang='lat' dir='ltr'><strong>:a</strong></span> <span class='ocrx_word' id='word_1_406' title='bbox 719 2897 809 2951; x_wconf 92' lang='lat' dir='ltr'><strong>Notus</strong></span> <span class='ocrx_word' id='word_1_407' title='bbox 833 2897 863 2950; x_wconf 88' lang='lat' dir='ltr'><strong>in</strong></span> <span class='ocrx_word' id='word_1_408' title='bbox 903 2899 1072 2957; x_wconf 75' lang='lat' dir='ltr'><strong>iudeorum,</strong></span> <span class='ocrx_word' id='word_1_409' title='bbox 1085 2897 1133 2966; x_wconf 86' lang='lat' dir='ltr'><strong>qui</strong></span> <span class='ocrx_word' id='word_1_410' title='bbox 1148 2914 1212 2951; x_wconf 90' lang='lat' dir='ltr'><strong>eum</strong></span> <span class='ocrx_word' id='word_1_411' title='bbox 1229 2895 1479 2967; x_wconf 83' lang='lat' dir='ltr'><strong>exspectabautad</strong></span> <span class='ocrx_word' id='word_1_412' title='bbox 1498 2902 1627 2965; x_wconf 87' lang='lat' dir='ltr'><strong>mortem,</strong></span> <span class='ocrx_word' id='word_1_413' title='bbox 1644 2898 1702 2951; x_wconf 86' lang='lat' dir='ltr'><strong>cla-</strong></span> 
     </span>
     <span class='ocr_line' id='line_1_31' title="bbox 70 2985 1408 3056; baseline -0.001 -16"><span class='ocrx_word' id='word_1_414' title='bbox 70 2987 158 3040; x_wconf 83' lang='lat' dir='ltr'><strong>Judaea</strong></span> <span class='ocrx_word' id='word_1_415' title='bbox 173 2987 257 3048; x_wconf 87' lang='lat' dir='ltr'><strong>Deus,</strong></span> <span class='ocrx_word' id='word_1_416' title='bbox 274 2987 303 3040; x_wconf 91' lang='lat' dir='ltr'><strong>iu</strong></span> <span class='ocrx_word' id='word_1_417' title='bbox 320 2987 545 3056; x_wconf 82' lang='lat' dir='ltr'><strong>Israelmagnuro</strong></span> <span class='ocrx_word' id='word_1_418' title='bbox 560 3003 661 3039; x_wconf 88' lang='lat' dir='ltr'><strong>nomen</strong></span> <span class='ocrx_word' id='word_1_419' title='bbox 672 2987 742 3056; x_wconf 87' lang='lat' dir='ltr'><strong>ejus.</strong></span> <span class='ocrx_word' id='word_1_420' title='bbox 757 2994 862 3056; x_wconf 73' lang='lat' dir='ltr'><strong>sputa·</strong></span> <span class='ocrx_word' id='word_1_421' title='bbox 906 2995 1029 3042; x_wconf 88' lang='lat' dir='ltr'><strong>mantes:</strong></span> <span class='ocrx_word' id='word_1_422' title='bbox 1045 3006 1055 3036; x_wconf 84' lang='grc' dir='ltr'>ι</span> <span class='ocrx_word' id='word_1_423' title='bbox 1072 2986 1219 3056; x_wconf 81' lang='lat' dir='ltr'><strong>Cruvissge,</strong></span> <span class='ocrx_word' id='word_1_424' title='bbox 1235 2985 1377 3056; x_wconf 78' lang='lat' dir='ltr'><strong>crucifige.</strong></span> <span class='ocrx_word' id='word_1_425' title='bbox 1395 3004 1408 3038; x_wconf 80' lang='lat' dir='ltr'><strong>a</strong></span> 
     </span>
     <span class='ocr_line' id='line_1_32' title="bbox 70 3037 1701 3146; baseline 0.002 -18"><span class='ocrx_word' id='word_1_426' title='bbox 70 3073 110 3129; x_wconf 87' lang='lat' dir='ltr'><strong>bat</strong></span> <span class='ocrx_word' id='word_1_427' title='bbox 123 3093 153 3129; x_wconf 89' lang='lat' dir='ltr'><strong>se</strong></span> <span class='ocrx_word' id='word_1_428' title='bbox 168 3091 250 3146; x_wconf 87' lang='lat' dir='ltr'><strong>posse</strong></span> <span class='ocrx_word' id='word_1_429' title='bbox 262 3075 349 3129; x_wconf 89' lang='lat' dir='ltr'><strong>Deum</strong></span> <span class='ocrx_word' id='word_1_430' title='bbox 365 3074 471 3145; x_wconf 84' lang='lat' dir='ltr'><strong>lugere,</strong></span> <span class='ocrx_word' id='word_1_431' title='bbox 486 3075 531 3145; x_wconf 90' lang='lat' dir='ltr'><strong>qui</strong></span> <span class='ocrx_word' id='word_1_432' title='bbox 547 3081 657 3129; x_wconf 90' lang='lat' dir='ltr'><strong>tantum</strong></span> <span class='ocrx_word' id='word_1_433' title='bbox 673 3075 702 3128; x_wconf 92' lang='lat' dir='ltr'><strong>in</strong></span> <span class='ocrx_word' id='word_1_434' title='bbox 713 3037 894 3128; x_wconf 76' lang='lat' dir='ltr'><strong>ludaeauo·C</strong></span> <span class='ocrx_word' id='word_1_435' title='bbox 943 3095 955 3127; x_wconf 79' lang='lat' dir='ltr'><strong>a</strong></span> <span class='ocrx_word' id='word_1_436' title='bbox 971 3075 1177 3130; x_wconf 74' lang='lat' dir='ltr'><strong>attinuerunt</strong></span> <span class='ocrx_word' id='word_1_437' title='bbox 1202 3081 1303 3136; x_wconf 70' lang='lat' dir='ltr'><strong>nautae,</strong></span> <span class='ocrx_word' id='word_1_438' title='bbox 1321 3080 1349 3129; x_wconf 89' lang='lat' dir='ltr'><strong>et</strong></span> <span class='ocrx_word' id='word_1_439' title='bbox 1374 3075 1567 3130; x_wconf 88' lang='lat' dir='ltr'><strong>clamaverunt</strong></span> <span class='ocrx_word' id='word_1_440' title='bbox 1587 3075 1635 3130; x_wconf 89' lang='lat' dir='ltr'><strong>viri</strong></span> <span class='ocrx_word' id='word_1_441' title='bbox 1666 3077 1701 3131; x_wconf 89' lang='lat' dir='ltr'><strong>ad</strong></span> 
     </span>
     <span class='ocr_line' id='line_1_33' title="bbox 71 3163 1705 3235; baseline 0.001 -17"><span class='ocrx_word' id='word_1_442' title='bbox 71 3170 107 3218; x_wconf 88' lang='lat' dir='ltr'><strong>tus</strong></span> <span class='ocrx_word' id='word_1_443' title='bbox 117 3172 187 3217; x_wconf 77' lang='lat' dir='ltr'><strong>erat.</strong></span> <span class='ocrx_word' id='word_1_444' title='bbox 200 3164 354 3233; x_wconf 87' lang='lat' dir='ltr'><strong>Postquam</strong></span> <span class='ocrx_word' id='word_1_445' title='bbox 364 3181 428 3217; x_wconf 85' lang='lat' dir='ltr'><strong>rero</strong></span> <span class='ocrx_word' id='word_1_446' title='bbox 438 3181 488 3234; x_wconf 93' lang='lat' dir='ltr'><strong>per</strong></span> <span class='ocrx_word' id='word_1_447' title='bbox 499 3170 694 3235; x_wconf 85' lang='lat' dir='ltr'><strong>tempestatem</strong></span> <span class='ocrx_word' id='word_1_448' title='bbox 707 3164 796 3217; x_wconf 92' lang='lat' dir='ltr'><strong>Deum</strong></span> <span class='ocrx_word' id='word_1_449' title='bbox 808 3164 864 3217; x_wconf 86' lang='lat' dir='ltr'><strong>illic</strong></span> <span class='ocrx_word' id='word_1_450' title='bbox 906 3165 994 3218; x_wconf 89' lang='lat' dir='ltr'><strong>Deum</strong></span> <span class='ocrx_word' id='word_1_451' title='bbox 1010 3180 1109 3218; x_wconf 89' lang='lat' dir='ltr'><strong>suum:</strong></span> <span class='ocrx_word' id='word_1_452' title='bbox 1127 3170 1155 3217; x_wconf 94' lang='lat' dir='ltr'><strong>et</strong></span> <span class='ocrx_word' id='word_1_453' title='bbox 1170 3163 1309 3217; x_wconf 84' lang='lat' dir='ltr'><strong>miserunt</strong></span> <span class='ocrx_word' id='word_1_454' title='bbox 1323 3181 1387 3218; x_wconf 89' lang='lat' dir='ltr'><strong>vasa</strong></span> <span class='ocrx_word' id='word_1_455' title='bbox 1399 3165 1591 3233; x_wconf 76' lang='lat' dir='ltr'><strong>quaerentia</strong></span> <span class='ocrx_word' id='word_1_456' title='bbox 1602 3165 1705 3220; x_wconf 90' lang='lat' dir='ltr'><strong>naviiu</strong></span> 
     </span>
     <span class='ocr_line' id='line_1_34' title="bbox 71 3251 1705 3325; baseline 0.002 -19"><span class='ocrx_word' id='word_1_457' title='bbox 71 3253 146 3306; x_wconf 86' lang='lat' dir='ltr'><strong>etiam</strong></span> <span class='ocrx_word' id='word_1_458' title='bbox 163 3252 250 3306; x_wconf 86' lang='lat' dir='ltr'><strong>maris</strong></span> <span class='ocrx_word' id='word_1_459' title='bbox 262 3253 386 3322; x_wconf 86' lang='lat' dir='ltr'><strong>agnovit,</strong></span> <span class='ocrx_word' id='word_1_460' title='bbox 403 3254 553 3306; x_wconf 87' lang='lat' dir='ltr'><strong>coulitetur</strong></span> <span class='ocrx_word' id='word_1_461' title='bbox 568 3260 596 3306; x_wconf 93' lang='lat' dir='ltr'><strong>et</strong></span> <span class='ocrx_word' id='word_1_462' title='bbox 610 3251 863 3308; x_wconf 83' lang='lat' dir='ltr'><strong>dicit:cllebraeus</strong></span> <span class='ocrx_word' id='word_1_463' title='bbox 907 3272 994 3316; x_wconf 86' lang='lat' dir='ltr'><strong>mare,</strong></span> <span class='ocrx_word' id='word_1_464' title='bbox 1012 3260 1042 3308; x_wconf 91' lang='lat' dir='ltr'><strong>ut</strong></span> <span class='ocrx_word' id='word_1_465' title='bbox 1060 3254 1239 3308; x_wconf 87' lang='lat' dir='ltr'><strong>alleviaretur</strong></span> <span class='ocrx_word' id='word_1_466' title='bbox 1267 3253 1302 3307; x_wconf 92' lang='lat' dir='ltr'><strong>ab</strong></span> <span class='ocrx_word' id='word_1_467' title='bbox 1329 3254 1378 3308; x_wconf 88' lang='lat' dir='ltr'><strong>eis.</strong></span> <span class='ocrx_word' id='word_1_468' title='bbox 1406 3255 1514 3318; x_wconf 82' lang='lat' dir='ltr'><strong>Nautae,</strong></span> <span class='ocrx_word' id='word_1_469' title='bbox 1542 3254 1705 3325; x_wconf 85' lang='lat' dir='ltr'><strong>ignorantes</strong></span> 
     </span>
     <span class='ocr_line' id='line_1_35' title="bbox 71 3341 1706 3413; baseline 0.001 -16"><span class='ocrx_word' id='word_1_470' title='bbox 71 3359 113 3413; x_wconf 86' lang='lat' dir='ltr'><strong>ego</strong></span> <span class='ocrx_word' id='word_1_471' title='bbox 128 3361 202 3409; x_wconf 89' lang='lat' dir='ltr'><strong>sum,</strong></span> <span class='ocrx_word' id='word_1_472' title='bbox 217 3349 246 3396; x_wconf 89' lang='lat' dir='ltr'><strong>et</strong></span> <span class='ocrx_word' id='word_1_473' title='bbox 260 3343 349 3395; x_wconf 84' lang='lat' dir='ltr'><strong>Deum</strong></span> <span class='ocrx_word' id='word_1_474' title='bbox 361 3342 422 3395; x_wconf 84' lang='lat' dir='ltr'><strong>cmii</strong></span> <span class='ocrx_word' id='word_1_475' title='bbox 439 3359 490 3412; x_wconf 82' lang='lat' dir='ltr'><strong>ego</strong></span> <span class='ocrx_word' id='word_1_476' title='bbox 514 3342 609 3406; x_wconf 88' lang='lat' dir='ltr'><strong>timeo,</strong></span> <span class='ocrx_word' id='word_1_477' title='bbox 628 3342 676 3411; x_wconf 91' lang='lat' dir='ltr'><strong>qui</strong></span> <span class='ocrx_word' id='word_1_478' title='bbox 699 3341 765 3395; x_wconf 87' lang='lat' dir='ltr'><strong>fecit</strong></span> <span class='ocrx_word' id='word_1_479' title='bbox 787 3359 864 3396; x_wconf 91' lang='lat' dir='ltr'><strong>mare</strong></span> <span class='ocrx_word' id='word_1_480' title='bbox 905 3360 994 3398; x_wconf 89' lang='lat' dir='ltr'><strong>unum</strong></span> <span class='ocrx_word' id='word_1_481' title='bbox 1011 3350 1039 3397; x_wconf 91' lang='lat' dir='ltr'><strong>et</strong></span> <span class='ocrx_word' id='word_1_482' title='bbox 1053 3360 1149 3397; x_wconf 90' lang='lat' dir='ltr'><strong>verum</strong></span> <span class='ocrx_word' id='word_1_483' title='bbox 1176 3344 1274 3404; x_wconf 79' lang='lat' dir='ltr'><strong>Deum,</strong></span> <span class='ocrx_word' id='word_1_484' title='bbox 1293 3343 1460 3398; x_wconf 89' lang='lat' dir='ltr'><strong>invocabant</strong></span> <span class='ocrx_word' id='word_1_485' title='bbox 1484 3343 1561 3402; x_wconf 88' lang='lat' dir='ltr'><strong>deos,</strong></span> <span class='ocrx_word' id='word_1_486' title='bbox 1585 3344 1706 3399; x_wconf 87' lang='lat' dir='ltr'><strong>scientes</strong></span> 
     </span>
     <span class='ocr_line' id='line_1_36' title="bbox 72 3431 1706 3502; baseline 0.001 -18"><span class='ocrx_word' id='word_1_487' title='bbox 72 3439 94 3484; x_wconf 90' lang='lat' dir='ltr'><strong>et</strong></span> <span class='ocrx_word' id='word_1_488' title='bbox 105 3432 224 3486; x_wconf 86' lang='lat' dir='ltr'><strong>aridam.</strong></span> <span class='ocrx_word' id='word_1_489' title='bbox 238 3431 380 3501; x_wconf 76' lang='lat' dir='ltr'><strong>›hlystice</strong></span> <span class='ocrx_word' id='word_1_490' title='bbox 394 3450 399 3483; x_wconf 90' lang='lat'>:</span> <span class='ocrx_word' id='word_1_491' title='bbox 414 3432 499 3484; x_wconf 89' lang='lat' dir='ltr'><strong>Jonas</strong></span> <span class='ocrx_word' id='word_1_492' title='bbox 509 3437 614 3493; x_wconf 82' lang='lat' dir='ltr'><strong>noster,</strong></span> <span class='ocrx_word' id='word_1_493' title='bbox 628 3431 657 3483; x_wconf 91' lang='lat' dir='ltr'><strong>id</strong></span> <span class='ocrx_word' id='word_1_494' title='bbox 668 3436 710 3483; x_wconf 89' lang='lat' dir='ltr'><strong>est</strong></span> <span class='ocrx_word' id='word_1_495' title='bbox 725 3431 863 3491; x_wconf 76' lang='lat' dir='ltr'><strong>Christus.</strong></span> <span class='ocrx_word' id='word_1_496' title='bbox 906 3433 975 3485; x_wconf 88' lang='lat' dir='ltr'><strong>nihil</strong></span> <span class='ocrx_word' id='word_1_497' title='bbox 992 3432 1052 3486; x_wconf 85' lang='lat' dir='ltr'><strong>sieri</strong></span> <span class='ocrx_word' id='word_1_498' title='bbox 1067 3432 1128 3486; x_wconf 90' lang='lat' dir='ltr'><strong>sine</strong></span> <span class='ocrx_word' id='word_1_499' title='bbox 1140 3431 1191 3485; x_wconf 88' lang='lat' dir='ltr'><strong>Dei</strong></span> <span class='ocrx_word' id='word_1_500' title='bbox 1207 3432 1390 3502; x_wconf 87' lang='lat' dir='ltr'><strong>providentia.</strong></span> <span class='ocrx_word' id='word_1_501' title='bbox 1408 3433 1445 3486; x_wconf 83' lang='lat' dir='ltr'><strong>Ex</strong></span> <span class='ocrx_word' id='word_1_502' title='bbox 1461 3432 1706 3502; x_wconf 85' lang='lat' dir='ltr'><strong>quoiateliigimus</strong></span> 
     </span>
     <span class='ocr_line' id='line_1_37' title="bbox 71 3518 1707 3590; baseline 0.001 -18"><span class='ocrx_word' id='word_1_503' title='bbox 71 3520 133 3590; x_wconf 83' lang='lat' dir='ltr'><strong>sugit</strong></span> <span class='ocrx_word' id='word_1_504' title='bbox 147 3521 177 3574; x_wconf 91' lang='lat' dir='ltr'><strong>in</strong></span> <span class='ocrx_word' id='word_1_505' title='bbox 190 3519 317 3580; x_wconf 86' lang='lat' dir='ltr'><strong>Tharsis,</strong></span> <span class='ocrx_word' id='word_1_506' title='bbox 332 3520 402 3590; x_wconf 84' lang='lat' dir='ltr'><strong>quia</strong></span> <span class='ocrx_word' id='word_1_507' title='bbox 419 3521 537 3590; x_wconf 86' lang='lat' dir='ltr'><strong>patriam</strong></span> <span class='ocrx_word' id='word_1_508' title='bbox 553 3536 643 3582; x_wconf 78' lang='lat' dir='ltr'><strong>suani,</strong></span> <span class='ocrx_word' id='word_1_509' title='bbox 655 3518 682 3573; x_wconf 92' lang='lat' dir='ltr'><strong>id</strong></span> <span class='ocrx_word' id='word_1_510' title='bbox 694 3525 738 3573; x_wconf 92' lang='lat' dir='ltr'><strong>est</strong></span> <span class='ocrx_word' id='word_1_511' title='bbox 751 3520 864 3580; x_wconf 74' lang='lat' dir='ltr'><strong>calum,</strong></span> <span class='ocrx_word' id='word_1_512' title='bbox 906 3521 941 3575; x_wconf 92' lang='lat' dir='ltr'><strong>ab</strong></span> <span class='ocrx_word' id='word_1_513' title='bbox 956 3521 1031 3574; x_wconf 90' lang='lat' dir='ltr'><strong>omni</strong></span> <span class='ocrx_word' id='word_1_514' title='bbox 1047 3521 1159 3574; x_wconf 87' lang='lat' dir='ltr'><strong>homine</strong></span> <span class='ocrx_word' id='word_1_515' title='bbox 1173 3520 1268 3574; x_wconf 89' lang='lat' dir='ltr'><strong>timeri</strong></span> <span class='ocrx_word' id='word_1_516' title='bbox 1284 3528 1312 3575; x_wconf 90' lang='lat' dir='ltr'><strong>et</strong></span> <span class='ocrx_word' id='word_1_517' title='bbox 1327 3521 1435 3587; x_wconf 89' lang='lat' dir='ltr'><strong>sentiri,</strong></span> <span class='ocrx_word' id='word_1_518' title='bbox 1452 3521 1516 3575; x_wconf 89' lang='lat' dir='ltr'><strong>licet</strong></span> <span class='ocrx_word' id='word_1_519' title='bbox 1538 3521 1615 3574; x_wconf 81' lang='lat' dir='ltr'><strong>falsis</strong></span> <span class='ocrx_word' id='word_1_520' title='bbox 1644 3520 1707 3575; x_wconf 87' lang='lat' dir='ltr'><strong>reli·</strong></span> 
     </span>
     <span class='ocr_line' id='line_1_38' title="bbox 73 3608 1705 3681; baseline 0.003 -20"><span class='ocrx_word' id='word_1_521' title='bbox 73 3609 170 3664; x_wconf 88' lang='lat' dir='ltr'><strong>dimisit</strong></span> <span class='ocrx_word' id='word_1_522' title='bbox 181 3616 233 3675; x_wconf 86' lang='lat' dir='ltr'><strong>;et,</strong></span> <span class='ocrx_word' id='word_1_523' title='bbox 245 3614 491 3679; x_wconf 80' lang='lat' dir='ltr'><strong>assumpturarnc.</strong></span> <span class='ocrx_word' id='word_1_524' title='bbox 504 3610 618 3663; x_wconf 88' lang='lat' dir='ltr'><strong>venitin</strong></span> <span class='ocrx_word' id='word_1_525' title='bbox 630 3626 706 3663; x_wconf 87' lang='lat' dir='ltr'><strong>mare</strong></span> <span class='ocrx_word' id='word_1_526' title='bbox 721 3611 803 3680; x_wconf 88' lang='lat' dir='ltr'><strong>hujus</strong></span> <span class='ocrx_word' id='word_1_527' title='bbox 813 3628 865 3664; x_wconf 78' lang='lat' dir='ltr'><strong>sae·</strong></span> <span class='ocrx_word' id='word_1_528' title='bbox 905 3610 1038 3681; x_wconf 90' lang='lat' dir='ltr'><strong>gionibus</strong></span> <span class='ocrx_word' id='word_1_529' title='bbox 1053 3608 1088 3663; x_wconf 92' lang='lat' dir='ltr'><strong>ab</strong></span> <span class='ocrx_word' id='word_1_530' title='bbox 1103 3626 1159 3663; x_wconf 89' lang='lat' dir='ltr'><strong>uno</strong></span> <span class='ocrx_word' id='word_1_531' title='bbox 1169 3615 1198 3663; x_wconf 93' lang='lat' dir='ltr'><strong>et</strong></span> <span class='ocrx_word' id='word_1_532' title='bbox 1210 3610 1316 3664; x_wconf 83' lang='lat' dir='ltr'><strong>veroad</strong></span> <span class='ocrx_word' id='word_1_533' title='bbox 1331 3610 1509 3664; x_wconf 83' lang='lat' dir='ltr'><strong>multosdeos</strong></span> <span class='ocrx_word' id='word_1_534' title='bbox 1518 3609 1705 3667; x_wconf 89' lang='lat' dir='ltr'><strong>abducantur.</strong></span> 
     </span>
     <span class='ocr_line' id='line_1_39' title="bbox 73 3698 1707 3770; baseline 0.001 -18"><span class='ocrx_word' id='word_1_535' title='bbox 73 3699 167 3756; x_wconf 70' lang='lat' dir='ltr'><strong>callet</strong></span> <span class='ocrx_word' id='word_1_536' title='bbox 183 3699 325 3751; x_wconf 88' lang='lat' dir='ltr'><strong>intantum</strong></span> <span class='ocrx_word' id='word_1_537' title='bbox 341 3698 437 3750; x_wconf 82' lang='lat' dir='ltr'><strong>dilexit</strong></span> <span class='ocrx_word' id='word_1_538' title='bbox 452 3700 584 3768; x_wconf 87' lang='lat' dir='ltr'><strong>populum</strong></span> <span class='ocrx_word' id='word_1_539' title='bbox 609 3698 644 3751; x_wconf 88' lang='lat' dir='ltr'><strong>de</strong></span> <span class='ocrx_word' id='word_1_540' title='bbox 668 3715 723 3768; x_wconf 91' lang='lat' dir='ltr'><strong>quo</strong></span> <span class='ocrx_word' id='word_1_541' title='bbox 751 3716 864 3753; x_wconf 89' lang='lat' dir='ltr'><strong>caruem</strong></span> <span class='ocrx_word' id='word_1_542' title='bbox 906 3699 1272 3770; x_wconf 87' lang='lat' dir='ltr'><strong>Projiciuntvasaiumare</strong></span> <span class='ocrx_word' id='word_1_543' title='bbox 1293 3700 1384 3769; x_wconf 91' lang='lat' dir='ltr'><strong>:quod</strong></span> <span class='ocrx_word' id='word_1_544' title='bbox 1409 3699 1606 3754; x_wconf 85' lang='lat' dir='ltr'><strong>[itiusummo</strong></span> <span class='ocrx_word' id='word_1_545' title='bbox 1634 3699 1707 3769; x_wconf 90' lang='lat' dir='ltr'><strong>peri·</strong></span> 
     </span>
     <span class='ocr_line' id='line_1_40' title="bbox 73 3787 1706 3860; baseline 0.001 -19"><span class='ocrx_word' id='word_1_546' title='bbox 73 3789 228 3858; x_wconf 75' lang='lat' dir='ltr'><strong>assuuipsit.</strong></span> <span class='ocrx_word' id='word_1_547' title='bbox 243 3794 274 3840; x_wconf 92' lang='lat' dir='ltr'><strong>ut</strong></span> <span class='ocrx_word' id='word_1_548' title='bbox 288 3804 344 3840; x_wconf 87' lang='lat' dir='ltr'><strong>rron</strong></span> <span class='ocrx_word' id='word_1_549' title='bbox 358 3793 500 3840; x_wconf 87' lang='lat' dir='ltr'><strong>recusaret</strong></span> <span class='ocrx_word' id='word_1_550' title='bbox 514 3787 680 3857; x_wconf 84' lang='lat' dir='ltr'><strong>passionem,</strong></span> <span class='ocrx_word' id='word_1_551' title='bbox 698 3804 733 3840; x_wconf 88' lang='lat' dir='ltr'><strong>ne</strong></span> <span class='ocrx_word' id='word_1_552' title='bbox 757 3789 865 3841; x_wconf 89' lang='lat' dir='ltr'><strong>salvata</strong></span> <span class='ocrx_word' id='word_1_553' title='bbox 905 3789 978 3853; x_wconf 89' lang='lat' dir='ltr'><strong>culo,</strong></span> <span class='ocrx_word' id='word_1_554' title='bbox 995 3796 1026 3842; x_wconf 93' lang='lat' dir='ltr'><strong>ut</strong></span> <span class='ocrx_word' id='word_1_555' title='bbox 1038 3788 1124 3842; x_wconf 88' lang='lat' dir='ltr'><strong>levior</strong></span> <span class='ocrx_word' id='word_1_556' title='bbox 1135 3788 1207 3842; x_wconf 86' lang='lat' dir='ltr'><strong>sacta</strong></span> <span class='ocrx_word' id='word_1_557' title='bbox 1221 3788 1310 3853; x_wconf 86' lang='lat' dir='ltr'><strong>navis,</strong></span> <span class='ocrx_word' id='word_1_558' title='bbox 1327 3789 1435 3843; x_wconf 78' lang='lat' dir='ltr'><strong>facilius</strong></span> <span class='ocrx_word' id='word_1_559' title='bbox 1459 3789 1593 3843; x_wconf 86' lang='lat' dir='ltr'><strong>ductibus</strong></span> <span class='ocrx_word' id='word_1_560' title='bbox 1605 3806 1706 3860; x_wconf 88' lang='lat' dir='ltr'><strong>super·</strong></span> 
     </span>
     <span class='ocr_line' id='line_1_41' title="bbox 73 3875 1022 3947; baseline 0 -17"><span class='ocrx_word' id='word_1_561' title='bbox 73 3875 175 3939; x_wconf 85' lang='lat' dir='ltr'><strong>Ninive,</strong></span> <span class='ocrx_word' id='word_1_562' title='bbox 198 3876 226 3929; x_wconf 95' lang='lat' dir='ltr'><strong>id</strong></span> <span class='ocrx_word' id='word_1_563' title='bbox 243 3883 288 3929; x_wconf 93' lang='lat' dir='ltr'><strong>est</strong></span> <span class='ocrx_word' id='word_1_564' title='bbox 308 3876 405 3945; x_wconf 85' lang='lat' dir='ltr'><strong>gentili</strong></span> <span class='ocrx_word' id='word_1_565' title='bbox 432 3877 544 3946; x_wconf 90' lang='lat' dir='ltr'><strong>populo,</strong></span> <span class='ocrx_word' id='word_1_566' title='bbox 571 3876 720 3946; x_wconf 82' lang='lat' dir='ltr'><strong>Syuugoga</strong></span> <span class='ocrx_word' id='word_1_567' title='bbox 747 3877 862 3947; x_wconf 90' lang='lat' dir='ltr'><strong>periret.</strong></span> <span class='ocrx_word' id='word_1_568' title='bbox 905 3879 1022 3933; x_wconf 84' lang='lat' dir='ltr'><strong>feratur.</strong></span> 
     </span>
     <span class='ocr_line' id='line_1_42' title="bbox 72 3963 1706 4037; baseline -0.001 -18"><span class='ocrx_word' id='word_1_569' title='bbox 72 3963 143 4019; x_wconf 88' lang='lat' dir='ltr'><strong>Unde</strong></span> <span class='ocrx_word' id='word_1_570' title='bbox 159 3966 231 4019; x_wconf 90' lang='lat' dir='ltr'><strong>etad</strong></span> <span class='ocrx_word' id='word_1_571' title='bbox 248 3965 360 4018; x_wconf 85' lang='lat' dir='ltr'><strong>Patrem</strong></span> <span class='ocrx_word' id='word_1_572' title='bbox 375 3964 502 4019; x_wconf 91' lang='lat' dir='ltr'><strong>dicebat:</strong></span> <span class='ocrx_word' id='word_1_573' title='bbox 531 3983 545 4017; x_wconf 80' lang='lat' dir='ltr'><strong>r</strong></span> <span class='ocrx_word' id='word_1_574' title='bbox 576 3965 707 4029; x_wconf 87' lang='lat' dir='ltr'><strong>Pater·,si</strong></span> <span class='ocrx_word' id='word_1_575' title='bbox 732 3967 863 4037; x_wconf 91' lang='lat' dir='ltr'><strong>possibile</strong></span> <span class='ocrx_word' id='word_1_576' title='bbox 943 3967 1003 4020; x_wconf 76' lang='lat' dir='ltr'><strong>«Et</strong></span> <span class='ocrx_word' id='word_1_577' title='bbox 1016 3965 1104 4020; x_wconf 80' lang='lat' dir='ltr'><strong>Jonas</strong></span> <span class='ocrx_word' id='word_1_578' title='bbox 1122 3965 1267 4018; x_wconf 89' lang='lat' dir='ltr'><strong>descendit</strong></span> <span class='ocrx_word' id='word_1_579' title='bbox 1281 3965 1314 4018; x_wconf 92' lang='lat' dir='ltr'><strong>ad</strong></span> <span class='ocrx_word' id='word_1_580' title='bbox 1333 3965 1469 4018; x_wconf 90' lang='lat' dir='ltr'><strong>interiora</strong></span> <span class='ocrx_word' id='word_1_581' title='bbox 1484 3966 1572 4028; x_wconf 87' lang='lat' dir='ltr'><strong>navis,</strong></span> <span class='ocrx_word' id='word_1_582' title='bbox 1587 3972 1616 4020; x_wconf 90' lang='lat' dir='ltr'><strong>et</strong></span> <span class='ocrx_word' id='word_1_583' title='bbox 1639 3967 1706 4020; x_wconf 90' lang='lat' dir='ltr'><strong>dor·</strong></span> 
     </span>
     <span class='ocr_line' id='line_1_43' title="bbox 72 4053 1703 4125; baseline 0 -17"><span class='ocrx_word' id='word_1_584' title='bbox 72 4062 116 4116; x_wconf 81' lang='lat' dir='ltr'><strong>est,</strong></span> <span class='ocrx_word' id='word_1_585' title='bbox 131 4059 260 4107; x_wconf 86' lang='lat' dir='ltr'><strong>transeat</strong></span> <span class='ocrx_word' id='word_1_586' title='bbox 272 4070 288 4106; x_wconf 92' lang='lat' dir='ltr'><strong>a</strong></span> <span class='ocrx_word' id='word_1_587' title='bbox 300 4070 344 4106; x_wconf 89' lang='lat' dir='ltr'><strong>me</strong></span> <span class='ocrx_word' id='word_1_588' title='bbox 359 4053 428 4107; x_wconf 81' lang='lat' dir='ltr'><strong>calix</strong></span> <span class='ocrx_word' id='word_1_589' title='bbox 439 4053 490 4107; x_wconf 91' lang='lat' dir='ltr'><strong>iste</strong></span> <span class='ocrx_word' id='word_1_590' title='bbox 505 4073 511 4120; x_wconf 72' lang='lat'><em>3</em></span> <span class='ocrx_word' id='word_1_591' title='bbox 529 4071 542 4106; x_wconf 83' lang='lat' dir='ltr'><strong>o</strong></span> <span class='ocrx_word' id='word_1_592' title='bbox 560 4053 630 4108; x_wconf 89' lang='lat' dir='ltr'><strong>etin</strong></span> <span class='ocrx_word' id='word_1_593' title='bbox 646 4070 728 4108; x_wconf 90' lang='lat' dir='ltr'><strong>cruce</strong></span> <span class='ocrx_word' id='word_1_594' title='bbox 744 4055 862 4125; x_wconf 79' lang='lat' dir='ltr'><strong>positus,</strong></span> <span class='ocrx_word' id='word_1_595' title='bbox 905 4055 1010 4109; x_wconf 88' lang='lat' dir='ltr'><strong>miebat</strong></span> <span class='ocrx_word' id='word_1_596' title='bbox 1023 4071 1122 4125; x_wconf 86' lang='lat' dir='ltr'><strong>sopore</strong></span> <span class='ocrx_word' id='word_1_597' title='bbox 1132 4054 1218 4124; x_wconf 87' lang='lat' dir='ltr'><strong>gravi.</strong></span> <span class='ocrx_word' id='word_1_598' title='bbox 1232 4073 1244 4104; x_wconf 79' lang='lat' dir='ltr'><strong>v</strong></span> <span class='ocrx_word' id='word_1_599' title='bbox 1260 4054 1360 4107; x_wconf 84' lang='lat' dir='ltr'><strong>Nautis</strong></span> <span class='ocrx_word' id='word_1_600' title='bbox 1374 4053 1505 4113; x_wconf 80' lang='lat' dir='ltr'><strong>turbatis.</strong></span> <span class='ocrx_word' id='word_1_601' title='bbox 1520 4061 1548 4108; x_wconf 91' lang='lat' dir='ltr'><strong>et</strong></span> <span class='ocrx_word' id='word_1_602' title='bbox 1562 4054 1703 4111; x_wconf 87' lang='lat' dir='ltr'><strong>suosdeos</strong></span> 
     </span>
     <span class='ocr_line' id='line_1_44' title="bbox 73 4142 1707 4215; baseline 0.002 -21"><span class='ocrx_word' id='word_1_603' title='bbox 73 4142 220 4214; x_wconf 85' lang='lat' dir='ltr'><strong>probisqui</strong></span> <span class='ocrx_word' id='word_1_604' title='bbox 230 4142 451 4196; x_wconf 67' lang='lat' dir='ltr'><strong>clamaverant«</strong></span> <span class='ocrx_word' id='word_1_605' title='bbox 466 4142 615 4212; x_wconf 85' lang='lat' dir='ltr'><strong>Crucilrgc,</strong></span> <span class='ocrx_word' id='word_1_606' title='bbox 627 4143 786 4212; x_wconf 63' lang='lat' dir='ltr'><strong>crucifige·</strong></span> <span class='ocrx_word' id='word_1_607' title='bbox 800 4161 864 4198; x_wconf 89' lang='lat' dir='ltr'><strong>ora·</strong></span> <span class='ocrx_word' id='word_1_608' title='bbox 905 4143 1108 4204; x_wconf 83' lang='lat' dir='ltr'><strong>invocantibus,</strong></span> <span class='ocrx_word' id='word_1_609' title='bbox 1124 4143 1210 4196; x_wconf 85' lang='lat' dir='ltr'><strong>Jonas</strong></span> <span class='ocrx_word' id='word_1_610' title='bbox 1226 4158 1342 4196; x_wconf 87' lang='lat' dir='ltr'><strong>securus</strong></span> <span class='ocrx_word' id='word_1_611' title='bbox 1357 4150 1386 4196; x_wconf 88' lang='lat' dir='ltr'><strong>et</strong></span> <span class='ocrx_word' id='word_1_612' title='bbox 1400 4148 1494 4197; x_wconf 90' lang='lat' dir='ltr'><strong>mente</strong></span> <span class='ocrx_word' id='word_1_613' title='bbox 1512 4143 1608 4213; x_wconf 86' lang='lat' dir='ltr'><strong>quieta</strong></span> <span class='ocrx_word' id='word_1_614' title='bbox 1621 4142 1707 4215; x_wconf 87' lang='lat' dir='ltr'><strong>persi·</strong></span> 
     </span>
     <span class='ocr_line' id='line_1_45' title="bbox 72 4229 1708 4302; baseline 0.001 -17"><span class='ocrx_word' id='word_1_615' title='bbox 72 4229 115 4285; x_wconf 85' lang='lat' dir='ltr'><strong>bat</strong></span> <span class='ocrx_word' id='word_1_616' title='bbox 126 4233 239 4286; x_wconf 87' lang='lat' dir='ltr'><strong>diceus:</strong></span> <span class='ocrx_word' id='word_1_617' title='bbox 256 4250 270 4282; x_wconf 81' lang='lat' dir='ltr'><strong>u</strong></span> <span class='ocrx_word' id='word_1_618' title='bbox 286 4232 380 4297; x_wconf 88' lang='lat' dir='ltr'><strong>Pater,</strong></span> <span class='ocrx_word' id='word_1_619' title='bbox 400 4231 512 4302; x_wconf 91' lang='lat' dir='ltr'><strong>ignosce</strong></span> <span class='ocrx_word' id='word_1_620' title='bbox 525 4231 591 4296; x_wconf 88' lang='lat' dir='ltr'><strong>illis,</strong></span> <span class='ocrx_word' id='word_1_621' title='bbox 608 4247 663 4285; x_wconf 90' lang='lat' dir='ltr'><strong>non</strong></span> <span class='ocrx_word' id='word_1_622' title='bbox 678 4232 754 4286; x_wconf 92' lang='lat' dir='ltr'><strong>enim</strong></span> <span class='ocrx_word' id='word_1_623' title='bbox 769 4232 863 4287; x_wconf 89' lang='lat' dir='ltr'><strong>sciunt</strong></span> <span class='ocrx_word' id='word_1_624' title='bbox 905 4234 1006 4296; x_wconf 83' lang='lat' dir='ltr'><strong>stehat,</strong></span> <span class='ocrx_word' id='word_1_625' title='bbox 1023 4233 1094 4286; x_wconf 90' lang='lat' dir='ltr'><strong>adeo</strong></span> <span class='ocrx_word' id='word_1_626' title='bbox 1110 4238 1143 4285; x_wconf 92' lang='lat' dir='ltr'><strong>ut</strong></span> <span class='ocrx_word' id='word_1_627' title='bbox 1156 4231 1293 4286; x_wconf 88' lang='lat' dir='ltr'><strong>dormiret</strong></span> <span class='ocrx_word' id='word_1_628' title='bbox 1306 4230 1338 4286; x_wconf 91' lang='lat' dir='ltr'><strong>In</strong></span> <span class='ocrx_word' id='word_1_629' title='bbox 1351 4248 1406 4301; x_wconf 91' lang='lat' dir='ltr'><strong>quo</strong></span> <span class='ocrx_word' id='word_1_630' title='bbox 1418 4231 1583 4302; x_wconf 89' lang='lat' dir='ltr'><strong>patientiam</strong></span> <span class='ocrx_word' id='word_1_631' title='bbox 1595 4232 1643 4285; x_wconf 82' lang='lat' dir='ltr'><strong>viri</strong></span> <span class='ocrx_word' id='word_1_632' title='bbox 1653 4232 1708 4286; x_wconf 85' lang='lat' dir='ltr'><strong>sor·</strong></span> 
     </span>
     <span class='ocr_line' id='line_1_46' title="bbox 75 4317 1709 4392; baseline 0.001 -18"><span class='ocrx_word' id='word_1_633' title='bbox 75 4320 135 4388; x_wconf 88' lang='lat' dir='ltr'><strong>quid</strong></span> <span class='ocrx_word' id='word_1_634' title='bbox 150 4321 266 4374; x_wconf 82' lang='lat' dir='ltr'><strong>iaciunt.</strong></span> <span class='ocrx_word' id='word_1_635' title='bbox 284 4338 298 4373; x_wconf 72' lang='lat' dir='ltr'><strong>a</strong></span> <span class='ocrx_word' id='word_1_636' title='bbox 874 4317 944 4377; x_wconf 91' lang='lat' dir='ltr'><strong>Dtis</strong></span> <span class='ocrx_word' id='word_1_637' title='bbox 959 4326 988 4377; x_wconf 91' lang='lat' dir='ltr'><strong>et</strong></span> <span class='ocrx_word' id='word_1_638' title='bbox 1011 4323 1085 4376; x_wconf 91' lang='lat' dir='ltr'><strong>inter</strong></span> <span class='ocrx_word' id='word_1_639' title='bbox 1106 4338 1250 4392; x_wconf 80' lang='lat' dir='ltr'><strong>prospera.</strong></span> <span class='ocrx_word' id='word_1_640' title='bbox 1265 4326 1293 4375; x_wconf 89' lang='lat' dir='ltr'><strong>et</strong></span> <span class='ocrx_word' id='word_1_641' title='bbox 1312 4320 1387 4375; x_wconf 90' lang='lat' dir='ltr'><strong>iuter</strong></span> <span class='ocrx_word' id='word_1_642' title='bbox 1404 4321 1521 4376; x_wconf 88' lang='lat' dir='ltr'><strong>adversa</strong></span> <span class='ocrx_word' id='word_1_643' title='bbox 1545 4321 1709 4376; x_wconf 86' lang='lat' dir='ltr'><strong>inconcusse</strong></span> 
     </span>
     <span class='ocr_line' id='line_1_47' title="bbox 104 4407 1709 4481; baseline 0.002 -21"><span class='ocrx_word' id='word_1_644' title='bbox 104 4409 162 4463; x_wconf 79' lang='lat' dir='ltr'><strong>«Et</strong></span> <span class='ocrx_word' id='word_1_645' title='bbox 175 4409 321 4463; x_wconf 86' lang='lat' dir='ltr'><strong>descendit</strong></span> <span class='ocrx_word' id='word_1_646' title='bbox 334 4407 363 4462; x_wconf 89' lang='lat' dir='ltr'><strong>iu</strong></span> <span class='ocrx_word' id='word_1_647' title='bbox 377 4409 494 4480; x_wconf 85' lang='lat' dir='ltr'><strong>loppen,</strong></span> <span class='ocrx_word' id='word_1_648' title='bbox 511 4414 539 4462; x_wconf 91' lang='lat' dir='ltr'><strong>et</strong></span> <span class='ocrx_word' id='word_1_649' title='bbox 550 4409 656 4464; x_wconf 89' lang='lat' dir='ltr'><strong>invenit</strong></span> <span class='ocrx_word' id='word_1_650' title='bbox 684 4427 781 4464; x_wconf 83' lang='lat' dir='ltr'><strong>narem</strong></span> <span class='ocrx_word' id='word_1_651' title='bbox 797 4428 866 4465; x_wconf 89' lang='lat' dir='ltr'><strong>eun·</strong></span> <span class='ocrx_word' id='word_1_652' title='bbox 907 4412 1008 4466; x_wconf 86' lang='lat' dir='ltr'><strong>stantis</strong></span> <span class='ocrx_word' id='word_1_653' title='bbox 1024 4411 1148 4465; x_wconf 87' lang='lat' dir='ltr'><strong>ostendit</strong></span> <span class='ocrx_word' id='word_1_654' title='bbox 1174 4411 1270 4465; x_wconf 86' lang='lat' dir='ltr'><strong>Potest</strong></span> <span class='ocrx_word' id='word_1_655' title='bbox 1283 4417 1311 4464; x_wconf 90' lang='lat' dir='ltr'><strong>et</strong></span> <span class='ocrx_word' id='word_1_656' title='bbox 1334 4410 1387 4464; x_wconf 88' lang='lat' dir='ltr'><strong>hoc</strong></span> <span class='ocrx_word' id='word_1_657' title='bbox 1401 4410 1454 4464; x_wconf 92' lang='lat' dir='ltr'><strong>dici</strong></span> <span class='ocrx_word' id='word_1_658' title='bbox 1471 4410 1544 4481; x_wconf 90' lang='lat' dir='ltr'><strong>quod</strong></span> <span class='ocrx_word' id='word_1_659' title='bbox 1569 4411 1659 4464; x_wconf 84' lang='lat' dir='ltr'><strong>scieris</strong></span> <span class='ocrx_word' id='word_1_660' title='bbox 1679 4426 1709 4465; x_wconf 87' lang='lat' dir='ltr'><strong>se</strong></span> 
     </span>
     <span class='ocr_line' id='line_1_48' title="bbox 76 4498 1726 4571; baseline 0.002 -20"><span class='ocrx_word' id='word_1_661' title='bbox 76 4502 124 4551; x_wconf 89' lang='lat' dir='ltr'><strong>tem</strong></span> <span class='ocrx_word' id='word_1_662' title='bbox 136 4498 165 4552; x_wconf 92' lang='lat' dir='ltr'><strong>iu</strong></span> <span class='ocrx_word' id='word_1_663' title='bbox 176 4498 301 4552; x_wconf 80' lang='lat' dir='ltr'><strong>Tharais.</strong></span> <span class='ocrx_word' id='word_1_664' title='bbox 322 4498 432 4569; x_wconf 76' lang='lat' dir='ltr'><strong>»ioppe</strong></span> <span class='ocrx_word' id='word_1_665' title='bbox 447 4504 544 4568; x_wconf 90' lang='lat' dir='ltr'><strong>portus</strong></span> <span class='ocrx_word' id='word_1_666' title='bbox 554 4505 597 4553; x_wconf 89' lang='lat' dir='ltr'><strong>est</strong></span> <span class='ocrx_word' id='word_1_667' title='bbox 610 4499 623 4551; x_wconf 87' lang='lat' dir='ltr'>J</span> <span class='ocrx_word' id='word_1_668' title='bbox 628 4499 721 4559; x_wconf 81' lang='lat' dir='ltr'><strong>udaeae.</strong></span> <span class='ocrx_word' id='word_1_669' title='bbox 738 4500 773 4554; x_wconf 88' lang='lat' dir='ltr'><strong>ad</strong></span> <span class='ocrx_word' id='word_1_670' title='bbox 783 4517 867 4571; x_wconf 90' lang='lat' dir='ltr'><strong>quem</strong></span> <span class='ocrx_word' id='word_1_671' title='bbox 907 4501 1013 4571; x_wconf 80' lang='lat' dir='ltr'><strong>lugere,</strong></span> <span class='ocrx_word' id='word_1_672' title='bbox 1028 4516 1083 4554; x_wconf 88' lang='lat' dir='ltr'><strong>non</strong></span> <span class='ocrx_word' id='word_1_673' title='bbox 1099 4500 1184 4553; x_wconf 89' lang='lat' dir='ltr'><strong>audet</strong></span> <span class='ocrx_word' id='word_1_674' title='bbox 1199 4499 1292 4553; x_wconf 88' lang='lat' dir='ltr'><strong>videre</strong></span> <span class='ocrx_word' id='word_1_675' title='bbox 1305 4500 1406 4554; x_wconf 85' lang='lat' dir='ltr'><strong>ductus</strong></span> <span class='ocrx_word' id='word_1_676' title='bbox 1421 4499 1544 4553; x_wconf 88' lang='lat' dir='ltr'><strong>vindices</strong></span> <span class='ocrx_word' id='word_1_677' title='bbox 1558 4499 1708 4570; x_wconf 83' lang='lat' dir='ltr'><strong>fugaesuae.</strong></span> <span class='ocrx_word' id='word_1_678' title='bbox 1723 4556 1726 4560; x_wconf 73' lang='grc'><em>,</em></span> 
     </span>
     <span class='ocr_line' id='line_1_49' title="bbox 76 4586 1710 4658; baseline 0.001 -18"><span class='ocrx_word' id='word_1_679' title='bbox 76 4586 225 4653; x_wconf 82' lang='lat' dir='ltr'><strong>iliram,rex</strong></span> <span class='ocrx_word' id='word_1_680' title='bbox 234 4587 345 4657; x_wconf 82' lang='lat' dir='ltr'><strong>Tyri,in</strong></span> <span class='ocrx_word' id='word_1_681' title='bbox 356 4586 463 4641; x_wconf 87' lang='lat' dir='ltr'><strong>ratibus</strong></span> <span class='ocrx_word' id='word_1_682' title='bbox 471 4588 547 4657; x_wconf 89' lang='lat' dir='ltr'><strong>ligna</strong></span> <span class='ocrx_word' id='word_1_683' title='bbox 557 4587 591 4642; x_wconf 87' lang='lat' dir='ltr'><strong>de</strong></span> <span class='ocrx_word' id='word_1_684' title='bbox 603 4587 868 4643; x_wconf 86' lang='lat' dir='ltr'><strong>Libanotransfere-</strong></span> <span class='ocrx_word' id='word_1_685' title='bbox 908 4590 971 4645; x_wconf 89' lang='lat' dir='ltr'><strong>Sive</strong></span> <span class='ocrx_word' id='word_1_686' title='bbox 988 4589 1071 4643; x_wconf 76' lang='lat' dir='ltr'><strong>taedio</strong></span> <span class='ocrx_word' id='word_1_687' title='bbox 1086 4590 1203 4643; x_wconf 83' lang='lat' dir='ltr'><strong>allectus</strong></span> <span class='ocrx_word' id='word_1_688' title='bbox 1217 4587 1386 4652; x_wconf 87' lang='lat' dir='ltr'><strong>dormiebat,</strong></span> <span class='ocrx_word' id='word_1_689' title='bbox 1404 4589 1475 4642; x_wconf 90' lang='lat' dir='ltr'><strong>sicut</strong></span> <span class='ocrx_word' id='word_1_690' title='bbox 1485 4594 1513 4642; x_wconf 88' lang='lat' dir='ltr'><strong>et</strong></span> <span class='ocrx_word' id='word_1_691' title='bbox 1522 4588 1663 4658; x_wconf 88' lang='lat' dir='ltr'><strong>apostolos</strong></span> <span class='ocrx_word' id='word_1_692' title='bbox 1679 4588 1710 4642; x_wconf 91' lang='lat' dir='ltr'><strong>in</strong></span> 
     </span>
     <span class='ocr_line' id='line_1_50' title="bbox 75 4673 1706 4751; baseline -0.001 -21"><span class='ocrx_word' id='word_1_693' title='bbox 75 4673 126 4739; x_wconf 81' lang='lat' dir='ltr'><strong>bat,</strong></span> <span class='ocrx_word' id='word_1_694' title='bbox 141 4694 159 4730; x_wconf 85' lang='lat' dir='ltr'><strong>a</strong></span> <span class='ocrx_word' id='word_1_695' title='bbox 169 4694 224 4747; x_wconf 91' lang='lat' dir='ltr'><strong>quo</strong></span> <span class='ocrx_word' id='word_1_696' title='bbox 239 4676 274 4730; x_wconf 88' lang='lat' dir='ltr'><strong>ad</strong></span> <span class='ocrx_word' id='word_1_697' title='bbox 287 4676 461 4730; x_wconf 84' lang='lat' dir='ltr'><strong>Hierusalem</strong></span> <span class='ocrx_word' id='word_1_698' title='bbox 478 4683 590 4731; x_wconf 89' lang='lat' dir='ltr'><strong>terreno</strong></span> <span class='ocrx_word' id='word_1_699' title='bbox 605 4677 704 4731; x_wconf 88' lang='lat' dir='ltr'><strong>itinere</strong></span> <span class='ocrx_word' id='word_1_700' title='bbox 728 4678 864 4749; x_wconf 88' lang='lat' dir='ltr'><strong>perduce-</strong></span> <span class='ocrx_word' id='word_1_701' title='bbox 906 4679 1034 4751; x_wconf 89' lang='lat' dir='ltr'><strong>passione</strong></span> <span class='ocrx_word' id='word_1_702' title='bbox 1045 4678 1156 4732; x_wconf 90' lang='lat' dir='ltr'><strong>Domini</strong></span> <span class='ocrx_word' id='word_1_703' title='bbox 1166 4694 1223 4749; x_wconf 88' lang='lat' dir='ltr'><strong>prae</strong></span> <span class='ocrx_word' id='word_1_704' title='bbox 1235 4676 1349 4731; x_wconf 90' lang='lat' dir='ltr'><strong>tristitia</strong></span> <span class='ocrx_word' id='word_1_705' title='bbox 1359 4693 1457 4730; x_wconf 88' lang='lat' dir='ltr'><strong>somno</strong></span> <span class='ocrx_word' id='word_1_706' title='bbox 1471 4693 1619 4747; x_wconf 89' lang='lat' dir='ltr'><strong>oppressos</strong></span> <span class='ocrx_word' id='word_1_707' title='bbox 1634 4675 1706 4746; x_wconf 87' lang='lat' dir='ltr'><strong>legi-</strong></span> 
     </span>
     <span class='ocr_line' id='line_1_51' title="bbox 76 4762 982 4837; baseline 0.004 -18"><span class='ocrx_word' id='word_1_708' title='bbox 76 4762 178 4819; x_wconf 84' lang='lat' dir='ltr'><strong>bautur.</strong></span> <span class='ocrx_word' id='word_1_709' title='bbox 189 4767 275 4820; x_wconf 84' lang='lat' dir='ltr'><strong>lonas</strong></span> <span class='ocrx_word' id='word_1_710' title='bbox 285 4782 353 4837; x_wconf 91' lang='lat' dir='ltr'><strong>ergo</strong></span> <span class='ocrx_word' id='word_1_711' title='bbox 364 4766 399 4820; x_wconf 92' lang='lat' dir='ltr'><strong>de</strong></span> <span class='ocrx_word' id='word_1_712' title='bbox 415 4767 555 4821; x_wconf 88' lang='lat' dir='ltr'><strong>montanis</strong></span> <span class='ocrx_word' id='word_1_713' title='bbox 570 4767 672 4822; x_wconf 80' lang='lat' dir='ltr'><strong>ludaeae</strong></span> <span class='ocrx_word' id='word_1_714' title='bbox 695 4768 809 4822; x_wconf 91' lang='lat' dir='ltr'><strong>veniens</strong></span> <span class='ocrx_word' id='word_1_715' title='bbox 829 4769 864 4823; x_wconf 92' lang='lat' dir='ltr'><strong>ad</strong></span> <span class='ocrx_word' id='word_1_716' title='bbox 907 4786 982 4823; x_wconf 87' lang='lat' dir='ltr'><strong>mus.</strong></span> 
     </span>
     <span class='ocr_line' id='line_1_52' title="bbox 76 4853 1708 4926; baseline 0.002 -21"><span class='ocrx_word' id='word_1_717' title='bbox 76 4854 211 4909; x_wconf 88' lang='lat' dir='ltr'><strong>maritima</strong></span> <span class='ocrx_word' id='word_1_718' title='bbox 224 4861 253 4910; x_wconf 92' lang='lat' dir='ltr'><strong>et</strong></span> <span class='ocrx_word' id='word_1_719' title='bbox 268 4856 353 4926; x_wconf 88' lang='lat' dir='ltr'><strong>plana</strong></span> <span class='ocrx_word' id='word_1_720' title='bbox 367 4856 436 4921; x_wconf 91' lang='lat' dir='ltr'><strong>loca,</strong></span> <span class='ocrx_word' id='word_1_721' title='bbox 453 4862 528 4909; x_wconf 88' lang='lat' dir='ltr'><strong>recte</strong></span> <span class='ocrx_word' id='word_1_722' title='bbox 550 4856 653 4910; x_wconf 90' lang='lat' dir='ltr'><strong>dicitur</strong></span> <span class='ocrx_word' id='word_1_723' title='bbox 677 4857 864 4914; x_wconf 82' lang='lat' dir='ltr'><strong>descendisse.</strong></span> <span class='ocrx_word' id='word_1_724' title='bbox 946 4879 957 4909; x_wconf 80' lang='lat' dir='ltr'><strong>r</strong></span> <span class='ocrx_word' id='word_1_725' title='bbox 976 4857 1011 4912; x_wconf 88' lang='lat' dir='ltr'><strong>Et</strong></span> <span class='ocrx_word' id='word_1_726' title='bbox 1033 4854 1151 4912; x_wconf 86' lang='lat' dir='ltr'><strong>accessit</strong></span> <span class='ocrx_word' id='word_1_727' title='bbox 1172 4856 1207 4910; x_wconf 92' lang='lat' dir='ltr'><strong>ad</strong></span> <span class='ocrx_word' id='word_1_728' title='bbox 1232 4872 1297 4910; x_wconf 91' lang='lat' dir='ltr'><strong>eum</strong></span> <span class='ocrx_word' id='word_1_729' title='bbox 1326 4853 1508 4925; x_wconf 79' lang='lat' dir='ltr'><strong>guberuator,</strong></span> <span class='ocrx_word' id='word_1_730' title='bbox 1523 4858 1552 4908; x_wconf 89' lang='lat' dir='ltr'><strong>et</strong></span> <span class='ocrx_word' id='word_1_731' title='bbox 1576 4853 1648 4909; x_wconf 86' lang='lat' dir='ltr'><strong>dixit</strong></span> <span class='ocrx_word' id='word_1_732' title='bbox 1662 4854 1708 4909; x_wconf 87' lang='lat' dir='ltr'><strong>ei:</strong></span> 
     </span>
     <span class='ocr_line' id='line_1_53' title="bbox 77 4942 1708 5016; baseline 0.003 -22"><span class='ocrx_word' id='word_1_733' title='bbox 77 4960 90 4993; x_wconf 81' lang='lat' dir='ltr'><strong>r</strong></span> <span class='ocrx_word' id='word_1_734' title='bbox 107 4943 139 4997; x_wconf 89' lang='lat' dir='ltr'><strong>Et</strong></span> <span class='ocrx_word' id='word_1_735' title='bbox 148 4944 227 4998; x_wconf 89' lang='lat' dir='ltr'><strong>dedit</strong></span> <span class='ocrx_word' id='word_1_736' title='bbox 239 4945 357 4998; x_wconf 87' lang='lat' dir='ltr'><strong>naulum</strong></span> <span class='ocrx_word' id='word_1_737' title='bbox 370 4944 420 5008; x_wconf 92' lang='lat' dir='ltr'><strong>eis,</strong></span> <span class='ocrx_word' id='word_1_738' title='bbox 439 4950 469 4998; x_wconf 88' lang='lat' dir='ltr'><strong>et</strong></span> <span class='ocrx_word' id='word_1_739' title='bbox 482 4944 627 5000; x_wconf 88' lang='lat' dir='ltr'><strong>descendit</strong></span> <span class='ocrx_word' id='word_1_740' title='bbox 641 4946 669 5000; x_wconf 94' lang='lat' dir='ltr'><strong>in</strong></span> <span class='ocrx_word' id='word_1_741' title='bbox 681 4963 752 5013; x_wconf 87' lang='lat' dir='ltr'><strong>eam,</strong></span> <span class='ocrx_word' id='word_1_742' title='bbox 769 4953 801 5001; x_wconf 93' lang='lat' dir='ltr'><strong>ut</strong></span> <span class='ocrx_word' id='word_1_743' title='bbox 814 4947 869 5001; x_wconf 92' lang='lat' dir='ltr'><strong>iret</strong></span> <span class='ocrx_word' id='word_1_744' title='bbox 908 4944 980 5010; x_wconf 89' lang='lat' dir='ltr'><strong>Quid</strong></span> <span class='ocrx_word' id='word_1_745' title='bbox 997 4951 1028 4998; x_wconf 89' lang='lat' dir='ltr'><strong>tu</strong></span> <span class='ocrx_word' id='word_1_746' title='bbox 1054 4961 1152 5016; x_wconf 90' lang='lat' dir='ltr'><strong>sopore</strong></span> <span class='ocrx_word' id='word_1_747' title='bbox 1169 4942 1357 5013; x_wconf 80' lang='lat' dir='ltr'><strong>deprimeris?</strong></span> <span class='ocrx_word' id='word_1_748' title='bbox 1371 4943 1471 5013; x_wconf 83' lang='lat' dir='ltr'><strong>Surge,</strong></span> <span class='ocrx_word' id='word_1_749' title='bbox 1492 4942 1590 4998; x_wconf 90' lang='lat' dir='ltr'><strong>invoca</strong></span> <span class='ocrx_word' id='word_1_750' title='bbox 1617 4945 1708 5000; x_wconf 89' lang='lat' dir='ltr'><strong>Deum</strong></span> 
     </span>
     <span class='ocr_line' id='line_1_54' title="bbox 77 5031 1712 5105; baseline 0.002 -20"><span class='ocrx_word' id='word_1_751' title='bbox 77 5046 132 5086; x_wconf 84' lang='lat' dir='ltr'><strong>cum</strong></span> <span class='ocrx_word' id='word_1_752' title='bbox 146 5033 185 5087; x_wconf 89' lang='lat' dir='ltr'><strong>eis</strong></span> <span class='ocrx_word' id='word_1_753' title='bbox 199 5033 228 5087; x_wconf 90' lang='lat' dir='ltr'><strong>iu</strong></span> <span class='ocrx_word' id='word_1_754' title='bbox 242 5033 358 5088; x_wconf 81' lang='lat' dir='ltr'><strong>Tharais</strong></span> <span class='ocrx_word' id='word_1_755' title='bbox 372 5050 388 5087; x_wconf 90' lang='lat' dir='ltr'><strong>a</strong></span> <span class='ocrx_word' id='word_1_756' title='bbox 410 5033 480 5088; x_wconf 86' lang='lat' dir='ltr'><strong>lacie</strong></span> <span class='ocrx_word' id='word_1_757' title='bbox 492 5034 614 5100; x_wconf 88' lang='lat' dir='ltr'><strong>Domini,</strong></span> <span class='ocrx_word' id='word_1_758' title='bbox 631 5056 642 5087; x_wconf 77' lang='lat' dir='ltr'><strong>r</strong></span> <span class='ocrx_word' id='word_1_759' title='bbox 657 5034 684 5089; x_wconf 93' lang='lat' dir='ltr'><strong>id</strong></span> <span class='ocrx_word' id='word_1_760' title='bbox 700 5042 743 5090; x_wconf 93' lang='lat' dir='ltr'><strong>est</strong></span> <span class='ocrx_word' id='word_1_761' title='bbox 762 5054 868 5092; x_wconf 89' lang='lat' dir='ltr'><strong>merce·</strong></span> <span class='ocrx_word' id='word_1_762' title='bbox 908 5045 999 5097; x_wconf 89' lang='lat' dir='ltr'><strong>tuum,</strong></span> <span class='ocrx_word' id='word_1_763' title='bbox 1013 5034 1036 5088; x_wconf 88' lang='lat' dir='ltr'><strong>si</strong></span> <span class='ocrx_word' id='word_1_764' title='bbox 1052 5034 1121 5088; x_wconf 81' lang='lat' dir='ltr'><strong>forte</strong></span> <span class='ocrx_word' id='word_1_765' title='bbox 1137 5032 1272 5102; x_wconf 87' lang='lat' dir='ltr'><strong>recogitet</strong></span> <span class='ocrx_word' id='word_1_766' title='bbox 1281 5032 1355 5085; x_wconf 93' lang='lat' dir='ltr'><strong>Deus</strong></span> <span class='ocrx_word' id='word_1_767' title='bbox 1364 5032 1399 5086; x_wconf 90' lang='lat' dir='ltr'><strong>de</strong></span> <span class='ocrx_word' id='word_1_768' title='bbox 1411 5031 1501 5096; x_wconf 90' lang='lat' dir='ltr'><strong>uobis,</strong></span> <span class='ocrx_word' id='word_1_769' title='bbox 1509 5039 1538 5087; x_wconf 90' lang='lat' dir='ltr'><strong>et</strong></span> <span class='ocrx_word' id='word_1_770' title='bbox 1549 5049 1603 5089; x_wconf 91' lang='lat' dir='ltr'><strong>non</strong></span> <span class='ocrx_word' id='word_1_771' title='bbox 1615 5050 1712 5105; x_wconf 86' lang='lat' dir='ltr'><strong>perea-</strong></span> 
     </span>
     <span class='ocr_line' id='line_1_55' title="bbox 77 5119 1712 5193; baseline 0.003 -21"><span class='ocrx_word' id='word_1_772' title='bbox 77 5119 132 5175; x_wconf 88' lang='lat' dir='ltr'><strong>dem</strong></span> <span class='ocrx_word' id='word_1_773' title='bbox 146 5122 344 5177; x_wconf 87' lang='lat' dir='ltr'><strong>subvectionis.</strong></span> <span class='ocrx_word' id='word_1_774' title='bbox 360 5122 543 5178; x_wconf 89' lang='lat' dir='ltr'><strong>Descendisse</strong></span> <span class='ocrx_word' id='word_1_775' title='bbox 555 5128 649 5177; x_wconf 85' lang='lat' dir='ltr'><strong>autem</strong></span> <span class='ocrx_word' id='word_1_776' title='bbox 664 5124 768 5179; x_wconf 86' lang='lat' dir='ltr'><strong>dicitur</strong></span> <span class='ocrx_word' id='word_1_777' title='bbox 781 5125 809 5180; x_wconf 90' lang='lat' dir='ltr'><strong>in</strong></span> <span class='ocrx_word' id='word_1_778' title='bbox 820 5143 869 5180; x_wconf 91' lang='lat' dir='ltr'><strong>na·</strong></span> <span class='ocrx_word' id='word_1_779' title='bbox 912 5140 984 5177; x_wconf 82' lang='lat' dir='ltr'><strong>mua.</strong></span> <span class='ocrx_word' id='word_1_780' title='bbox 1002 5144 1016 5175; x_wconf 79' lang='lat' dir='ltr'><strong>n</strong></span> <span class='ocrx_word' id='word_1_781' title='bbox 1033 5122 1168 5177; x_wconf 86' lang='lat' dir='ltr'><strong>Naturale</strong></span> <span class='ocrx_word' id='word_1_782' title='bbox 1184 5128 1225 5174; x_wconf 86' lang='lat' dir='ltr'><strong>est</strong></span> <span class='ocrx_word' id='word_1_783' title='bbox 1242 5137 1473 5191; x_wconf 88' lang='lat' dir='ltr'><strong>unumquemque</strong></span> <span class='ocrx_word' id='word_1_784' title='bbox 1487 5121 1517 5175; x_wconf 90' lang='lat' dir='ltr'><strong>in</strong></span> <span class='ocrx_word' id='word_1_785' title='bbox 1532 5122 1662 5193; x_wconf 87' lang='lat' dir='ltr'><strong>periculis</strong></span> <span class='ocrx_word' id='word_1_786' title='bbox 1677 5123 1712 5177; x_wconf 92' lang='lat' dir='ltr'><strong>de</strong></span> 
     </span>
     <span class='ocr_line' id='line_1_56' title="bbox 77 5209 1711 5283; baseline 0.002 -20"><span class='ocrx_word' id='word_1_787' title='bbox 77 5224 140 5274; x_wconf 81' lang='lat' dir='ltr'><strong>vem,</strong></span> <span class='ocrx_word' id='word_1_788' title='bbox 155 5217 187 5265; x_wconf 88' lang='lat' dir='ltr'><strong>ut</strong></span> <span class='ocrx_word' id='word_1_789' title='bbox 201 5211 378 5275; x_wconf 84' lang='lat' dir='ltr'><strong>ostendatur,</strong></span> <span class='ocrx_word' id='word_1_790' title='bbox 395 5213 461 5283; x_wconf 91' lang='lat' dir='ltr'><strong>quia</strong></span> <span class='ocrx_word' id='word_1_791' title='bbox 487 5212 558 5266; x_wconf 87' lang='lat' dir='ltr'><strong>sicut</strong></span> <span class='ocrx_word' id='word_1_792' title='bbox 579 5211 712 5283; x_wconf 86' lang='lat' dir='ltr'><strong>lugitivus</strong></span> <span class='ocrx_word' id='word_1_793' title='bbox 741 5214 776 5268; x_wconf 90' lang='lat' dir='ltr'><strong>ad</strong></span> <span class='ocrx_word' id='word_1_794' title='bbox 795 5215 870 5270; x_wconf 90' lang='lat' dir='ltr'><strong>inte·</strong></span> <span class='ocrx_word' id='word_1_795' title='bbox 909 5213 964 5266; x_wconf 91' lang='lat' dir='ltr'><strong>alio</strong></span> <span class='ocrx_word' id='word_1_796' title='bbox 976 5212 1037 5283; x_wconf 90' lang='lat' dir='ltr'><strong>plus</strong></span> <span class='ocrx_word' id='word_1_797' title='bbox 1054 5228 1176 5282; x_wconf 87' lang='lat' dir='ltr'><strong>sperare.</strong></span> <span class='ocrx_word' id='word_1_798' title='bbox 1191 5209 1460 5280; x_wconf 86' lang='lat' dir='ltr'><strong>Undegubernator,</strong></span> <span class='ocrx_word' id='word_1_799' title='bbox 1472 5210 1519 5280; x_wconf 92' lang='lat' dir='ltr'><strong>qui</strong></span> <span class='ocrx_word' id='word_1_800' title='bbox 1531 5210 1711 5266; x_wconf 86' lang='lat' dir='ltr'><strong>alioscouso-</strong></span> 
     </span>
     <span class='ocr_line' id='line_1_57' title="bbox 78 5298 1711 5374; baseline 0.002 -23"><span class='ocrx_word' id='word_1_801' title='bbox 78 5298 144 5354; x_wconf 83' lang='lat' dir='ltr'><strong>riora</strong></span> <span class='ocrx_word' id='word_1_802' title='bbox 155 5301 235 5355; x_wconf 86' lang='lat' dir='ltr'><strong>navis</strong></span> <span class='ocrx_word' id='word_1_803' title='bbox 250 5306 388 5372; x_wconf 80' lang='lat' dir='ltr'><strong>penetrat.</strong></span> <span class='ocrx_word' id='word_1_804' title='bbox 406 5301 528 5355; x_wconf 85' lang='lat' dir='ltr'><strong>latebras</strong></span> <span class='ocrx_word' id='word_1_805' title='bbox 542 5318 678 5371; x_wconf 87' lang='lat' dir='ltr'><strong>quaerens.</strong></span> <span class='ocrx_word' id='word_1_806' title='bbox 696 5304 868 5374; x_wconf 88' lang='lat' dir='ltr'><strong>Interpreta-</strong></span> <span class='ocrx_word' id='word_1_807' title='bbox 910 5301 962 5356; x_wconf 88' lang='lat' dir='ltr'><strong>lari</strong></span> <span class='ocrx_word' id='word_1_808' title='bbox 973 5298 1229 5366; x_wconf 78' lang='lat' dir='ltr'><strong>debuerat,ercitat</strong></span> <span class='ocrx_word' id='word_1_809' title='bbox 1238 5299 1424 5354; x_wconf 89' lang='lat' dir='ltr'><strong>dormientem</strong></span> <span class='ocrx_word' id='word_1_810' title='bbox 1436 5301 1547 5362; x_wconf 88' lang='lat' dir='ltr'><strong>lunam,</strong></span> <span class='ocrx_word' id='word_1_811' title='bbox 1559 5304 1592 5355; x_wconf 90' lang='lat' dir='ltr'><strong>ut</strong></span> <span class='ocrx_word' id='word_1_812' title='bbox 1602 5300 1711 5356; x_wconf 90' lang='lat' dir='ltr'><strong>invoca·</strong></span> 
     </span>
     <span class='ocr_line' id='line_1_58' title="bbox 78 5389 1709 5461; baseline 0.002 -21"><span class='ocrx_word' id='word_1_813' title='bbox 78 5392 118 5441; x_wconf 91' lang='lat' dir='ltr'><strong>tur</strong></span> <span class='ocrx_word' id='word_1_814' title='bbox 139 5390 255 5445; x_wconf 82' lang='lat' dir='ltr'><strong>Tharais</strong></span> <span class='ocrx_word' id='word_1_815' title='bbox 272 5392 465 5458; x_wconf 76' lang='lat' dir='ltr'><strong>contemplatio</strong></span> <span class='ocrx_word' id='word_1_816' title='bbox 493 5392 600 5458; x_wconf 69' lang='lat' dir='ltr'><strong>gaudii,</strong></span> <span class='ocrx_word' id='word_1_817' title='bbox 635 5391 723 5461; x_wconf 80' lang='lat' dir='ltr'><strong>ioppe</strong></span> <span class='ocrx_word' id='word_1_818' title='bbox 744 5394 871 5460; x_wconf 83' lang='lat' dir='ltr'><strong>speciosa.</strong></span> <span class='ocrx_word' id='word_1_819' title='bbox 914 5397 958 5446; x_wconf 87' lang='lat' dir='ltr'><strong>ret</strong></span> <span class='ocrx_word' id='word_1_820' title='bbox 984 5389 1138 5445; x_wconf 85' lang='lat' dir='ltr'><strong>Deum:et</strong></span> <span class='ocrx_word' id='word_1_821' title='bbox 1161 5407 1281 5460; x_wconf 89' lang='lat' dir='ltr'><strong>quorum</strong></span> <span class='ocrx_word' id='word_1_822' title='bbox 1299 5397 1360 5444; x_wconf 85' lang='lat' dir='ltr'><strong>erat</strong></span> <span class='ocrx_word' id='word_1_823' title='bbox 1380 5389 1709 5460; x_wconf 88' lang='lat' dir='ltr'><strong>commuuepericulum,</strong></span> 
     </span>
     <span class='ocr_line' id='line_1_59' title="bbox 79 5474 1711 5550; baseline 0.001 -20"><span class='ocrx_word' id='word_1_824' title='bbox 79 5474 188 5549; x_wconf 79' lang='lat' dir='ltr'><strong>Mystice</strong></span> <span class='ocrx_word' id='word_1_825' title='bbox 200 5485 300 5534; x_wconf 90' lang='lat' dir='ltr'><strong>autem</strong></span> <span class='ocrx_word' id='word_1_826' title='bbox 312 5479 395 5533; x_wconf 90' lang='lat' dir='ltr'><strong>lonas</strong></span> <span class='ocrx_word' id='word_1_827' title='bbox 404 5479 442 5545; x_wconf 84' lang='lat' dir='ltr'><strong>(id</strong></span> <span class='ocrx_word' id='word_1_828' title='bbox 456 5484 508 5544; x_wconf 92' lang='lat' dir='ltr'><strong>est,</strong></span> <span class='ocrx_word' id='word_1_829' title='bbox 521 5479 670 5545; x_wconf 78' lang='lat' dir='ltr'><strong>Christus),</strong></span> <span class='ocrx_word' id='word_1_830' title='bbox 685 5479 875 5538; x_wconf 89' lang='lat' dir='ltr'><strong>relictismon-</strong></span> <span class='ocrx_word' id='word_1_831' title='bbox 914 5478 1071 5535; x_wconf 89' lang='lat' dir='ltr'><strong>communis</strong></span> <span class='ocrx_word' id='word_1_832' title='bbox 1086 5485 1160 5533; x_wconf 90' lang='lat' dir='ltr'><strong>esset</strong></span> <span class='ocrx_word' id='word_1_833' title='bbox 1169 5479 1259 5534; x_wconf 92' lang='lat' dir='ltr'><strong>oratio</strong></span> <span class='ocrx_word' id='word_1_834' title='bbox 1280 5477 1460 5550; x_wconf 87' lang='lat' dir='ltr'><strong>Tropologice</strong></span> <span class='ocrx_word' id='word_1_835' title='bbox 1470 5478 1618 5550; x_wconf 83' lang='lat' dir='ltr'><strong>significat,</strong></span> <span class='ocrx_word' id='word_1_836' title='bbox 1634 5484 1711 5533; x_wconf 85' lang='lat' dir='ltr'><strong>aute·</strong></span> 
     </span>
    </p>
   </div>
   <div class='ocr_carea' id='block_1_3' title="bbox 79 5567 1711 5645">
    <p class='ocr_par' dir='ltr' id='par_1_3' title="bbox 79 5567 1711 5645">
     <span class='ocr_line' id='line_1_60' title="bbox 79 5567 1711 5645; baseline -0.002 -22"><span class='ocrx_word' id='word_1_837' title='bbox 79 5567 310 5639; x_wconf 62' lang='lat' dir='ltr'><strong>insumendis</strong></span> <span class='ocrx_word' id='word_1_838' title='bbox 321 5567 477 5641; x_wconf 84' lang='lat' dir='ltr'><strong>inloppeu,</strong></span> <span class='ocrx_word' id='word_1_839' title='bbox 493 5568 560 5642; x_wconf 84' lang='lat' dir='ltr'><strong>quia</strong></span> <span class='ocrx_word' id='word_1_840' title='bbox 570 5585 635 5625; x_wconf 90' lang='lat' dir='ltr'><strong>cum</strong></span> <span class='ocrx_word' id='word_1_841' title='bbox 647 5585 712 5625; x_wconf 87' lang='lat' dir='ltr'><strong>eum</strong></span> <span class='ocrx_word' id='word_1_842' title='bbox 721 5585 876 5645; x_wconf 87' lang='lat' dir='ltr'><strong>perseque-</strong></span> <span class='ocrx_word' id='word_1_843' title='bbox 916 5585 1002 5642; x_wconf 91' lang='lat' dir='ltr'><strong>quam</strong></span> <span class='ocrx_word' id='word_1_844' title='bbox 1025 5567 1154 5625; x_wconf 82' lang='lat' dir='ltr'><strong>Christus</strong></span> <span class='ocrx_word' id='word_1_845' title='bbox 1172 5574 1327 5642; x_wconf 85' lang='lat' dir='ltr'><strong>pateretur,</strong></span> <span class='ocrx_word' id='word_1_846' title='bbox 1344 5567 1447 5624; x_wconf 87' lang='lat' dir='ltr'><strong>multos</strong></span> <span class='ocrx_word' id='word_1_847' title='bbox 1470 5568 1538 5623; x_wconf 82' lang='lat' dir='ltr'><strong>deos</strong></span> <span class='ocrx_word' id='word_1_848' title='bbox 1548 5568 1711 5623; x_wconf 84' lang='lat' dir='ltr'><strong>adoratosa</strong></span> 
     </span>
    </p>
   </div>
   <div class='ocr_carea' id='block_1_4' title="bbox 0 0 1945 6100">
    <p class='ocr_par' dir='ltr' id='par_1_4' title="bbox 0 0 1945 6100">
     <span class='ocr_line' id='line_1_61' title="bbox 0 0 1945 6100; baseline 0 0"><span class='ocrx_word' id='word_1_849' title='bbox 0 0 1945 6100; x_wconf 95' lang='lat' dir='ltr'><strong> </strong></span> 
     </span>
    </p>
   </div>
  </div>
 </body>
</html>
