3818 6104
350 272 542 332 mostrro
560 274 600 331 IN
618 274 696 331 EPP.
717 274 746 329 8.
766 273 887 330 PAULI.
907 303 941 319 -
959 275 1001 332 IN
1019 276 1132 335 EPIST.
1151 277 1200 335 AD
1218 277 1327 337 HEBB.
1603 286 1659 349 834

109 395 214 453 dientia
222 403 320 453 contra
328 397 408 454 illum
420 416 580 455 sermonem
590 405 702 473 patrata
715 400 928 472 accepitAvcro
941 400 1096 473 subiungit,
1112 403 1234 475 Spiritus
1248 406 1339 461 sancti
1353 406 1607 481 distributionibus,
1618 412 1659 468 ai·

109 500 127 540 n
150 485 344 543 retributionis
369 490 537 556 mercedem,
553 490 692 561 judicium
713 490 820 544 scilicet
860 490 1007 545 fluentiam
1016 491 1419 567 signiticatgratiarum,quam
1430 514 1487 552 non
1498 498 1659 557 habueruut

109 588 133 629 ae
145 575 344 637 damnationis,
358 578 430 631 sieut
439 578 681 650 illiscontigit,qui
694 595 819 633 rnurmu·
859 585 953 648 patres
971 578 1083 634 Veteris
1096 580 1280 647 Testamenti,
1292 601 1354 655 quse
1363 585 1418 640 fuit
1431 587 1498 642 data
1509 594 1658 661 postquam

131 662 293 719 obedientes
320 665 496 721 exstiterunt.
526 668 687 722 Notandum
721 675 815 721 antem
856 666 1398 734 glorificatusestDomiuuslesusteste
1412 674 1597 746 evangelista,
1610 677 1659 748 qui

109 767 163 807 urm
172 768 280 808 merces
290 753 320 808 in
333 753 434 808 bonam
444 762 553 825 partem
566 756 687 810 maxime
698 756 815 827 accipis·
856 754 941 807 dicit:
958 756 1089 809 ricinium
1097 762 1156 810 erut
1163 757 1289 828 Spiritus
1296 761 1459 831 deterseris
1468 766 1661 834 nondumfue·

109 856 129 897 a
141 858 193 913 pro
205 843 279 897 malo
290 843 384 915 posuit
396 845 547 916 Apostolus
562 861 639 900 more
653 845 745 910 solito,
758 862 813 900 non
855 845 1161 911 rotiesusoloristcatus
1171 848 1325 917 ileonvn).
1339 849 1658 909 lstesuntdistributio·

109 930 163 986 sde
170 931 391 1003 proprietatibus
397 933 609 995 verborum‚sed
620 928 814 989 indifferenier
854 946 904 984 nes
912 947 962 985 seu
971 931 1122 987 divisiones
1129 937 1355 1006 quasApostolus
1365 938 1456 994 alioin
1468 939 1656 998 lococomme·

127 1035 180 1091 pro
194 1021 283 1076 altero
297 1037 415 1093 ponens,
442 1022 515 1076 sicut
535 1023 582 1077 hic
600 1023 758 1078 mercedem
783 1024 814 1079 in
854 1018 1056 1083 morot‚dicens
1070 1023 1145 1076 :Atii
1156 1024 1657 1101 deturperSpiriturnsermoropisn·

126 1113 156 1163 et
169 1108 236 1162 alibi
263 1110 454 1181 captivitatem
477 1111 508 1165 in
529 1110 614 1176 bono,
625 1110 673 1167 ubi
695 1111 764 1166 dicit
776 1113 815 1178 (ll
856 1109 910 1172 tte,
927 1110 981 1162 ciii
993 1114 1210 1166 sermoseientia
1221 1113 1312 1180 nider.
1324 1118 1382 1182 xri),
1398 1121 1463 1183 etc,
1480 1134 1542 1188 quae
1559 1119 1588 1175 in
1608 1136 1654 1175 se·

109 1206 134 1259 i:
146 1198 181 1251 ln
196 1201 393 1266 captivitatem,
404 1199 522 1270 redigite
533 1216 642 1254 ornnem
655 1215 769 1254 sensum
779 1199 815 1253 ad
856 1194 1008 1266 questibus
1019 1205 1177 1265 enumerat,
1185 1215 1276 1271 usque
1285 1201 1353 1257 dum
1362 1202 1517 1277 subjungit:
1527 1209 1589 1263 Hero
1598 1225 1655 1264 om·

109 1284 203 1341 indum
216 1286 336 1341 Christo.
345 1287 425 1341 Facit
433 1303 500 1357 ergo
508 1288 660 1358 Apostolus
670 1304 814 1359 compara·
856 1287 905 1338 nia
915 1290 1218 1356 operaturunasatque
1233 1289 1307 1344 idem
1315 1291 1449 1359 Spiritus,
1462 1296 1654 1352 diuiderusin·

109 1388 119 1428 r
134 1389 154 1428 a
164 1390 294 1429 sermone
308 1374 377 1446 legis
389 1375 437 1446 qui
455 1391 506 1446 per
514 1376 646 1446 angelum
660 1375 762 1441 dictus,
777 1376 812 1430 ad
853 1377 928 1440 oali‘s
942 1377 1212 1448 proceleumatici),
1227 1378 1302 1433 unde
1316 1385 1345 1433 et
1359 1379 1404 1433 hic
1413 1380 1490 1449 dicit,
1501 1387 1653 1440 secundum

109 1480 137 1519 m
150 1465 294 1537 Evangelii
320 1482 370 1537 per
384 1466 487 1520 Filium
509 1467 615 1535 datam,
631 1472 660 1521 et
671 1467 762 1522 dicit:
784 1467 814 1523 Si
853 1478 935 1516 suurn
960 1466 1139 1519 saturitatem·
1163 1465 1269 1522 Divina
1298 1467 1374 1522 enim
1402 1470 1541 1526 voluntati
1568 1478 1654 1544 atque

109 1568 197 1609 sermo
209 1554 278 1624 legis
294 1570 344 1626 per
358 1555 490 1625 angelum
504 1555 605 1622 dictus,
621 1572 704 1610 verus
722 1562 765 1610 εει
782 1556 812 1610 in
853 1551 969 1607 consilio
983 1557 1084 1606 cuneta
1094 1552 1205 1620 tribuit,
1216 1571 1251 1609 ne
1261 1555 1324 1626 quis
1333 1556 1363 1611 in
1377 1557 1436 1612 suis
1450 1557 1654 1616 meritisconfl·

109 1657 146 1698 mo
158 1659 220 1714 quae
233 1643 364 1714 promisit
382 1643 472 1711 bonis,
487 1645 530 1699 vol
545 1661 608 1715 quae
626 1645 750 1700 minatus
768 1651 812 1700 ost
852 1639 939 1693 deret.
951 1641 1015 1711 lpse
1029 1640 1151 1711 Spiritus
1167 1648 1280 1699 sanctus
1299 1645 1377 1700 novit
1389 1647 1457 1717 quid
1472 1648 1573 1720 cuique
1588 1665 1653 1720 pro·

109 1738 217 1804 quanto
227 1732 380 1802 nragiserit
390 1733 489 1788 firmus
499 1750 593 1788 sermo
603 1734 746 1804 Evangelii
759 1727 897 1810 dapib
913 1728 956 1782 iel
970 1728 1036 1799 quid
1051 1729 1152 1800 cuique
1166 1731 1204 1785 Sit
1218 1734 1408 1790 commodum.

109 1819 292 1875 rFiliumtEt
301 1821 326 1875 si
335 1821 431 1892 illiqui
441 1822 634 1877 inobedientes
642 1824 811 1877 exstiterunt
887 1817 949 1871 Non
962 1819 1037 1871 enim
1048 1822 1153 1886 anoctis
1162 1821 1276 1888 subjecit
1290 1823 1361 1876 Deus
1375 1824 1468 1879 orbem
1481 1829 1561 1879 terra
1572 1826 1651 1893 suta

109 1910 293 1965 rmnatiouem
304 1911 402 1965 eterni
409 1911 572 1982 iudiciinon
582 1918 737 1983 potuerunt
745 1928 810 1966 eva·
851 1906 1651 1981 Γνιηεᾶθιῑιθ1011111111ιῆᾹᾶθᾶ(ιῦθιῦβθήῦθᾶίῐίῑῦθῦω

109 2000 240 2068 promocio
249 2015 299 2053 nos
308 2000 633 2067 effueiernusoindietanv
645 2001 702 2066 Ilei,
713 2003 738 2054 si
751 2005 811 2056 tan·
851 1993 964 2048 Patrem
977 1993 1081 2049 dixisse
1091 1994 1161 2049 Filio
1176 2014 1182 2046 z
1195 1996 1261 2052 Sede
1272 2014 1291 2052 o
1305 1998 1410 2053 destris
1424 2002 1491 2054 meis
1502 2001 1586 2056 donec
1598 2018 1653 2072 po-

109 2090 427 2156 sptreerimussututern,
444 2088 529 2143 fidem
544 2088 651 2143 scilicet
665 2087 810 2160 Evangelii
852 2097 919 2136 nam
935 2084 1062 2137 inimicos
1075 2088 1136 2139 tuos
1149 2085 1300 2141 scabeilum
1316 2087 1419 2156 pedum
1434 2092 1549 2144 tuorum
1565 2089 1648 2162 (Psoi.

109 2192 156 2248 pua
167 2180 301 2231 aternam
316 2181 375 2230 tam
388 2193 529 2248 magnam,
542 2182 639 2246 utpote
650 2193 700 2248 per
709 2177 810 2233 Filium
852 2169 916 2241 cix),
928 2171 1049 2241 pertinet
1063 2172 1115 2226 hoo
1129 2173 1204 2243 quod
1216 2174 1299 2228 modo
1322 2174 1399 2230 dicit.
1424 2175 1528 2232 Orbem
1554 2184 1650 2235 autem

109 2265 306 2320 annuntiatam
331 2270 416 2336 atque
440 2265 632 2338 promissam?
660 2265 810 2331 Subaudis,
852 2260 1651 2339 futurumappellathominesbabitantesinorbadequi·

109 2354 203 2409 modo,
223 2355 275 2409 His
292 2354 384 2409 verbis
404 2354 567 2409 manifestat
585 2355 736 2426 Apostolus
754 2371 811 2410 non
851 2347 904 2403 bus
918 2355 986 2403 tunc
997 2350 1133 2421 temporis
1142 2350 1269 2407 futurum
1280 2358 1343 2407 erat
1352 2357 1384 2408 ut
1396 2353 1426 2408 in
1436 2355 1581 2413 Christum
1591 2372 1651 2412 cre·

119 2446 229 2498 tantam
244 2443 364 2498 salutem
378 2443 408 2497 in
423 2443 495 2513 iege,
504 2448 609 2513 quanto
624 2449 668 2498 est
677 2444 708 2499 in
723 2445 811 2498 Evan-
851 2438 960 2505 darent,
976 2439 1020 2493 vel
1035 2439 1070 2494 de
1082 2455 1201 2510 quorum
1211 2442 1304 2497 salute
1318 2443 1481 2513 praedictum
1496 2450 1540 2500 est
1553 2462 1570 2499 a
1583 2461 1650 2518 pro·

115 2530 173 2586 Lex
186 2531 260 2584 enim
269 2530 451 2602 promittebat
460 2537 576 2596 serram,
593 2532 688 2587 dicens
703 2550 708 2585 :
726 2532 755 2587 si
762 2549 810 2587 vo·
851 2526 944 2597 phetis
957 2527 1031 2597 quod
1045 2527 1143 2582 futura
1151 2535 1233 2583 esset.
1243 2530 1316 2595 Non,
1330 2529 1434 2601 iuquit,
1449 2532 1559 2601 angelis
1581 2532 1649 2589 sub·

109 2635 123 2674 s
145 2624 176 2674 et
188 2619 335 2673 audieritis
353 2636 410 2687 me,
429 2618 503 2674 bona
522 2626 605 2676 terra
632 2620 809 2675 comedetis:
848 2615 918 2684 jecit
927 2616 1001 2670 Deus
1009 2616 1093 2670 Pater
1102 2615 1197 2671 orbem
1210 2617 1485 2690 crediturumdequo
1494 2621 1647 2692 loquimur,

109 2705 195 2762 elium
210 2712 304 2762 autem
319 2706 460 2779 promittit
477 2709 589 2775 coelum,
610 2708 727 2763 dicens:
754 2712 810 2764 Pa·
851 2703 969 2758 dicendo
982 2720 1015 2759 ex
1030 2721 1150 2775 persam
1174 2704 1224 2760 Dei
1239 2706 1331 2761 Patris
1353 2707 1390 2761 ad
1404 2707 1516 2776 Filium,
1540 2725 1647 2779 ponem

109 2798 164 2851 iam
177 2799 258 2864 (ro-ite,
270 2798 504 2865 appropinquabit
518 2799 594 2851 enim
605 2802 811 2866 reonumooeio.
851 2793 981 2846 inimicos
996 2797 1056 2847 ittet
1069 2794 1219 2848 scabellum
1243 2794 1346 2863 pedum
1362 2800 1486 2861 tuorum,
1501 2796 1551 2851 sed
1576 2797 1648 2853 Filio

109 2885 253 2943 Uettieni).
265 2884 316 2938 Illa
324 2883 475 2955 praestabat
485 2884 635 2939 vindictam
646 2885 680 2939 de
690 2885 810 2940 terrenis
851 2896 902 2935 suo
914 2881 1030 2936 tradidit
1041 2881 1130 2948 illum,
1140 2881 1185 2936 cui
1196 2882 1256 2953 ipse
1270 2882 1339 2937 dicit
1353 2883 1384 2937 in
1397 2884 1506 2953 psalmo
1517 2898 1523 2933 :
1534 2887 1648 2942 Postula

109 2988 150 3037 us,
160 2972 236 3027 istud
243 2978 359 3044 prestat
369 2972 403 3026 de
415 2972 598 3045 spiritalibus
608 2973 656 3027 illa
662 2974 810 3045 promitte·
850 2986 868 3023 u
881 2986 931 3032 rna,
947 2975 973 3024 et
986 2971 1055 3024 dubo
1071 2971 1121 3024 tibi
1129 2975 1220 3038 oerttes
1230 2970 1417 3025 hereditatem
1428 2973 1647 3045 tuantiPsainl).

109 3077 158 3117 am
168 3061 323 3131 longaevam
336 3062 540 3132 temporalem:
557 3062 810 3132 Evangeliumcon-
851 3057 931 3111 Unde
946 3062 975 3111 et
988 3057 1049 3129 ipse
1063 3057 1151 3113 Filius
1164 3059 1364 3130 congratulans
1379 3057 1431 3113 sibi
1440 3060 1578 3117 traditum
1601 3077 1649 3117 or·

110 3151 181 3205 itam
192 3150 253 3204 sine
262 3150 318 3204 line
328 3150 808 3218 mansumm.0uae,subaudissalus,
850 3144 915 3200 bem
929 3145 1112 3214 crediturum,
1128 3146 1198 3202 dicit
1213 3148 1286 3215 :Eoo
1295 3152 1390 3203 auem
1404 3152 1570 3205 constitutus
1584 3167 1648 3206 sum

109 3241 230 3308 ωεριεεει
245 3242 362 3292 initiunt
376 3243 509 3293 enarrari
526 3254 578 3307 per
600 3241 760 3294 danninum.
776 3242 811 3294 ud
852 3252 899 3292 reo
911 3240 946 3292 ab
959 3255 988 3292 co
1004 3241 1056 3308 (Ρε.
1073 3240 1113 3305 ui,
1128 3238 1157 3293 id
1172 3245 1216 3294 εει
1229 3255 1245 3293 a
1259 3240 1316 3294 Deo
1332 3240 1424 3295 Patre.

109 3329 283 3393 icudierunt,
301 3330 332 3380 in
346 3328 422 3381 nobis
434 3330 598 3394 corrfirrnutu
613 3333 660 3381 est.
672 3328 753 3383 Salus
767 3344 810 3382 er·
889 3328 1010 3381 Testetur
1029 3332 1066 3380 ert
1080 3332 1174 3381 autern
1198 3330 1232 3381 in
1249 3330 1369 3397 quodum
1383 3332 1440 3383 loco
1453 3333 1517 3398 quis
1530 3332 1623 3387 dicens
1638 3349 1647 3384 .·

109 3415 165 3472 sin
179 3415 329 3485 Evangelio
346 3416 517 3481 continetur,
535 3417 685 3470 aliomrno
702 3416 809 3487 accepit
850 3415 922 3479 Quin
934 3417 1049 3470 nentina
1060 3416 1260 3487 prophetarum
1275 3416 1373 3472 reticet
1391 3416 1421 3472 in
1436 3419 1489 3473 hac
1511 3419 1645 3492 Epistola,

109 3504 807 3576 1enarrandi,quiaipseprimumannuntiaviteam
850 3521 969 3576 quorum
992 3505 1154 3560 testimonia
1176 3506 1264 3576 ponit,
1289 3523 1346 3560 non
1361 3523 1445 3561 causa
1460 3507 1581 3575 invidiae,
1595 3515 1647 3565 aut

109 3608 205 3665 psum,
222 3593 318 3646 dicens
334 3610 339 3644 :
356 3595 548 3647 Paenitentiam
561 3597 643 3661 coiis,
660 3598 808 3664 appropin-
848 3593 1044 3649 abscondentis
1058 3596 1160 3649 ellectu
1174 3594 1227 3648 hoc
1240 3595 1310 3664 agit,
1322 3595 1371 3649 sed
1386 3595 1528 3650 narrantis
1537 3600 1602 3649 voto
1616 3600 1646 3650 et

120 3685 197 3737 enirn
207 3696 324 3749 reonarn
339 3684 466 3736 celorum
480 3698 488 3743 ;
504 3687 543 3751 ει,
557 3683 611 3749 Orci
625 3683 772 3736 crediderit
780 3688 806 3736 et
847 3681 1021 3736 ostendentis
1031 3682 1145 3747 intuitu,
1162 3682 1295 3737 Hebraeos
1305 3682 1422 3736 multam
1437 3682 1542 3737 habere
1553 3683 1643 3738 scien·

109 3772 264 3839 “assuerit
276 3773 368 3824 seierus
377 3773 430 3823 erit
442 3771 539 3835 (Mure
552 3778 617 3839 ενι).
625 3770 732 3824 Deinde
740 3787 804 3825 vero
847 3769 917 3823 bam
925 3769 1083 3825 divinarum
1094 3769 1417 3841 scripturarum,quibus
1427 3771 1484 3827 ista
1490 3770 1640 3839 scribebat,

109 3864 173 3915 asta
182 3864 234 3926 est,
249 3859 303 3913 hoc
313 3863 355 3913 est
368 3857 476 3912 credita
487 3863 530 3912 est
544 3857 579 3912 ab
593 3858 633 3912 eis
648 3859 696 3930 qui
709 3859 805 3915 audie·
845 3859 875 3912 in
885 3864 996 3913 tantum
1010 3864 1043 3914 ut
1052 3875 1183 3929 neeopus
1192 3857 1418 3914 haberetnomen
1428 3876 1534 3931 ponere
1542 3860 1643 3917 dican·

109 3962 160 4015 rm,
176 3945 210 4000 ab
237 3946 371 4016 apostolis
392 3945 520 4000 videlicet
535 3947 583 4019 qui
606 3962 671 4000 cum
684 3946 804 4002 Domino
844 3945 891 4001 tis.
907 3946 966 4001 Hoc
978 3962 1046 4018 ergo
1067 3947 1260 4002 testimonium
1287 3963 1321 4003 ex
1349 3948 1486 4003 Psalterio
1511 3949 1643 4004 Davidico

109 4040 131 4103 t,
146 4040 177 4090 et
189 4034 395 4090 successoribus
415 4050 512 4089 eorum
532 4053 538 4088 :
554 4034 597 4089 vel
609 4040 685 4090 certe
700 4036 804 4090 conllr-
844 4040 999 4107 sumptum,
1014 4041 1058 4090 εει
1071 4035 1193 4106 qualiter
1206 4035 1332 4106 loquitur
1345 4036 1381 4090 ad
1396 4036 1488 4091 Deum
1508 4037 1644 4093 Patrem:

109 4125 138 4180 id
151 4130 196 4179 εει
208 4124 382 4178 consolidata
394 4128 437 4178 est
451 4129 481 4178 et
494 4123 617 4195 perlecta
631 4124 661 4178 in
673 4123 752 4179 nobis
766 4123 802 4178 ab
844 4125 916 4192 Quid
929 4129 968 4179 εει
982 4125 1062 4179 torno
1074 4130 1087 4178 ι
1101 4125 1255 4196 suppresse
1268 4130 1297 4179 et
1307 4141 1370 4180 oum
1380 4125 1515 4196 despectu
1522 4141 1650 4196 pronun.

109 4258 112 4269 .
126 4212 161 4268 ab
174 4213 234 4285 ipso
249 4212 368 4267 Domino
383 4218 568 4284 perceperunt
578 4212 804 4284 eam‚quiasalus
844 4211 973 4267 tiendum
982 4217 1026 4268 est
1039 4212 1125 4280 istud,
1135 4212 1202 4284 quid
1213 4217 1257 4268 est
1266 4213 1351 4268 homo
1361 4212 1518 4269 isubaudis
1528 4214 1648 4285 fragilis,

109 4318 134 4358 rr
147 4301 283 4373 Spiritum
294 4307 421 4355 sanctum
431 4299 512 4355 nobis
522 4301 588 4356 data
597 4306 648 4365 est,
657 4306 805 4371 permanet
846 4302 983 4369 mortalis,
993 4303 1117 4357 caducus
1127 4308 1156 4357 et
1165 4318 1272 4373 sequax
1281 4303 1358 4368 nde,
1374 4301 1467 4373 quiin
1482 4301 1570 4358 veteri
1579 4318 1648 4374 peo-

109 4405 198 4446 mum.
211 4391 302 4444 Causa
316 4389 485 4444 humilitatis
499 4404 581 4443 suam
600 4389 695 4460 jungit
712 4376 837 4461 perso-D
848 4397 911 4446 cato
922 4390 1052 4462 originali
1061 4391 1203 4462 pronitate
1216 4396 1259 4446 est
1268 4391 1403 4446 devictus.
1413 4392 1489 4459 (laod
1501 4408 1607 4447 mernor
1620 4408 1647 4448 es

109 4495 160 4537 um
170 4480 322 4548 eis,dioens
338 4497 344 4532 :
360 4479 392 4533 ln
402 4478 482 4533 nobis
492 4478 753 4534 eonilrmataestab
767 4478 809 4534 eis
849 4484 921 4551 ejus?
929 4479 1063 4535 subaudis
1072 4480 1497 4536 itautmiserieordiatuaedona
1505 4480 1646 4550 largiris,

109 4568 230 4625 dierunt.
246 4568 292 4623 Ad
306 4568 364 4622 haec
375 4573 484 4639 poterat
497 4567 599 4639 aliquis
611 4567 704 4623 dicere
716 4586 721 4621 :
735 4569 809 4632 Quo·
848 4574 899 4624 tua
911 4575 955 4625 εει
967 4570 1069 4641 gratia,
1080 4586 1137 4624 non
1150 4568 1225 4625 illius
1238 4569 1380 4625 meritum.
1396 4569 1525 4623 Hominis
1539 4584 1650 4624 memor

109 4659 273 4715 oontlrmata
291 4662 333 4711 εει
349 4655 384 4711 ab
399 4656 462 4710 sisi
482 4656 534 4711 Oui
554 4656 621 4711 ille:
639 4657 809 4712 Contestania
849 4664 894 4714 est
904 4657 1166 4730 Dominus,quando
1174 4659 1200 4714 ei
1210 4663 1325 4731 peccata
1334 4656 1452 4711 dimittit
1459 4656 1586 4726 gratuita
1598 4655 1650 4709 mi·

109 4740 343 4816 pnisetportentis
357 4745 643 4810 etruriisuirtutibus,
653 4745 809 4814 etSpiritus
850 4747 1010 4814 sericordia,
1027 4753 1054 4802 et
1067 4748 1264 4803 misericordia
1278 4763 1335 4801 suae
1358 4746 1433 4799 dona
1450 4744 1580 4815 largitur.
1598 4745 1646 4799 Se·

115 4835 358 4890 distributionibus
372 4834 523 4887 secundum
537 4849 618 4887 stram
628 4837 807 4888 uoluntatem.
851 4836 957 4907 quitur,
971 4838 1027 4891 Aut
1044 4838 1130 4890 ditius
1144 4837 1275 4899 lierninis,
1284 4832 1418 4888 subaudis
1428 4831 1495 4902 quid
1509 4831 1572 4886 esti
1586 4831 1648 4887 Hoc

109 4928 185 4978 mata
201 4927 253 4989 est,
265 4921 367 4992 inquit,
383 4921 412 4975 in
427 4921 517 4985 nobis,
526 4921 624 4976 eadem
638 4922 714 4976 salus
723 4921 759 4977 ab
769 4921 810 4977 eis
851 4924 1099 4996 quidemdoctores
1108 4922 1277 4978 reseruntad
1286 4921 1439 4986 Christum,
1454 4919 1547 4991 quiin
1562 4920 1652 4977 Evan-

109 5012 411 5078 dierunt‚contestante
421 5011 490 5076 Deo,
499 5011 527 5065 id
539 5017 584 5066 est
592 5011 677 5066 simul
686 5012 812 5068 testimo·
850 5012 924 5083 gelio
937 5013 1089 5084 sepissime
1103 5012 1192 5067 tilium
1208 5010 1338 5077 hominis,
1353 5009 1382 5063 id
1395 5009 1538 5064 esttilium
1551 5008 1650 5066 Mans

109 5098 272 5173 perhibente
284 5116 381 5154 eorum
395 5099 530 5154 doctrinae
543 5117 576 5155 ac
593 5101 807 5172 predicationi:
851 5105 981 5168 sevocat,
1005 5118 1038 5156 ac
1063 5106 1210 5172 propterea
1227 5098 1278 5154 sub
1295 5098 1517 5169 interrogatione
1538 5114 1653 5154 sursum

109 5205 161 5255 ore,
176 5188 226 5243 sed
238 5188 351 5253 virtute,
364 5188 413 5242 sed
427 5187 596 5243 exhibitione
611 5188 811 5244 miraculorum
855 5189 990 5260 erigenda
1004 5196 1047 5244 est
1063 5204 1121 5253 vox,
1131 5194 1160 5242 et
1169 5192 1212 5242 est
1222 5203 1340 5242 sensus:
1358 5187 1596 5258 Quidpromeruit
1605 5187 1653 5242 ille

109 5280 191 5335 letata
205 5278 376 5348 linguarum,
392 5277 457 5348 quia
473 5278 496 5331 si
507 5278 618 5332 dicebat
629 5279 732 5349 aliquis
743 5295 812 5350 apo·
852 5278 937 5332 homo
948 5276 1109 5348 assumptus
1119 5293 1136 5330 a
1145 5273 1281 5342 Verbo,ut
1288 5274 1375 5330 Filius
1385 5274 1437 5329 Dei
1446 5276 1528 5330 lieret
1537 5274 1550 5329 ‘l
1560 5275 1652 5340 Quod·

109 5384 153 5423 um
166 5372 277 5422 mortuo
291 5371 342 5420 aut
353 5367 481 5424 infirmo:
498 5367 597 5437 Surge,
609 5373 670 5421 esto
678 5367 756 5421 virus
765 5372 815 5423 aut
857 5383 911 5438 que
924 5365 1198 5438 sequitur,quoniern
1211 5366 1308 5419 uisitur
1322 5381 1396 5432 enni,
1405 5364 1442 5419 ad
1453 5381 1543 5435 genus
1555 5363 1653 5419 huma·

109 5456 222 5523 ,statim
239 5454 373 5526 surgebat
386 5455 544 5509 incolumis.
562 5454 648 5525 Signa
666 5461 770 5520 autem,
786 5462 814 5511 et
854 5472 922 5510 num
937 5451 1653 5525 referiundequopaulosuperiussubnomineho·

109 5546 156 5619 gia,
172 5545 330 5601 etrirtutm
344 5559 395 5616 pro
410 5560 467 5599 uno
481 5544 527 5601 hic
541 5542 812 5616 accipiuntur.Quod
853 5544 937 5600 minis
956 5543 1064 5600 dictum
1077 5549 1131 5611 est,
1156 5543 1225 5615 quid
1242 5548 1286 5599 est
1297 5543 1401 5613 homo;
1417 5548 1446 5599 et
1465 5547 1509 5598 est
1530 5554 1629 5597 sensus
1645 5555 1652 5592 :
