<?xml version="1.0" encoding="UTF-8"?>
<!DOCTYPE html PUBLIC "-//W3C//DTD XHTML 1.0 Transitional//EN"
    "http://www.w3.org/TR/xhtml1/DTD/xhtml1-transitional.dtd">
<html xmlns="http://www.w3.org/1999/xhtml" xml:lang="en" lang="en">
 <head>
  <title>
</title>
<meta http-equiv="Content-Type" content="text/html;charset=utf-8" />
  <meta name='ocr-system' content='tesseract 3.04.00' />
  <meta name='ocr-capabilities' content='ocr_page ocr_carea ocr_par ocr_line ocrx_word'/>
</head>
<body>
  <div class='ocr_page' id='page_1' title='image "./patrologiaecurs31unkngoog/patrologiaecurs31unkngoog_0162.png"; bbox 0 0 3818 6104; ppageno 0'>
   <div class='ocr_carea' id='block_1_1' title="bbox 152 242 1784 349">
    <p class='ocr_par' dir='ltr' id='par_1_1' title="bbox 152 242 1784 349">
     <span class='ocr_line' id='line_1_1' title="bbox 152 242 1784 349; baseline 0.002 -6"><span class='ocrx_word' id='word_1_1' title='bbox 152 282 203 344; x_wconf 82' lang='grc'>333</span> <span class='ocrx_word' id='word_1_2' title='bbox 512 321 517 328; x_wconf 87' lang='grc'><strong>-</strong></span> <span class='ocrx_word' id='word_1_3' title='bbox 627 283 1332 349; x_wconf 80' lang='grc'>1333333310333333330333100333.</span> <span class='ocrx_word' id='word_1_4' title='bbox 1365 316 1368 321; x_wconf 73' lang='lat'><em>.</em></span> <span class='ocrx_word' id='word_1_5' title='bbox 1506 260 1512 269; x_wconf 81' lang='grc'><strong>’</strong></span> <span class='ocrx_word' id='word_1_6' title='bbox 1733 242 1784 348; x_wconf 72' lang='lat' dir='ltr'>aaa</span> 
     </span>
    </p>
   </div>
   <div class='ocr_carea' id='block_1_2' title="bbox 109 413 1877 5651">
    <p class='ocr_par' dir='ltr' id='par_1_2' title="bbox 109 413 1877 5651">
     <span class='ocr_line' id='line_1_2' title="bbox 155 413 1785 486; baseline 0.003 -21"><span class='ocrx_word' id='word_1_7' title='bbox 155 419 226 466; x_wconf 82' lang='lat' dir='ltr'>nanc</span> <span class='ocrx_word' id='word_1_8' title='bbox 250 413 418 484; x_wconf 87' lang='lat' dir='ltr'>designatur</span> <span class='ocrx_word' id='word_1_9' title='bbox 445 432 497 486; x_wconf 90' lang='lat' dir='ltr'>per</span> <span class='ocrx_word' id='word_1_10' title='bbox 523 416 670 482; x_wconf 80' lang='grc'>1333313331,</span> <span class='ocrx_word' id='word_1_11' title='bbox 700 425 798 472; x_wconf 87' lang='lat' dir='ltr'>sancta</span> <span class='ocrx_word' id='word_1_12' title='bbox 821 413 1050 474; x_wconf 79' lang='lat' dir='ltr'>videlieetAva</span> <span class='ocrx_word' id='word_1_13' title='bbox 1066 415 1194 469; x_wconf 84' lang='lat' dir='ltr'>Ecrlesiae</span> <span class='ocrx_word' id='word_1_14' title='bbox 1210 415 1355 470; x_wconf 87' lang='lat' dir='ltr'>invitantis</span> <span class='ocrx_word' id='word_1_15' title='bbox 1367 416 1476 469; x_wconf 89' lang='lat' dir='ltr'>animas</span> <span class='ocrx_word' id='word_1_16' title='bbox 1489 415 1612 470; x_wconf 77' lang='lat' dir='ltr'>fidolium</span> <span class='ocrx_word' id='word_1_17' title='bbox 1626 416 1660 470; x_wconf 88' lang='lat' dir='ltr'>ad</span> <span class='ocrx_word' id='word_1_18' title='bbox 1671 414 1785 470; x_wconf 79' lang='lat' dir='ltr'>intuen-</span> 
     </span>
     <span class='ocr_line' id='line_1_3' title="bbox 155 499 1784 577; baseline 0.003 -24"><span class='ocrx_word' id='word_1_19' title='bbox 155 499 287 567; x_wconf 84' lang='lat' dir='ltr'>Eaclesia,</span> <span class='ocrx_word' id='word_1_20' title='bbox 316 504 413 574; x_wconf 85' lang='lat' dir='ltr'>inqua</span> <span class='ocrx_word' id='word_1_21' title='bbox 430 505 546 559; x_wconf 81' lang='lat' dir='ltr'>velutin</span> <span class='ocrx_word' id='word_1_22' title='bbox 567 506 639 559; x_wconf 87' lang='lat' dir='ltr'>lecto</span> <span class='ocrx_word' id='word_1_23' title='bbox 667 506 947 577; x_wconf 85' lang='lat' dir='ltr'>requirsrnntsanrti</span> <span class='ocrx_word' id='word_1_24' title='bbox 989 503 1055 556; x_wconf 92' lang='lat' dir='ltr'>dum</span> <span class='ocrx_word' id='word_1_25' title='bbox 1072 521 1154 574; x_wconf 85' lang='lat' dir='ltr'>quam</span> <span class='ocrx_word' id='word_1_26' title='bbox 1173 504 1307 556; x_wconf 81' lang='lat' dir='ltr'>mirabilis</span> <span class='ocrx_word' id='word_1_27' title='bbox 1323 512 1351 557; x_wconf 87' lang='lat' dir='ltr'>et</span> <span class='ocrx_word' id='word_1_28' title='bbox 1365 504 1507 574; x_wconf 75' lang='lat' dir='ltr'>speciosos</span> <span class='ocrx_word' id='word_1_29' title='bbox 1522 504 1558 557; x_wconf 91' lang='lat' dir='ltr'>sit</span> <span class='ocrx_word' id='word_1_30' title='bbox 1579 521 1699 575; x_wconf 87' lang='lat' dir='ltr'>sponsus</span> <span class='ocrx_word' id='word_1_31' title='bbox 1714 506 1784 574; x_wconf 82' lang='lat' dir='ltr'>ejas.</span> 
     </span>
     <span class='ocr_line' id='line_1_4' title="bbox 156 589 1788 667; baseline 0.004 -25"><span class='ocrx_word' id='word_1_32' title='bbox 156 589 212 653; x_wconf 88' lang='lat' dir='ltr'>liei,</span> <span class='ocrx_word' id='word_1_33' title='bbox 227 598 256 643; x_wconf 90' lang='lat' dir='ltr'>et</span> <span class='ocrx_word' id='word_1_34' title='bbox 269 592 384 646; x_wconf 88' lang='lat' dir='ltr'>velutin</span> <span class='ocrx_word' id='word_1_35' title='bbox 400 593 471 647; x_wconf 90' lang='lat' dir='ltr'>lecta</span> <span class='ocrx_word' id='word_1_36' title='bbox 486 593 666 648; x_wconf 85' lang='lat' dir='ltr'>discumbunt</span> <span class='ocrx_word' id='word_1_37' title='bbox 678 596 712 648; x_wconf 89' lang='lat' dir='ltr'>ad</span> <span class='ocrx_word' id='word_1_38' title='bbox 727 596 823 667; x_wconf 83' lang='lat' dir='ltr'>epulas</span> <span class='ocrx_word' id='word_1_39' title='bbox 838 601 949 649; x_wconf 77' lang='grc'>33133310</span> <span class='ocrx_word' id='word_1_40' title='bbox 989 592 1196 662; x_wconf 75' lang='lat' dir='ltr'>Fiiitenamque</span> <span class='ocrx_word' id='word_1_41' title='bbox 1212 593 1278 647; x_wconf 89' lang='lat' dir='ltr'>Sion</span> <span class='ocrx_word' id='word_1_42' title='bbox 1295 593 1421 648; x_wconf 75' lang='lat' dir='ltr'>Ecclesiae</span> <span class='ocrx_word' id='word_1_43' title='bbox 1436 600 1510 653; x_wconf 88' lang='lat' dir='ltr'>sunt,</span> <span class='ocrx_word' id='word_1_44' title='bbox 1527 610 1588 663; x_wconf 82' lang='lat' dir='ltr'>quae</span> <span class='ocrx_word' id='word_1_45' title='bbox 1600 601 1628 648; x_wconf 90' lang='lat' dir='ltr'>et</span> <span class='ocrx_word' id='word_1_46' title='bbox 1642 594 1706 648; x_wconf 79' lang='grc'>11113</span> <span class='ocrx_word' id='word_1_47' title='bbox 1720 597 1788 649; x_wconf 86' lang='lat' dir='ltr'>sunt</span> 
     </span>
     <span class='ocr_line' id='line_1_5' title="bbox 157 676 1788 754; baseline 0.003 -23"><span class='ocrx_word' id='word_1_48' title='bbox 157 679 305 735; x_wconf 74' lang='lat' dir='ltr'><strong>satietatis.</strong></span> <span class='ocrx_word' id='word_1_49' title='bbox 314 681 353 735; x_wconf 89' lang='lat' dir='ltr'>De</span> <span class='ocrx_word' id='word_1_50' title='bbox 364 681 449 751; x_wconf 86' lang='lat' dir='ltr'>lignis</span> <span class='ocrx_word' id='word_1_51' title='bbox 462 681 557 735; x_wconf 82' lang='lat' dir='ltr'>Libani</span> <span class='ocrx_word' id='word_1_52' title='bbox 569 683 636 737; x_wconf 86' lang='grc'>13311</span> <span class='ocrx_word' id='word_1_53' title='bbox 649 684 780 738; x_wconf 76' lang='lat' dir='ltr'>Salomon</span> <span class='ocrx_word' id='word_1_54' title='bbox 800 681 946 738; x_wconf 84' lang='lat' dir='ltr'>ferculum.</span> <span class='ocrx_word' id='word_1_55' title='bbox 992 676 1177 743; x_wconf 74' lang='lat' dir='ltr'>Hierusalem,</span> <span class='ocrx_word' id='word_1_56' title='bbox 1195 691 1299 737; x_wconf 74' lang='lat' dir='ltr'>sanctae</span> <span class='ocrx_word' id='word_1_57' title='bbox 1313 679 1441 737; x_wconf 88' lang='lat' dir='ltr'>videlicet</span> <span class='ocrx_word' id='word_1_58' title='bbox 1455 681 1556 737; x_wconf 82' lang='lat' dir='ltr'>animae</span> <span class='ocrx_word' id='word_1_59' title='bbox 1566 699 1694 754; x_wconf 71' lang='lat' dir='ltr'>supernae</span> <span class='ocrx_word' id='word_1_60' title='bbox 1711 683 1788 738; x_wconf 83' lang='lat' dir='ltr'>iilius</span> 
     </span>
     <span class='ocr_line' id='line_1_6' title="bbox 158 766 1788 843; baseline 0.006 -23"><span class='ocrx_word' id='word_1_61' title='bbox 158 766 275 822; x_wconf 82' lang='lat' dir='ltr'>libanus</span> <span class='ocrx_word' id='word_1_62' title='bbox 287 785 368 824; x_wconf 90' lang='lat' dir='ltr'>mons</span> <span class='ocrx_word' id='word_1_63' title='bbox 384 776 428 824; x_wconf 89' lang='lat' dir='ltr'>est</span> <span class='ocrx_word' id='word_1_64' title='bbox 438 768 586 834; x_wconf 82' lang='lat' dir='ltr'>Phoenicis,</span> <span class='ocrx_word' id='word_1_65' title='bbox 599 773 679 843; x_wconf 88' lang='lat' dir='ltr'>cujus</span> <span class='ocrx_word' id='word_1_66' title='bbox 689 771 802 826; x_wconf 89' lang='lat' dir='ltr'>arbores</span> <span class='ocrx_word' id='word_1_67' title='bbox 818 778 845 826; x_wconf 90' lang='lat' dir='ltr'>et</span> <span class='ocrx_word' id='word_1_68' title='bbox 858 788 952 843; x_wconf 90' lang='lat' dir='ltr'>prore·</span> <span class='ocrx_word' id='word_1_69' title='bbox 991 770 1111 824; x_wconf 89' lang='lat' dir='ltr'>rivitatis</span> <span class='ocrx_word' id='word_1_70' title='bbox 1134 771 1216 835; x_wconf 85' lang='lat' dir='ltr'>eires,</span> <span class='ocrx_word' id='word_1_71' title='bbox 1234 766 1295 843; x_wconf 73' lang='lat' dir='ltr'>q&#39;uae</span> <span class='ocrx_word' id='word_1_72' title='bbox 1316 778 1344 826; x_wconf 89' lang='lat' dir='ltr'>et</span> <span class='ocrx_word' id='word_1_73' title='bbox 1367 776 1503 842; x_wconf 87' lang='lat' dir='ltr'>perpetua</span> <span class='ocrx_word' id='word_1_74' title='bbox 1518 788 1581 826; x_wconf 91' lang='lat' dir='ltr'>cum</span> <span class='ocrx_word' id='word_1_75' title='bbox 1597 773 1706 843; x_wconf 75' lang='lat' dir='ltr'>angelis</span> <span class='ocrx_word' id='word_1_76' title='bbox 1721 789 1788 843; x_wconf 81' lang='lat' dir='ltr'>paee</span> 
     </span>
     <span class='ocr_line' id='line_1_7' title="bbox 159 854 1788 932; baseline 0.004 -24"><span class='ocrx_word' id='word_1_77' title='bbox 159 855 235 910; x_wconf 83' lang='lat' dir='ltr'>ritate</span> <span class='ocrx_word' id='word_1_78' title='bbox 251 864 282 911; x_wconf 94' lang='lat' dir='ltr'>et</span> <span class='ocrx_word' id='word_1_79' title='bbox 296 854 507 929; x_wconf 88' lang='lat' dir='ltr'>pulchritudine</span> <span class='ocrx_word' id='word_1_80' title='bbox 521 869 550 913; x_wconf 83' lang='lat' dir='ltr'>et</span> <span class='ocrx_word' id='word_1_81' title='bbox 564 861 745 916; x_wconf 74' lang='lat' dir='ltr'>durabilitate</span> <span class='ocrx_word' id='word_1_82' title='bbox 761 861 868 916; x_wconf 86' lang='lat' dir='ltr'>caeteris</span> <span class='ocrx_word' id='word_1_83' title='bbox 883 877 950 932; x_wconf 80' lang='lat' dir='ltr'>prae-</span> <span class='ocrx_word' id='word_1_84' title='bbox 991 854 1133 923; x_wconf 83' lang='lat' dir='ltr'>sruuntur,</span> <span class='ocrx_word' id='word_1_85' title='bbox 1153 867 1180 914; x_wconf 91' lang='lat' dir='ltr'>et</span> <span class='ocrx_word' id='word_1_86' title='bbox 1195 878 1245 931; x_wconf 89' lang='lat' dir='ltr'>per</span> <span class='ocrx_word' id='word_1_87' title='bbox 1263 861 1528 931; x_wconf 87' lang='lat' dir='ltr'>contemplationem</span> <span class='ocrx_word' id='word_1_88' title='bbox 1542 861 1661 931; x_wconf 89' lang='lat' dir='ltr'>gloriam</span> <span class='ocrx_word' id='word_1_89' title='bbox 1677 859 1788 916; x_wconf 81' lang='lat' dir='ltr'>Domini</span> 
     </span>
     <span class='ocr_line' id='line_1_8' title="bbox 159 943 1788 1022; baseline 0.006 -26"><span class='ocrx_word' id='word_1_90' title='bbox 159 943 291 1011; x_wconf 88' lang='lat' dir='ltr'>eminent,</span> <span class='ocrx_word' id='word_1_91' title='bbox 307 947 426 1017; x_wconf 88' lang='lat' dir='ltr'>ideoque</span> <span class='ocrx_word' id='word_1_92' title='bbox 440 948 596 1019; x_wconf 77' lang='lat' dir='ltr'>significant</span> <span class='ocrx_word' id='word_1_93' title='bbox 623 959 733 1004; x_wconf 87' lang='lat' dir='ltr'>sanctos</span> <span class='ocrx_word' id='word_1_94' title='bbox 747 950 880 1005; x_wconf 88' lang='lat' dir='ltr'>virtutum</span> <span class='ocrx_word' id='word_1_95' title='bbox 902 960 951 1022; x_wconf 87' lang='lat' dir='ltr'>spe</span> <span class='ocrx_word' id='word_1_96' title='bbox 992 946 1181 1019; x_wconf 84' lang='lat' dir='ltr'>speculantur.</span> <span class='ocrx_word' id='word_1_97' title='bbox 1211 947 1379 1020; x_wconf 85' lang='lat' dir='ltr'>Egredimiui</span> <span class='ocrx_word' id='word_1_98' title='bbox 1401 948 1538 1021; x_wconf 74' lang='lat' dir='ltr'>‹inqualo</span> <span class='ocrx_word' id='word_1_99' title='bbox 1561 946 1626 1004; x_wconf 77' lang='grc'>111133</span> <span class='ocrx_word' id='word_1_100' title='bbox 1644 949 1720 1012; x_wconf 84' lang='lat' dir='ltr'>Sion,</span> <span class='ocrx_word' id='word_1_101' title='bbox 1736 944 1788 1005; x_wconf 89' lang='lat' dir='ltr'>hoc</span> 
     </span>
     <span class='ocr_line' id='line_1_9' title="bbox 159 1030 1788 1108; baseline 0.006 -25"><span class='ocrx_word' id='word_1_102' title='bbox 159 1030 291 1102; x_wconf 77' lang='lat' dir='ltr'>fulgentes</span> <span class='ocrx_word' id='word_1_103' title='bbox 306 1042 336 1088; x_wconf 89' lang='lat' dir='ltr'>et</span> <span class='ocrx_word' id='word_1_104' title='bbox 348 1035 383 1088; x_wconf 96' lang='grc'>331</span> <span class='ocrx_word' id='word_1_105' title='bbox 404 1041 509 1091; x_wconf 75' lang='lat' dir='ltr'>aterna</span> <span class='ocrx_word' id='word_1_106' title='bbox 527 1038 701 1093; x_wconf 85' lang='lat' dir='ltr'>iestinantes.</span> <span class='ocrx_word' id='word_1_107' title='bbox 728 1039 851 1094; x_wconf 87' lang='lat' dir='ltr'>Libanus</span> <span class='ocrx_word' id='word_1_108' title='bbox 876 1041 949 1094; x_wconf 90' lang='lat' dir='ltr'>enim</span> <span class='ocrx_word' id='word_1_109' title='bbox 992 1045 1034 1092; x_wconf 86' lang='lat' dir='ltr'>est</span> <span class='ocrx_word' id='word_1_110' title='bbox 1049 1039 1120 1093; x_wconf 79' lang='lat' dir='ltr'>exite</span> <span class='ocrx_word' id='word_1_111' title='bbox 1135 1039 1169 1093; x_wconf 93' lang='lat' dir='ltr'>de</span> <span class='ocrx_word' id='word_1_112' title='bbox 1184 1039 1346 1096; x_wconf 87' lang='lat' dir='ltr'>turbulenta</span> <span class='ocrx_word' id='word_1_113' title='bbox 1361 1039 1407 1108; x_wconf 88' lang='lat' dir='ltr'>huj</span> <span class='ocrx_word' id='word_1_114' title='bbox 1413 1057 1445 1094; x_wconf 90' lang='lat' dir='ltr'>us</span> <span class='ocrx_word' id='word_1_115' title='bbox 1461 1040 1554 1094; x_wconf 76' lang='lat' dir='ltr'>saecoli</span> <span class='ocrx_word' id='word_1_116' title='bbox 1566 1039 1788 1104; x_wconf 87' lang='lat' dir='ltr'>conversatione,</span> 
     </span>
     <span class='ocr_line' id='line_1_10' title="bbox 158 1120 1789 1200; baseline 0.006 -29"><span class='ocrx_word' id='word_1_117' title='bbox 158 1120 312 1175; x_wconf 68' lang='lat' dir='ltr'>candidatio</span> <span class='ocrx_word' id='word_1_118' title='bbox 328 1123 538 1195; x_wconf 85' lang='lat' dir='ltr'>interpretatur,</span> <span class='ocrx_word' id='word_1_119' title='bbox 564 1135 595 1182; x_wconf 92' lang='lat' dir='ltr'>ut</span> <span class='ocrx_word' id='word_1_120' title='bbox 608 1128 755 1183; x_wconf 74' lang='lat' dir='ltr'>dealbatio.</span> <span class='ocrx_word' id='word_1_121' title='bbox 780 1129 869 1197; x_wconf 74' lang='lat' dir='ltr'>Ligna</span> <span class='ocrx_word' id='word_1_122' title='bbox 885 1145 951 1199; x_wconf 84' lang='lat' dir='ltr'>ergo</span> <span class='ocrx_word' id='word_1_123' title='bbox 992 1137 1024 1180; x_wconf 85' lang='grc'>33</span> <span class='ocrx_word' id='word_1_124' title='bbox 1041 1134 1133 1182; x_wconf 85' lang='lat' dir='ltr'>raeute</span> <span class='ocrx_word' id='word_1_125' title='bbox 1146 1129 1275 1200; x_wconf 78' lang='lat' dir='ltr'>expedita</span> <span class='ocrx_word' id='word_1_126' title='bbox 1292 1146 1355 1182; x_wconf 91' lang='lat' dir='ltr'>eum</span> <span class='ocrx_word' id='word_1_127' title='bbox 1371 1145 1453 1199; x_wconf 87' lang='lat' dir='ltr'>quem</span> <span class='ocrx_word' id='word_1_128' title='bbox 1470 1129 1587 1199; x_wconf 77' lang='lat' dir='ltr'>diligitis</span> <span class='ocrx_word' id='word_1_129' title='bbox 1604 1127 1789 1200; x_wconf 88' lang='lat' dir='ltr'>contemplari</span> 
     </span>
     <span class='ocr_line' id='line_1_11' title="bbox 156 1206 1790 1290; baseline 0.006 -29"><span class='ocrx_word' id='word_1_130' title='bbox 156 1206 951 1290; x_wconf 74' lang='grc'>1113313331333331133313111313113133311311131330113310,</span> <span class='ocrx_word' id='word_1_131' title='bbox 994 1217 1115 1287; x_wconf 85' lang='lat' dir='ltr'>possitis.</span> <span class='ocrx_word' id='word_1_132' title='bbox 1136 1218 1167 1270; x_wconf 83' lang='lat' dir='ltr'>Et</span> <span class='ocrx_word' id='word_1_133' title='bbox 1183 1217 1273 1270; x_wconf 90' lang='lat' dir='ltr'>videte</span> <span class='ocrx_word' id='word_1_134' title='bbox 1287 1217 1395 1288; x_wconf 75' lang='lat' dir='ltr'>linquitt</span> <span class='ocrx_word' id='word_1_135' title='bbox 1416 1233 1509 1287; x_wconf 83' lang='lat' dir='ltr'>regem</span> <span class='ocrx_word' id='word_1_136' title='bbox 1526 1217 1716 1282; x_wconf 84' lang='lat' dir='ltr'>Saiornonem,</span> <span class='ocrx_word' id='word_1_137' title='bbox 1738 1219 1790 1271; x_wconf 90' lang='lat' dir='ltr'>hoc</span> 
     </span>
     <span class='ocr_line' id='line_1_12' title="bbox 136 1301 1790 1377; baseline 0.007 -28"><span class='ocrx_word' id='word_1_138' title='bbox 136 1314 141 1333; x_wconf 74' lang='lat'>¹</span> <span class='ocrx_word' id='word_1_139' title='bbox 156 1301 182 1350; x_wconf 88' lang='lat' dir='ltr'>et</span> <span class='ocrx_word' id='word_1_140' title='bbox 193 1302 321 1355; x_wconf 84' lang='lat' dir='ltr'>exornati</span> <span class='ocrx_word' id='word_1_141' title='bbox 336 1304 412 1358; x_wconf 88' lang='lat' dir='ltr'>amai</span> <span class='ocrx_word' id='word_1_142' title='bbox 429 1305 562 1359; x_wconf 89' lang='lat' dir='ltr'>virtutum</span> <span class='ocrx_word' id='word_1_143' title='bbox 580 1306 799 1377; x_wconf 74' lang='lat' dir='ltr'>pulchritudine.</span> <span class='ocrx_word' id='word_1_144' title='bbox 994 1303 1046 1372; x_wconf 88' lang='lat' dir='ltr'>est,</span> <span class='ocrx_word' id='word_1_145' title='bbox 1063 1322 1158 1359; x_wconf 87' lang='lat' dir='ltr'>verum</span> <span class='ocrx_word' id='word_1_146' title='bbox 1174 1303 1318 1376; x_wconf 86' lang='lat' dir='ltr'>pacilicum</span> <span class='ocrx_word' id='word_1_147' title='bbox 1326 1305 1480 1366; x_wconf 82' lang='lat' dir='ltr'>Christum,</span> <span class='ocrx_word' id='word_1_148' title='bbox 1493 1326 1504 1355; x_wconf 84' lang='grc'>3</span> <span class='ocrx_word' id='word_1_149' title='bbox 1522 1304 1550 1359; x_wconf 93' lang='lat' dir='ltr'>in</span> <span class='ocrx_word' id='word_1_150' title='bbox 1565 1305 1722 1360; x_wconf 87' lang='lat' dir='ltr'>diademate</span> <span class='ocrx_word' id='word_1_151' title='bbox 1734 1323 1790 1376; x_wconf 88' lang='lat' dir='ltr'>quo</span> 
     </span>
     <span class='ocr_line' id='line_1_13' title="bbox 190 1386 1791 1465; baseline 0.004 -24"><span class='ocrx_word' id='word_1_152' title='bbox 190 1405 202 1440; x_wconf 87' lang='grc'>3</span> <span class='ocrx_word' id='word_1_153' title='bbox 217 1386 371 1446; x_wconf 79' lang='lat' dir='ltr'>Columnas</span> <span class='ocrx_word' id='word_1_154' title='bbox 385 1396 446 1462; x_wconf 80' lang='lat' dir='ltr'>ejas</span> <span class='ocrx_word' id='word_1_155' title='bbox 461 1392 523 1449; x_wconf 86' lang='lat' dir='ltr'>lecit</span> <span class='ocrx_word' id='word_1_156' title='bbox 537 1406 692 1465; x_wconf 78' lang='lat' dir='ltr'>argenteas.</span> <span class='ocrx_word' id='word_1_157' title='bbox 711 1419 723 1445; x_wconf 79' lang='grc' dir='ltr'>ι</span> <span class='ocrx_word' id='word_1_158' title='bbox 740 1398 793 1451; x_wconf 87' lang='lat' dir='ltr'>Per</span> <span class='ocrx_word' id='word_1_159' title='bbox 807 1396 953 1450; x_wconf 88' lang='lat' dir='ltr'>columnas</span> <span class='ocrx_word' id='word_1_160' title='bbox 994 1396 1137 1451; x_wconf 76' lang='lat' dir='ltr'>coronavit</span> <span class='ocrx_word' id='word_1_161' title='bbox 1151 1412 1215 1449; x_wconf 82' lang='lat' dir='ltr'>euni</span> <span class='ocrx_word' id='word_1_162' title='bbox 1231 1403 1321 1449; x_wconf 90' lang='lat' dir='ltr'>mater</span> <span class='ocrx_word' id='word_1_163' title='bbox 1335 1412 1395 1450; x_wconf 82' lang='lat' dir='ltr'>sua.</span> <span class='ocrx_word' id='word_1_164' title='bbox 1410 1397 1464 1449; x_wconf 70' lang='lat' dir='ltr'>nic</span> <span class='ocrx_word' id='word_1_165' title='bbox 1479 1395 1502 1449; x_wconf 90' lang='lat' dir='ltr'>si</span> <span class='ocrx_word' id='word_1_166' title='bbox 1517 1394 1644 1450; x_wconf 88' lang='lat' dir='ltr'>diceret:</span> <span class='ocrx_word' id='word_1_167' title='bbox 1660 1394 1791 1449; x_wconf 86' lang='lat' dir='ltr'>Conside-</span> 
     </span>
     <span class='ocr_line' id='line_1_14' title="bbox 151 1470 1791 1560; baseline 0.003 -29"><span class='ocrx_word' id='word_1_168' title='bbox 151 1470 282 1533; x_wconf 82' lang='lat' dir='ltr'>doctores</span> <span class='ocrx_word' id='word_1_169' title='bbox 306 1480 433 1552; x_wconf 84' lang='lat' dir='ltr'>ejusdem</span> <span class='ocrx_word' id='word_1_170' title='bbox 448 1483 579 1540; x_wconf 76' lang='lat' dir='ltr'>Ecclesiae</span> <span class='ocrx_word' id='word_1_171' title='bbox 594 1486 800 1558; x_wconf 79' lang='lat' dir='ltr'>significantur,</span> <span class='ocrx_word' id='word_1_172' title='bbox 817 1487 864 1560; x_wconf 92' lang='lat' dir='ltr'>qui</span> <span class='ocrx_word' id='word_1_173' title='bbox 890 1503 951 1542; x_wconf 90' lang='lat' dir='ltr'>cam</span> <span class='ocrx_word' id='word_1_174' title='bbox 994 1493 1055 1541; x_wconf 87' lang='lat' dir='ltr'>rate</span> <span class='ocrx_word' id='word_1_175' title='bbox 1069 1485 1210 1541; x_wconf 73' lang='lat' dir='ltr'>Christum</span> <span class='ocrx_word' id='word_1_176' title='bbox 1228 1504 1278 1557; x_wconf 92' lang='lat' dir='ltr'>pru</span> <span class='ocrx_word' id='word_1_177' title='bbox 1290 1486 1365 1541; x_wconf 90' lang='lat' dir='ltr'>vobis</span> <span class='ocrx_word' id='word_1_178' title='bbox 1375 1503 1460 1540; x_wconf 91' lang='lat' dir='ltr'>carne</span> <span class='ocrx_word' id='word_1_179' title='bbox 1474 1485 1615 1539; x_wconf 88' lang='lat' dir='ltr'>indutum.</span> <span class='ocrx_word' id='word_1_180' title='bbox 1633 1500 1717 1554; x_wconf 92' lang='lat' dir='ltr'>quam</span> <span class='ocrx_word' id='word_1_181' title='bbox 1729 1499 1791 1536; x_wconf 91' lang='lat' dir='ltr'>car-</span> 
     </span>
     <span class='ocr_line' id='line_1_15' title="bbox 145 1567 1792 1647; baseline 0.003 -28"><span class='ocrx_word' id='word_1_182' title='bbox 145 1567 407 1642; x_wconf 80' lang='lat' dir='ltr'>trerbuetexemplo</span> <span class='ocrx_word' id='word_1_183' title='bbox 417 1573 556 1629; x_wconf 88' lang='lat' dir='ltr'>sustineat</span> <span class='ocrx_word' id='word_1_184' title='bbox 567 1593 598 1630; x_wconf 89' lang='lat' dir='ltr'>ac</span> <span class='ocrx_word' id='word_1_185' title='bbox 609 1579 833 1634; x_wconf 85' lang='lat' dir='ltr'>roborantUnde</span> <span class='ocrx_word' id='word_1_186' title='bbox 843 1579 953 1634; x_wconf 74' lang='lat' dir='ltr'>invicti·</span> <span class='ocrx_word' id='word_1_187' title='bbox 994 1595 1058 1634; x_wconf 90' lang='lat' dir='ltr'>nem</span> <span class='ocrx_word' id='word_1_188' title='bbox 1074 1578 1203 1631; x_wconf 87' lang='lat' dir='ltr'>decarne</span> <span class='ocrx_word' id='word_1_189' title='bbox 1220 1577 1343 1647; x_wconf 81' lang='lat' dir='ltr'>Virginis</span> <span class='ocrx_word' id='word_1_190' title='bbox 1363 1575 1534 1630; x_wconf 84' lang='lat' dir='ltr'>matrissuae</span> <span class='ocrx_word' id='word_1_191' title='bbox 1552 1573 1713 1644; x_wconf 80' lang='lat' dir='ltr'>assumpsit.</span> <span class='ocrx_word' id='word_1_192' title='bbox 1725 1572 1792 1625; x_wconf 87' lang='lat' dir='ltr'>Dia·</span> 
     </span>
     <span class='ocr_line' id='line_1_16' title="bbox 142 1650 1836 1740; baseline 0.001 -29"><span class='ocrx_word' id='word_1_193' title='bbox 142 1654 208 1710; x_wconf 87' lang='lat' dir='ltr'>bus</span> <span class='ocrx_word' id='word_1_194' title='bbox 222 1659 951 1740; x_wconf 73' lang='lat' dir='ltr'>apostulorum:aJocabus,etlaa1mus,etCephas,</span> <span class='ocrx_word' id='word_1_195' title='bbox 995 1662 1076 1722; x_wconf 82' lang='grc'>3133333</span> <span class='ocrx_word' id='word_1_196' title='bbox 1091 1683 1212 1738; x_wconf 90' lang='lat' dir='ltr'>namque</span> <span class='ocrx_word' id='word_1_197' title='bbox 1228 1671 1305 1720; x_wconf 75' lang='lat' dir='ltr'>voert</span> <span class='ocrx_word' id='word_1_198' title='bbox 1317 1681 1531 1735; x_wconf 84' lang='lat' dir='ltr'>carnemquam</span> <span class='ocrx_word' id='word_1_199' title='bbox 1549 1663 1793 1718; x_wconf 83' lang='lat' dir='ltr'>Christusussum·</span> <span class='ocrx_word' id='word_1_200' title='bbox 1832 1650 1836 1655; x_wconf 73' lang='grc'><strong>’</strong></span> 
     </span>
     <span class='ocr_line' id='line_1_17' title="bbox 138 1747 1792 1836; baseline 0 -35"><span class='ocrx_word' id='word_1_201' title='bbox 138 1747 206 1819; x_wconf 80' lang='lat' dir='ltr'>qui</span> <span class='ocrx_word' id='word_1_202' title='bbox 217 1747 623 1810; x_wconf 71' lang='lat' dir='ltr'>videbanturcolumnaeessea</span> <span class='ocrx_word' id='word_1_203' title='bbox 637 1757 988 1836; x_wconf 76' lang='lat' dir='ltr'>liaeealumnaesuntar-B</span> <span class='ocrx_word' id='word_1_204' title='bbox 997 1758 1052 1828; x_wconf 88' lang='lat' dir='ltr'>psit</span> <span class='ocrx_word' id='word_1_205' title='bbox 1067 1773 1116 1827; x_wconf 89' lang='lat' dir='ltr'>pro</span> <span class='ocrx_word' id='word_1_206' title='bbox 1132 1756 1222 1812; x_wconf 82' lang='lat' dir='ltr'>nobis.</span> <span class='ocrx_word' id='word_1_207' title='bbox 1234 1756 1262 1810; x_wconf 91' lang='lat' dir='ltr'>in</span> <span class='ocrx_word' id='word_1_208' title='bbox 1275 1773 1330 1828; x_wconf 90' lang='lat' dir='ltr'>qua</span> <span class='ocrx_word' id='word_1_209' title='bbox 1346 1764 1474 1810; x_wconf 88' lang='lat' dir='ltr'>mortuus</span> <span class='ocrx_word' id='word_1_210' title='bbox 1488 1752 1626 1809; x_wconf 77' lang='lat' dir='ltr'>destruxit</span> <span class='ocrx_word' id='word_1_211' title='bbox 1642 1749 1792 1820; x_wconf 89' lang='lat' dir='ltr'>imperium</span> 
     </span>
     <span class='ocr_line' id='line_1_18' title="bbox 128 1834 1791 1918; baseline 0.002 -24"><span class='ocrx_word' id='word_1_212' title='bbox 128 1841 344 1914; x_wconf 72' lang='lat' dir='ltr'>genitaequia</span> <span class='ocrx_word' id='word_1_213' title='bbox 359 1841 448 1898; x_wconf 92' lang='lat' dir='ltr'>nitore</span> <span class='ocrx_word' id='word_1_214' title='bbox 462 1845 585 1900; x_wconf 85' lang='lat' dir='ltr'>coelestis</span> <span class='ocrx_word' id='word_1_215' title='bbox 600 1845 703 1917; x_wconf 90' lang='lat' dir='ltr'>eloquii</span> <span class='ocrx_word' id='word_1_216' title='bbox 715 1847 880 1918; x_wconf 79' lang='lat' dir='ltr'>refulgent«</span> <span class='ocrx_word' id='word_1_217' title='bbox 896 1849 955 1903; x_wconf 83' lang='lat' dir='ltr'>Eio-</span> <span class='ocrx_word' id='word_1_218' title='bbox 997 1847 1104 1909; x_wconf 89' lang='lat' dir='ltr'>mortis,</span> <span class='ocrx_word' id='word_1_219' title='bbox 1116 1847 1204 1917; x_wconf 91' lang='lat' dir='ltr'>inqua</span> <span class='ocrx_word' id='word_1_220' title='bbox 1215 1846 1299 1900; x_wconf 87' lang='grc'>311333</span> <span class='ocrx_word' id='word_1_221' title='bbox 1311 1845 1473 1916; x_wconf 86' lang='lat' dir='ltr'>resurgendi</span> <span class='ocrx_word' id='word_1_222' title='bbox 1487 1843 1565 1898; x_wconf 92' lang='lat' dir='ltr'>nobis</span> <span class='ocrx_word' id='word_1_223' title='bbox 1574 1859 1651 1914; x_wconf 88' lang='lat' dir='ltr'>spem</span> <span class='ocrx_word' id='word_1_224' title='bbox 1662 1834 1791 1895; x_wconf 84' lang='lat' dir='ltr'>contulit.</span> 
     </span>
     <span class='ocr_line' id='line_1_19' title="bbox 127 1930 1793 2005; baseline 0.001 -22"><span class='ocrx_word' id='word_1_225' title='bbox 127 1930 224 1997; x_wconf 79' lang='lat' dir='ltr'>quia</span> <span class='ocrx_word' id='word_1_226' title='bbox 238 1930 312 1984; x_wconf 86' lang='lat' dir='ltr'>euim</span> <span class='ocrx_word' id='word_1_227' title='bbox 326 1931 434 1988; x_wconf 86' lang='lat' dir='ltr'>Domini</span> <span class='ocrx_word' id='word_1_228' title='bbox 452 1940 538 1996; x_wconf 88' lang='lat' dir='ltr'>casia,</span> <span class='ocrx_word' id='word_1_229' title='bbox 552 1952 564 1986; x_wconf 88' lang='grc'>3</span> <span class='ocrx_word' id='word_1_230' title='bbox 579 1941 631 1989; x_wconf 91' lang='lat' dir='ltr'>etc.</span> <span class='ocrx_word' id='word_1_231' title='bbox 649 1935 893 1990; x_wconf 74' lang='lat' dir='ltr'>uiieeiinaturium</span> <span class='ocrx_word' id='word_1_232' title='bbox 904 1954 955 1991; x_wconf 93' lang='lat' dir='ltr'>au·</span> <span class='ocrx_word' id='word_1_233' title='bbox 997 1935 1036 1988; x_wconf 89' lang='lat' dir='ltr'>De</span> <span class='ocrx_word' id='word_1_234' title='bbox 1058 1934 1109 1988; x_wconf 91' lang='lat' dir='ltr'>boc</span> <span class='ocrx_word' id='word_1_235' title='bbox 1127 1930 1286 1988; x_wconf 90' lang='lat' dir='ltr'>diademate</span> <span class='ocrx_word' id='word_1_236' title='bbox 1305 1932 1456 2005; x_wconf 83' lang='lat' dir='ltr'>Apostolus</span> <span class='ocrx_word' id='word_1_237' title='bbox 1468 1933 1509 1986; x_wconf 88' lang='lat' dir='ltr'>ait</span> <span class='ocrx_word' id='word_1_238' title='bbox 1526 1953 1531 1986; x_wconf 94' lang='lat'><strong>:</strong></span> <span class='ocrx_word' id='word_1_239' title='bbox 1547 1932 1682 1987; x_wconf 84' lang='lat' dir='ltr'>Videmus</span> <span class='ocrx_word' id='word_1_240' title='bbox 1696 1930 1793 1986; x_wconf 82' lang='lat' dir='ltr'>iesum</span> 
     </span>
     <span class='ocr_line' id='line_1_20' title="bbox 121 2022 1793 2095; baseline 0.007 -29"><span class='ocrx_word' id='word_1_241' title='bbox 121 2029 247 2084; x_wconf 80' lang='lat' dir='ltr'>renat,</span> <span class='ocrx_word' id='word_1_242' title='bbox 264 2037 413 2075; x_wconf 87' lang='lat' dir='ltr'>ascensum</span> <span class='ocrx_word' id='word_1_243' title='bbox 436 2039 608 2095; x_wconf 87' lang='lat' dir='ltr'>purpureum</span> <span class='ocrx_word' id='word_1_244' title='bbox 640 2047 648 2071; x_wconf 79' lang='grc' dir='ltr'>ι</span> <span class='ocrx_word' id='word_1_245' title='bbox 670 2025 723 2078; x_wconf 79' lang='lat' dir='ltr'>Per</span> <span class='ocrx_word' id='word_1_246' title='bbox 744 2026 955 2082; x_wconf 85' lang='lat' dir='ltr'>reclinatorium</span> <span class='ocrx_word' id='word_1_247' title='bbox 997 2040 1047 2094; x_wconf 89' lang='lat' dir='ltr'>per</span> <span class='ocrx_word' id='word_1_248' title='bbox 1062 2024 1219 2094; x_wconf 87' lang='lat' dir='ltr'>passionem</span> <span class='ocrx_word' id='word_1_249' title='bbox 1234 2024 1325 2094; x_wconf 84' lang='lat' dir='ltr'>gioria</span> <span class='ocrx_word' id='word_1_250' title='bbox 1338 2029 1366 2077; x_wconf 91' lang='lat' dir='ltr'>et</span> <span class='ocrx_word' id='word_1_251' title='bbox 1382 2024 1487 2077; x_wconf 91' lang='lat' dir='ltr'>honore</span> <span class='ocrx_word' id='word_1_252' title='bbox 1501 2028 1676 2078; x_wconf 87' lang='lat' dir='ltr'>coronatum.</span> <span class='ocrx_word' id='word_1_253' title='bbox 1701 2022 1793 2078; x_wconf 88' lang='lat' dir='ltr'>Mater</span> 
     </span>
     <span class='ocr_line' id='line_1_21' title="bbox 115 2110 1794 2185; baseline 0.002 -23"><span class='ocrx_word' id='word_1_254' title='bbox 115 2114 285 2171; x_wconf 68' lang='lat' dir='ltr'>aurentii,</span> <span class='ocrx_word' id='word_1_255' title='bbox 298 2111 409 2181; x_wconf 82' lang='lat' dir='ltr'>requies</span> <span class='ocrx_word' id='word_1_256' title='bbox 424 2120 528 2167; x_wconf 72' lang='lat' dir='ltr'>aeterna</span> <span class='ocrx_word' id='word_1_257' title='bbox 548 2113 694 2184; x_wconf 87' lang='lat' dir='ltr'>accipitur,</span> <span class='ocrx_word' id='word_1_258' title='bbox 718 2131 779 2185; x_wconf 84' lang='lat' dir='ltr'>quae</span> <span class='ocrx_word' id='word_1_259' title='bbox 799 2116 904 2169; x_wconf 90' lang='lat' dir='ltr'>sanetis</span> <span class='ocrx_word' id='word_1_260' title='bbox 927 2115 954 2169; x_wconf 92' lang='lat' dir='ltr'>in</span> <span class='ocrx_word' id='word_1_261' title='bbox 997 2129 1061 2165; x_wconf 89' lang='lat' dir='ltr'>vero</span> <span class='ocrx_word' id='word_1_262' title='bbox 1077 2129 1128 2167; x_wconf 89' lang='lat' dir='ltr'>sua</span> <span class='ocrx_word' id='word_1_263' title='bbox 1149 2128 1213 2165; x_wconf 88' lang='lat' dir='ltr'>eum</span> <span class='ocrx_word' id='word_1_264' title='bbox 1229 2128 1378 2166; x_wconf 79' lang='lat' dir='ltr'>coronasse</span> <span class='ocrx_word' id='word_1_265' title='bbox 1393 2112 1505 2171; x_wconf 88' lang='lat' dir='ltr'>dieitur,</span> <span class='ocrx_word' id='word_1_266' title='bbox 1521 2112 1585 2183; x_wconf 87' lang='lat' dir='ltr'>quia</span> <span class='ocrx_word' id='word_1_267' title='bbox 1605 2112 1684 2182; x_wconf 88' lang='lat' dir='ltr'>rirgo</span> <span class='ocrx_word' id='word_1_268' title='bbox 1705 2110 1794 2166; x_wconf 82' lang='lat' dir='ltr'>bieria</span> 
     </span>
     <span class='ocr_line' id='line_1_22' title="bbox 117 2188 1794 2274; baseline 0.001 -22"><span class='ocrx_word' id='word_1_269' title='bbox 117 2188 282 2252; x_wconf 75' lang='lat' dir='ltr'>Ecclesia</span> <span class='ocrx_word' id='word_1_270' title='bbox 296 2201 512 2271; x_wconf 80' lang='lat' dir='ltr'>repromittitur,</span> <span class='ocrx_word' id='word_1_271' title='bbox 524 2202 558 2256; x_wconf 89' lang='lat' dir='ltr'>ad</span> <span class='ocrx_word' id='word_1_272' title='bbox 574 2219 658 2274; x_wconf 89' lang='lat' dir='ltr'>quam</span> <span class='ocrx_word' id='word_1_273' title='bbox 672 2209 956 2259; x_wconf 87' lang='lat' dir='ltr'>tamenascensuscst</span> <span class='ocrx_word' id='word_1_274' title='bbox 998 2200 1038 2254; x_wconf 91' lang='lat' dir='ltr'>ilii</span> <span class='ocrx_word' id='word_1_275' title='bbox 1056 2200 1091 2255; x_wconf 92' lang='lat' dir='ltr'>de</span> <span class='ocrx_word' id='word_1_276' title='bbox 1119 2217 1170 2254; x_wconf 90' lang='lat' dir='ltr'>sua</span> <span class='ocrx_word' id='word_1_277' title='bbox 1199 2200 1292 2254; x_wconf 89' lang='lat' dir='ltr'>carnis</span> <span class='ocrx_word' id='word_1_278' title='bbox 1321 2200 1466 2254; x_wconf 79' lang='lat' dir='ltr'>materiem</span> <span class='ocrx_word' id='word_1_279' title='bbox 1490 2199 1622 2270; x_wconf 78' lang='lat' dir='ltr'>praebuit.</span> <span class='ocrx_word' id='word_1_280' title='bbox 1652 2218 1665 2252; x_wconf 84' lang='grc'>3</span> <span class='ocrx_word' id='word_1_281' title='bbox 1690 2201 1721 2254; x_wconf 89' lang='grc'>13</span> <span class='ocrx_word' id='word_1_282' title='bbox 1749 2200 1794 2255; x_wconf 87' lang='grc'>(113</span> 
     </span>
     <span class='ocr_line' id='line_1_23' title="bbox 115 2288 1796 2362; baseline 0.002 -22"><span class='ocrx_word' id='word_1_283' title='bbox 115 2291 327 2358; x_wconf 69' lang='lat' dir='ltr'>Purpureus.</span> <span class='ocrx_word' id='word_1_284' title='bbox 351 2289 512 2360; x_wconf 90' lang='lat' dir='ltr'>Purpureus</span> <span class='ocrx_word' id='word_1_285' title='bbox 527 2308 659 2346; x_wconf 87' lang='lat' dir='ltr'>ascensus</span> <span class='ocrx_word' id='word_1_286' title='bbox 674 2298 717 2347; x_wconf 90' lang='lat' dir='ltr'>est</span> <span class='ocrx_word' id='word_1_287' title='bbox 732 2293 824 2362; x_wconf 85' lang='lat' dir='ltr'>passio</span> <span class='ocrx_word' id='word_1_288' title='bbox 839 2293 955 2354; x_wconf 86' lang='lat' dir='ltr'>Christi,</span> <span class='ocrx_word' id='word_1_289' title='bbox 998 2290 1192 2361; x_wconf 86' lang='lat' dir='ltr'>desponsionis</span> <span class='ocrx_word' id='word_1_290' title='bbox 1205 2290 1274 2360; x_wconf 83' lang='lat' dir='ltr'>ejus.</span> <span class='ocrx_word' id='word_1_291' title='bbox 1286 2309 1299 2342; x_wconf 85' lang='lat' dir='ltr'>a</span> <span class='ocrx_word' id='word_1_292' title='bbox 1312 2290 1362 2343; x_wconf 91' lang='lat' dir='ltr'>huc</span> <span class='ocrx_word' id='word_1_293' title='bbox 1378 2298 1429 2351; x_wconf 86' lang='lat' dir='ltr'>est,</span> <span class='ocrx_word' id='word_1_294' title='bbox 1446 2288 1613 2360; x_wconf 87' lang='lat' dir='ltr'>intempore</span> <span class='ocrx_word' id='word_1_295' title='bbox 1627 2290 1796 2345; x_wconf 89' lang='lat' dir='ltr'>incarnatio·</span> 
     </span>
     <span class='ocr_line' id='line_1_24' title="bbox 117 2365 1795 2451; baseline 0.002 -23"><span class='ocrx_word' id='word_1_296' title='bbox 117 2376 225 2442; x_wconf 75' lang='lat' dir='ltr'>quia</span> <span class='ocrx_word' id='word_1_297' title='bbox 239 2394 364 2448; x_wconf 90' lang='lat' dir='ltr'>purpura</span> <span class='ocrx_word' id='word_1_298' title='bbox 378 2379 499 2433; x_wconf 87' lang='lat' dir='ltr'>colorem</span> <span class='ocrx_word' id='word_1_299' title='bbox 513 2381 660 2451; x_wconf 85' lang='lat' dir='ltr'>sanguinis</span> <span class='ocrx_word' id='word_1_300' title='bbox 679 2381 816 2436; x_wconf 88' lang='lat' dir='ltr'>imitatur.</span> <span class='ocrx_word' id='word_1_301' title='bbox 832 2383 956 2436; x_wconf 74' lang='lat' dir='ltr'>ascensu</span> <span class='ocrx_word' id='word_1_302' title='bbox 998 2379 1170 2450; x_wconf 80' lang='lat' dir='ltr'>nis,quaa·lo</span> <span class='ocrx_word' id='word_1_303' title='bbox 1182 2379 1234 2432; x_wconf 84' lang='lat' dir='ltr'>sibi</span> <span class='ocrx_word' id='word_1_304' title='bbox 1248 2379 1397 2432; x_wconf 85' lang='lat' dir='ltr'>Ecclesiam</span> <span class='ocrx_word' id='word_1_305' title='bbox 1412 2365 1558 2448; x_wconf 78' lang='lat' dir='ltr'>eonJuniit</span> <span class='ocrx_word' id='word_1_306' title='bbox 1573 2395 1628 2433; x_wconf 93' lang='lat' dir='ltr'>non</span> <span class='ocrx_word' id='word_1_307' title='bbox 1644 2379 1795 2434; x_wconf 88' lang='lat' dir='ltr'>habentem</span> 
     </span>
     <span class='ocr_line' id='line_1_25' title="bbox 118 2468 1797 2541; baseline 0.001 -21"><span class='ocrx_word' id='word_1_308' title='bbox 118 2469 170 2511; x_wconf 64' lang='grc' dir='ltr'>Ε</span> <span class='ocrx_word' id='word_1_309' title='bbox 182 2482 227 2536; x_wconf 84' lang='lat' dir='ltr'>rgo</span> <span class='ocrx_word' id='word_1_310' title='bbox 237 2469 420 2539; x_wconf 88' lang='lat' dir='ltr'>purpureoad</span> <span class='ocrx_word' id='word_1_311' title='bbox 434 2470 642 2524; x_wconf 80' lang='lat' dir='ltr'>reclinatorium</span> <span class='ocrx_word' id='word_1_312' title='bbox 656 2471 824 2541; x_wconf 89' lang='lat' dir='ltr'>pervenitur,</span> <span class='ocrx_word' id='word_1_313' title='bbox 837 2470 901 2541; x_wconf 90' lang='lat' dir='ltr'>quia</span> <span class='ocrx_word' id='word_1_314' title='bbox 916 2470 956 2524; x_wconf 93' lang='lat' dir='ltr'>illi</span> <span class='ocrx_word' id='word_1_315' title='bbox 998 2469 1135 2521; x_wconf 84' lang='grc'>3333331333</span> <span class='ocrx_word' id='word_1_316' title='bbox 1153 2474 1202 2522; x_wconf 87' lang='grc'>331</span> <span class='ocrx_word' id='word_1_317' title='bbox 1218 2484 1327 2536; x_wconf 78' lang='lat' dir='ltr'>rugam,</span> <span class='ocrx_word' id='word_1_318' title='bbox 1340 2471 1380 2521; x_wconf 88' lang='lat' dir='ltr'>rei</span> <span class='ocrx_word' id='word_1_319' title='bbox 1397 2469 1508 2537; x_wconf 88' lang='lat' dir='ltr'>quanda</span> <span class='ocrx_word' id='word_1_320' title='bbox 1523 2468 1597 2521; x_wconf 87' lang='lat' dir='ltr'>Deus</span> <span class='ocrx_word' id='word_1_321' title='bbox 1613 2468 1720 2522; x_wconf 91' lang='lat' dir='ltr'>homini</span> <span class='ocrx_word' id='word_1_322' title='bbox 1733 2484 1797 2522; x_wconf 91' lang='lat' dir='ltr'>con·</span> 
     </span>
     <span class='ocr_line' id='line_1_26' title="bbox 118 2546 1797 2628; baseline 0.001 -21"><span class='ocrx_word' id='word_1_323' title='bbox 118 2554 198 2607; x_wconf 56' lang='grc' dir='ltr'>δᾶ</span> <span class='ocrx_word' id='word_1_324' title='bbox 211 2546 380 2609; x_wconf 76' lang='lat' dir='ltr'>aeternarum</span> <span class='ocrx_word' id='word_1_325' title='bbox 390 2557 536 2626; x_wconf 87' lang='lat' dir='ltr'>epularum</span> <span class='ocrx_word' id='word_1_326' title='bbox 553 2556 721 2611; x_wconf 84' lang='lat' dir='ltr'>discubitum</span> <span class='ocrx_word' id='word_1_327' title='bbox 738 2557 812 2611; x_wconf 90' lang='lat' dir='ltr'>etad</span> <span class='ocrx_word' id='word_1_328' title='bbox 829 2574 956 2628; x_wconf 83' lang='lat' dir='ltr'>superma</span> <span class='ocrx_word' id='word_1_329' title='bbox 994 2558 1109 2627; x_wconf 87' lang='lat' dir='ltr'>junctus</span> <span class='ocrx_word' id='word_1_330' title='bbox 1121 2563 1173 2611; x_wconf 91' lang='lat' dir='ltr'>est.</span> <span class='ocrx_word' id='word_1_331' title='bbox 1191 2578 1200 2606; x_wconf 74' lang='grc' dir='ltr'>ι</span> <span class='ocrx_word' id='word_1_332' title='bbox 1222 2558 1253 2610; x_wconf 83' lang='lat' dir='ltr'>Et</span> <span class='ocrx_word' id='word_1_333' title='bbox 1265 2558 1291 2610; x_wconf 91' lang='lat' dir='ltr'>in</span> <span class='ocrx_word' id='word_1_334' title='bbox 1308 2557 1354 2610; x_wconf 83' lang='lat' dir='ltr'>dre</span> <span class='ocrx_word' id='word_1_335' title='bbox 1365 2557 1467 2611; x_wconf 75' lang='lat' dir='ltr'>laetitiae</span> <span class='ocrx_word' id='word_1_336' title='bbox 1482 2557 1652 2625; x_wconf 81' lang='lat' dir='ltr'>cordisejus.</span> <span class='ocrx_word' id='word_1_337' title='bbox 1665 2578 1675 2606; x_wconf 83' lang='grc'>3</span> <span class='ocrx_word' id='word_1_338' title='bbox 1688 2557 1797 2611; x_wconf 76' lang='lat' dir='ltr'>Laetitia</span> 
     </span>
     <span class='ocr_line' id='line_1_27' title="bbox 122 2644 1795 2717; baseline 0.001 -21"><span class='ocrx_word' id='word_1_339' title='bbox 122 2644 263 2712; x_wconf 70' lang='lat' dir='ltr'>quietis</span> <span class='ocrx_word' id='word_1_340' title='bbox 278 2645 402 2715; x_wconf 89' lang='lat' dir='ltr'>requiem</span> <span class='ocrx_word' id='word_1_341' title='bbox 418 2645 595 2716; x_wconf 75' lang='lat' dir='ltr'>verriuntqui</span> <span class='ocrx_word' id='word_1_342' title='bbox 612 2646 781 2717; x_wconf 78' lang='lat' dir='ltr'>inpraesenti</span> <span class='ocrx_word' id='word_1_343' title='bbox 798 2647 953 2717; x_wconf 90' lang='lat' dir='ltr'>passionem</span> <span class='ocrx_word' id='word_1_344' title='bbox 997 2645 1070 2699; x_wconf 90' lang='lat' dir='ltr'>enim</span> <span class='ocrx_word' id='word_1_345' title='bbox 1083 2653 1110 2697; x_wconf 93' lang='lat' dir='ltr'>et</span> <span class='ocrx_word' id='word_1_346' title='bbox 1120 2645 1255 2713; x_wconf 85' lang='lat' dir='ltr'>gaudium</span> <span class='ocrx_word' id='word_1_347' title='bbox 1268 2645 1380 2706; x_wconf 82' lang='lat' dir='ltr'>Christi.¹</span> <span class='ocrx_word' id='word_1_348' title='bbox 1392 2645 1469 2699; x_wconf 91' lang='lat' dir='ltr'>salus</span> <span class='ocrx_word' id='word_1_349' title='bbox 1480 2656 1508 2698; x_wconf 91' lang='grc'>31</span> <span class='ocrx_word' id='word_1_350' title='bbox 1518 2644 1795 2714; x_wconf 89' lang='lat' dir='ltr'>redemptiohumani</span> 
     </span>
     <span class='ocr_line' id='line_1_28' title="bbox 124 2714 1795 2805; baseline 0.001 -21"><span class='ocrx_word' id='word_1_351' title='bbox 124 2714 357 2803; x_wconf 51' lang='lat' dir='ltr'>laniernproris</span> <span class='ocrx_word' id='word_1_352' title='bbox 369 2734 413 2787; x_wconf 91' lang='lat' dir='ltr'>sui</span> <span class='ocrx_word' id='word_1_353' title='bbox 423 2734 506 2804; x_wconf 84' lang='lat' dir='ltr'>digne</span> <span class='ocrx_word' id='word_1_354' title='bbox 515 2736 641 2789; x_wconf 87' lang='lat' dir='ltr'>venerari</span> <span class='ocrx_word' id='word_1_355' title='bbox 652 2741 680 2788; x_wconf 88' lang='lat' dir='ltr'>et</span> <span class='ocrx_word' id='word_1_356' title='bbox 695 2735 800 2789; x_wconf 87' lang='lat' dir='ltr'>imitari</span> <span class='ocrx_word' id='word_1_357' title='bbox 811 2740 954 2805; x_wconf 86' lang='lat' dir='ltr'>satagunt.</span> <span class='ocrx_word' id='word_1_358' title='bbox 997 2733 1109 2804; x_wconf 81' lang='lat' dir='ltr'>generis</span> <span class='ocrx_word' id='word_1_359' title='bbox 1118 2740 1170 2790; x_wconf 82' lang='lat' dir='ltr'>est.</span> <span class='ocrx_word' id='word_1_360' title='bbox 1178 2733 1259 2801; x_wconf 80' lang='lat' dir='ltr'>juxta</span> <span class='ocrx_word' id='word_1_361' title='bbox 1270 2733 1343 2803; x_wconf 89' lang='lat' dir='ltr'>quad</span> <span class='ocrx_word' id='word_1_362' title='bbox 1357 2733 1384 2786; x_wconf 90' lang='lat' dir='ltr'>ia</span> <span class='ocrx_word' id='word_1_363' title='bbox 1394 2733 1543 2802; x_wconf 82' lang='lat' dir='ltr'>Evangelia</span> <span class='ocrx_word' id='word_1_364' title='bbox 1554 2735 1656 2786; x_wconf 77' lang='lat' dir='ltr'>inultos</span> <span class='ocrx_word' id='word_1_365' title='bbox 1666 2732 1701 2786; x_wconf 92' lang='lat' dir='ltr'>ad</span> <span class='ocrx_word' id='word_1_366' title='bbox 1711 2733 1795 2786; x_wconf 88' lang='grc'>1131333</span> 
     </span>
     <span class='ocr_line' id='line_1_29' title="bbox 139 2820 1798 2894; baseline 0 -21"><span class='ocrx_word' id='word_1_367' title='bbox 139 2832 178 2867; x_wconf 64' lang='grc' dir='ltr'>ἱ</span> <span class='ocrx_word' id='word_1_368' title='bbox 195 2820 286 2874; x_wconf 85' lang='grc'>1133113</span> <span class='ocrx_word' id='word_1_369' title='bbox 300 2821 437 2876; x_wconf 87' lang='lat' dir='ltr'>charitate</span> <span class='ocrx_word' id='word_1_370' title='bbox 458 2823 611 2877; x_wconf 83' lang='lat' dir='ltr'>constravit</span> <span class='ocrx_word' id='word_1_371' title='bbox 628 2830 742 2894; x_wconf 88' lang='lat' dir='ltr'>propter</span> <span class='ocrx_word' id='word_1_372' title='bbox 757 2824 828 2878; x_wconf 83' lang='lat' dir='ltr'>silias</span> <span class='ocrx_word' id='word_1_373' title='bbox 852 2823 950 2879; x_wconf 86' lang='lat' dir='ltr'>Hiera·</span> <span class='ocrx_word' id='word_1_374' title='bbox 999 2838 1079 2876; x_wconf 90' lang='lat' dir='ltr'>suam</span> <span class='ocrx_word' id='word_1_375' title='bbox 1092 2838 1211 2875; x_wconf 90' lang='lat' dir='ltr'>cernens</span> <span class='ocrx_word' id='word_1_376' title='bbox 1226 2823 1376 2885; x_wconf 87' lang='lat' dir='ltr'>confluere,</span> <span class='ocrx_word' id='word_1_377' title='bbox 1391 2822 1418 2874; x_wconf 92' lang='lat' dir='ltr'>in</span> <span class='ocrx_word' id='word_1_378' title='bbox 1434 2822 1482 2875; x_wconf 89' lang='lat' dir='ltr'>iila</span> <span class='ocrx_word' id='word_1_379' title='bbox 1498 2820 1599 2891; x_wconf 80' lang='lat' dir='ltr'>linquit</span> <span class='ocrx_word' id='word_1_380' title='bbox 1614 2820 1798 2892; x_wconf 87' lang='lat' dir='ltr'>evangelista)</span> 
     </span>
     <span class='ocr_line' id='line_1_30' title="bbox 132 2900 1797 2985; baseline 0 -23"><span class='ocrx_word' id='word_1_381' title='bbox 132 2908 259 2962; x_wconf 54' lang='grc'>831333,</span> <span class='ocrx_word' id='word_1_382' title='bbox 277 2929 289 2961; x_wconf 77' lang='lat' dir='ltr'>v</span> <span class='ocrx_word' id='word_1_383' title='bbox 308 2911 400 2964; x_wconf 82' lang='lat' dir='ltr'>bledla</span> <span class='ocrx_word' id='word_1_384' title='bbox 414 2911 551 2967; x_wconf 85' lang='lat' dir='ltr'>charitate</span> <span class='ocrx_word' id='word_1_385' title='bbox 564 2913 727 2978; x_wconf 85' lang='lat' dir='ltr'>constravit,</span> <span class='ocrx_word' id='word_1_386' title='bbox 747 2913 813 2985; x_wconf 90' lang='lat' dir='ltr'>quia</span> <span class='ocrx_word' id='word_1_387' title='bbox 829 2900 960 2968; x_wconf 80' lang='lat' dir='ltr'>omnibus</span> <span class='ocrx_word' id='word_1_388' title='bbox 1000 2911 1070 2965; x_wconf 86' lang='lat' dir='ltr'>bora</span> <span class='ocrx_word' id='word_1_389' title='bbox 1094 2910 1251 2973; x_wconf 81' lang='lat' dir='ltr'>exsultavit,</span> <span class='ocrx_word' id='word_1_390' title='bbox 1277 2915 1306 2964; x_wconf 91' lang='lat' dir='ltr'>et</span> <span class='ocrx_word' id='word_1_391' title='bbox 1325 2909 1394 2964; x_wconf 89' lang='lat' dir='ltr'>dixit</span> <span class='ocrx_word' id='word_1_392' title='bbox 1416 2927 1422 2966; x_wconf 94' lang='lat'><strong>:</strong></span> <span class='ocrx_word' id='word_1_393' title='bbox 1441 2929 1454 2962; x_wconf 87' lang='grc'>3</span> <span class='ocrx_word' id='word_1_394' title='bbox 1472 2910 1614 2964; x_wconf 86' lang='lat' dir='ltr'>Confiteor</span> <span class='ocrx_word' id='word_1_395' title='bbox 1633 2909 1695 2972; x_wconf 85' lang='lat' dir='ltr'>tibi,</span> <span class='ocrx_word' id='word_1_396' title='bbox 1712 2909 1797 2964; x_wconf 89' lang='lat' dir='ltr'>Pater</span> 
     </span>
     <span class='ocr_line' id='line_1_31' title="bbox 137 2994 1798 3071; baseline 0.001 -20"><span class='ocrx_word' id='word_1_397' title='bbox 137 2994 292 3052; x_wconf 71' lang='grc'>1133111133</span> <span class='ocrx_word' id='word_1_398' title='bbox 315 3016 395 3054; x_wconf 85' lang='lat' dir='ltr'>suam</span> <span class='ocrx_word' id='word_1_399' title='bbox 412 3001 576 3056; x_wconf 89' lang='lat' dir='ltr'>charitatem</span> <span class='ocrx_word' id='word_1_400' title='bbox 592 3002 720 3056; x_wconf 85' lang='lat' dir='ltr'>Christus</span> <span class='ocrx_word' id='word_1_401' title='bbox 741 3002 956 3065; x_wconf 88' lang='lat' dir='ltr'>commendavit,</span> <span class='ocrx_word' id='word_1_402' title='bbox 1001 2999 1062 3053; x_wconf 79' lang='lat' dir='ltr'>cali</span> <span class='ocrx_word' id='word_1_403' title='bbox 1077 3005 1105 3054; x_wconf 92' lang='lat' dir='ltr'>et</span> <span class='ocrx_word' id='word_1_404' title='bbox 1119 3004 1212 3053; x_wconf 75' lang='lat' dir='ltr'>terra.</span> <span class='ocrx_word' id='word_1_405' title='bbox 1226 2999 1292 3068; x_wconf 91' lang='lat' dir='ltr'>quia</span> <span class='ocrx_word' id='word_1_406' title='bbox 1302 2997 1473 3053; x_wconf 89' lang='lat' dir='ltr'>abscondisti</span> <span class='ocrx_word' id='word_1_407' title='bbox 1483 2999 1568 3054; x_wconf 88' lang='lat' dir='ltr'>baeca</span> <span class='ocrx_word' id='word_1_408' title='bbox 1583 2997 1755 3071; x_wconf 85' lang='lat' dir='ltr'>sapientibus</span> <span class='ocrx_word' id='word_1_409' title='bbox 1769 3003 1798 3053; x_wconf 93' lang='lat' dir='ltr'>et</span> 
     </span>
     <span class='ocr_line' id='line_1_32' title="bbox 142 3087 1797 3162; baseline 0.001 -22"><span class='ocrx_word' id='word_1_410' title='bbox 142 3088 295 3158; x_wconf 71' lang='grc'>1331133310</span> <span class='ocrx_word' id='word_1_411' title='bbox 310 3105 360 3160; x_wconf 89' lang='lat' dir='ltr'>pra</span> <span class='ocrx_word' id='word_1_412' title='bbox 376 3089 466 3156; x_wconf 88' lang='lat' dir='ltr'>nobis,</span> <span class='ocrx_word' id='word_1_413' title='bbox 482 3097 511 3145; x_wconf 91' lang='grc'>31</span> <span class='ocrx_word' id='word_1_414' title='bbox 524 3090 649 3162; x_wconf 86' lang='lat' dir='ltr'>requiem</span> <span class='ocrx_word' id='word_1_415' title='bbox 666 3090 746 3145; x_wconf 90' lang='lat' dir='ltr'>uobis</span> <span class='ocrx_word' id='word_1_416' title='bbox 763 3092 956 3161; x_wconf 71' lang='lat' dir='ltr'>praeparando,</span> <span class='ocrx_word' id='word_1_417' title='bbox 968 3095 989 3152; x_wconf 81' lang='lat' dir='ltr'><strong>G</strong></span> <span class='ocrx_word' id='word_1_418' title='bbox 1001 3087 1196 3159; x_wconf 79' lang='lat' dir='ltr'>prudentibus,</span> <span class='ocrx_word' id='word_1_419' title='bbox 1213 3095 1242 3142; x_wconf 89' lang='grc'>31</span> <span class='ocrx_word' id='word_1_420' title='bbox 1256 3088 1385 3142; x_wconf 80' lang='lat' dir='ltr'>revelasti</span> <span class='ocrx_word' id='word_1_421' title='bbox 1398 3104 1432 3142; x_wconf 89' lang='grc'>33</span> <span class='ocrx_word' id='word_1_422' title='bbox 1446 3087 1569 3158; x_wconf 89' lang='lat' dir='ltr'>parvulis</span> <span class='ocrx_word' id='word_1_423' title='bbox 1592 3087 1691 3143; x_wconf 77' lang='lat' dir='ltr'>alitia</span> <span class='ocrx_word' id='word_1_424' title='bbox 1706 3088 1797 3142; x_wconf 85' lang='lat' dir='ltr'>Evan-</span> 
     </span>
     <span class='ocr_line' id='line_1_33' title="bbox 136 3174 1796 3249; baseline 0.001 -19"><span class='ocrx_word' id='word_1_425' title='bbox 136 3174 876 3249; x_wconf 80' lang='lat' dir='ltr'>juxtaquudrlpostoiusdicit:Commendataatem</span> <span class='ocrx_word' id='word_1_426' title='bbox 888 3181 961 3234; x_wconf 87' lang='lat' dir='ltr'>Deus</span> <span class='ocrx_word' id='word_1_427' title='bbox 1001 3178 1091 3249; x_wconf 88' lang='lat' dir='ltr'>geiiea</span> <span class='ocrx_word' id='word_1_428' title='bbox 1114 3176 1248 3247; x_wconf 87' lang='lat' dir='ltr'>parabola</span> <span class='ocrx_word' id='word_1_429' title='bbox 1275 3176 1389 3231; x_wconf 89' lang='lat' dir='ltr'>inventa</span> <span class='ocrx_word' id='word_1_430' title='bbox 1414 3193 1472 3241; x_wconf 90' lang='lat' dir='ltr'>ove,</span> <span class='ocrx_word' id='word_1_431' title='bbox 1494 3177 1656 3231; x_wconf 87' lang='lat' dir='ltr'>convocavit</span> <span class='ocrx_word' id='word_1_432' title='bbox 1683 3176 1796 3241; x_wconf 87' lang='lat' dir='ltr'>amicos,</span> 
     </span>
     <span class='ocr_line' id='line_1_34' title="bbox 148 3263 1800 3337; baseline 0.001 -20"><span class='ocrx_word' id='word_1_433' title='bbox 148 3279 240 3318; x_wconf 69' lang='lat' dir='ltr'>suana</span> <span class='ocrx_word' id='word_1_434' title='bbox 251 3266 418 3321; x_wconf 88' lang='lat' dir='ltr'>charitatem</span> <span class='ocrx_word' id='word_1_435' title='bbox 430 3267 557 3324; x_wconf 86' lang='lat' dir='ltr'>innubis.</span> <span class='ocrx_word' id='word_1_436' title='bbox 570 3268 703 3337; x_wconf 87' lang='lat' dir='ltr'>quoniam</span> <span class='ocrx_word' id='word_1_437' title='bbox 719 3284 781 3321; x_wconf 91' lang='lat' dir='ltr'>cum</span> <span class='ocrx_word' id='word_1_438' title='bbox 796 3268 962 3334; x_wconf 69' lang='grc'>3311333333-</span> <span class='ocrx_word' id='word_1_439' title='bbox 1002 3267 1097 3319; x_wconf 90' lang='lat' dir='ltr'>dicens</span> <span class='ocrx_word' id='word_1_440' title='bbox 1114 3283 1139 3318; x_wconf 78' lang='lat' dir='ltr'>:a</span> <span class='ocrx_word' id='word_1_441' title='bbox 1149 3263 1394 3335; x_wconf 85' lang='lat' dir='ltr'>Gongratulamini</span> <span class='ocrx_word' id='word_1_442' title='bbox 1410 3265 1511 3322; x_wconf 76' lang='lat' dir='ltr'>milri.»</span> <span class='ocrx_word' id='word_1_443' title='bbox 1526 3267 1622 3321; x_wconf 84' lang='lat' dir='ltr'>Potest</span> <span class='ocrx_word' id='word_1_444' title='bbox 1630 3267 1683 3320; x_wconf 91' lang='lat' dir='ltr'>hoc</span> <span class='ocrx_word' id='word_1_445' title='bbox 1694 3272 1723 3320; x_wconf 90' lang='lat' dir='ltr'>et</span> <span class='ocrx_word' id='word_1_446' title='bbox 1734 3266 1800 3320; x_wconf 90' lang='lat' dir='ltr'>sim·</span> 
     </span>
     <span class='ocr_line' id='line_1_35' title="bbox 151 3355 1799 3429; baseline 0.001 -23"><span class='ocrx_word' id='word_1_447' title='bbox 151 3362 272 3408; x_wconf 71' lang='lat' dir='ltr'>catores</span> <span class='ocrx_word' id='word_1_448' title='bbox 284 3371 418 3417; x_wconf 88' lang='lat' dir='ltr'>essemus,</span> <span class='ocrx_word' id='word_1_449' title='bbox 435 3356 576 3429; x_wconf 84' lang='lat' dir='ltr'>pronubis</span> <span class='ocrx_word' id='word_1_450' title='bbox 591 3356 691 3410; x_wconf 84' lang='lat' dir='ltr'>Filium</span> <span class='ocrx_word' id='word_1_451' title='bbox 705 3373 787 3411; x_wconf 91' lang='lat' dir='ltr'>suum</span> <span class='ocrx_word' id='word_1_452' title='bbox 800 3357 825 3409; x_wconf 93' lang='lat' dir='ltr'>in</span> <span class='ocrx_word' id='word_1_453' title='bbox 843 3365 962 3410; x_wconf 89' lang='lat' dir='ltr'>mortem</span> <span class='ocrx_word' id='word_1_454' title='bbox 1002 3355 1112 3426; x_wconf 86' lang='lat' dir='ltr'>pliciter</span> <span class='ocrx_word' id='word_1_455' title='bbox 1120 3355 1250 3409; x_wconf 89' lang='lat' dir='ltr'>totumad</span> <span class='ocrx_word' id='word_1_456' title='bbox 1263 3355 1420 3425; x_wconf 86' lang='lat' dir='ltr'>passionem</span> <span class='ocrx_word' id='word_1_457' title='bbox 1432 3356 1536 3410; x_wconf 69' lang='lat' dir='ltr'>Christi</span> <span class='ocrx_word' id='word_1_458' title='bbox 1554 3356 1652 3410; x_wconf 86' lang='lat' dir='ltr'>reierri</span> <span class='ocrx_word' id='word_1_459' title='bbox 1660 3357 1741 3426; x_wconf 88' lang='lat' dir='ltr'>juxta</span> <span class='ocrx_word' id='word_1_460' title='bbox 1752 3355 1799 3409; x_wconf 91' lang='lat' dir='ltr'>iit-</span> 
     </span>
     <span class='ocr_line' id='line_1_36' title="bbox 157 3442 1801 3516; baseline 0.001 -21"><span class='ocrx_word' id='word_1_461' title='bbox 157 3442 290 3497; x_wconf 83' lang='lat' dir='ltr'>tmdidit.</span> <span class='ocrx_word' id='word_1_462' title='bbox 304 3444 407 3499; x_wconf 78' lang='lat' dir='ltr'>Aliter:</span> <span class='ocrx_word' id='word_1_463' title='bbox 421 3444 473 3499; x_wconf 79' lang='lat' dir='ltr'>i&#39;ro</span> <span class='ocrx_word' id='word_1_464' title='bbox 484 3448 629 3499; x_wconf 90' lang='lat' dir='ltr'>columnas</span> <span class='ocrx_word' id='word_1_465' title='bbox 639 3452 798 3510; x_wconf 78' lang='lat' dir='ltr'>argenteas,</span> <span class='ocrx_word' id='word_1_466' title='bbox 808 3445 927 3516; x_wconf 86' lang='lat' dir='ltr'>apostoli</span> <span class='ocrx_word' id='word_1_467' title='bbox 934 3453 963 3500; x_wconf 90' lang='lat' dir='ltr'>et</span> <span class='ocrx_word' id='word_1_468' title='bbox 1002 3450 1102 3500; x_wconf 88' lang='lat' dir='ltr'>teram.</span> <span class='ocrx_word' id='word_1_469' title='bbox 1120 3443 1277 3497; x_wconf 80' lang='lat' dir='ltr'>Pravidens</span> <span class='ocrx_word' id='word_1_470' title='bbox 1292 3444 1376 3498; x_wconf 89' lang='lat' dir='ltr'>etiam</span> <span class='ocrx_word' id='word_1_471' title='bbox 1389 3445 1521 3499; x_wconf 86' lang='lat' dir='ltr'>Salomon</span> <span class='ocrx_word' id='word_1_472' title='bbox 1534 3445 1562 3499; x_wconf 92' lang='lat' dir='ltr'>in</span> <span class='ocrx_word' id='word_1_473' title='bbox 1578 3445 1680 3516; x_wconf 91' lang='lat' dir='ltr'>spiritu</span> <span class='ocrx_word' id='word_1_474' title='bbox 1696 3445 1801 3516; x_wconf 85' lang='lat' dir='ltr'>passio·</span> 
     </span>
     <span class='ocr_line' id='line_1_37' title="bbox 162 3532 1798 3605; baseline 0.001 -21"><span class='ocrx_word' id='word_1_475' title='bbox 162 3532 310 3601; x_wconf 87' lang='lat' dir='ltr'>apostolici</span> <span class='ocrx_word' id='word_1_476' title='bbox 326 3533 374 3586; x_wconf 91' lang='lat' dir='ltr'>viri</span> <span class='ocrx_word' id='word_1_477' title='bbox 390 3534 592 3605; x_wconf 89' lang='lat' dir='ltr'>designantur;</span> <span class='ocrx_word' id='word_1_478' title='bbox 618 3551 667 3605; x_wconf 89' lang='lat' dir='ltr'>per</span> <span class='ocrx_word' id='word_1_479' title='bbox 683 3534 893 3588; x_wconf 88' lang='lat' dir='ltr'>reclinatorium</span> <span class='ocrx_word' id='word_1_480' title='bbox 909 3550 961 3588; x_wconf 89' lang='lat' dir='ltr'>au·</span> <span class='ocrx_word' id='word_1_481' title='bbox 1003 3548 1066 3584; x_wconf 86' lang='lat' dir='ltr'>nrm</span> <span class='ocrx_word' id='word_1_482' title='bbox 1090 3532 1204 3596; x_wconf 87' lang='lat' dir='ltr'>Christi,</span> <span class='ocrx_word' id='word_1_483' title='bbox 1228 3535 1311 3602; x_wconf 87' lang='lat' dir='ltr'>longe</span> <span class='ocrx_word' id='word_1_484' title='bbox 1332 3542 1397 3587; x_wconf 89' lang='lat' dir='ltr'>ante</span> <span class='ocrx_word' id='word_1_485' title='bbox 1412 3533 1603 3604; x_wconf 75' lang='lat' dir='ltr'>praemonebat</span> <span class='ocrx_word' id='word_1_486' title='bbox 1619 3533 1704 3587; x_wconf 78' lang='lat' dir='ltr'>filiam</span> <span class='ocrx_word' id='word_1_487' title='bbox 1722 3533 1798 3599; x_wconf 84' lang='lat' dir='ltr'>Sion,</span> 
     </span>
     <span class='ocr_line' id='line_1_38' title="bbox 163 3620 1798 3695; baseline 0.001 -22"><span class='ocrx_word' id='word_1_488' title='bbox 163 3636 254 3682; x_wconf 84' lang='lat' dir='ltr'>reum,</span> <span class='ocrx_word' id='word_1_489' title='bbox 271 3621 418 3676; x_wconf 91' lang='lat' dir='ltr'>doctorum</span> <span class='ocrx_word' id='word_1_490' title='bbox 440 3624 518 3687; x_wconf 88' lang='lat' dir='ltr'>ordo,</span> <span class='ocrx_word' id='word_1_491' title='bbox 534 3625 582 3695; x_wconf 89' lang='lat' dir='ltr'>qui</span> <span class='ocrx_word' id='word_1_492' title='bbox 597 3640 659 3678; x_wconf 85' lang='grc'>33333</span> <span class='ocrx_word' id='word_1_493' title='bbox 684 3623 835 3677; x_wconf 88' lang='lat' dir='ltr'>inellabiiia</span> <span class='ocrx_word' id='word_1_494' title='bbox 850 3632 961 3678; x_wconf 73' lang='lat' dir='ltr'>aeternas</span> <span class='ocrx_word' id='word_1_495' title='bbox 1003 3620 1030 3675; x_wconf 93' lang='lat' dir='ltr'>id</span> <span class='ocrx_word' id='word_1_496' title='bbox 1046 3627 1088 3675; x_wconf 89' lang='lat' dir='ltr'>est</span> <span class='ocrx_word' id='word_1_497' title='bbox 1100 3620 1207 3690; x_wconf 84' lang='lat' dir='ltr'>piebem</span> <span class='ocrx_word' id='word_1_498' title='bbox 1221 3622 1429 3681; x_wconf 79' lang='lat' dir='ltr'>israeliticam«</span> <span class='ocrx_word' id='word_1_499' title='bbox 1441 3622 1622 3692; x_wconf 81' lang='lat' dir='ltr'>Egredimini,</span> <span class='ocrx_word' id='word_1_500' title='bbox 1634 3641 1647 3673; x_wconf 81' lang='lat' dir='ltr'>a</span> <span class='ocrx_word' id='word_1_501' title='bbox 1659 3621 1798 3691; x_wconf 88' lang='lat' dir='ltr'>inquiens,</span> 
     </span>
     <span class='ocr_line' id='line_1_39' title="bbox 164 3709 1797 3783; baseline 0.001 -22"><span class='ocrx_word' id='word_1_502' title='bbox 164 3709 227 3762; x_wconf 77' lang='lat' dir='ltr'>vitae</span> <span class='ocrx_word' id='word_1_503' title='bbox 239 3712 450 3780; x_wconf 86' lang='lat' dir='ltr'>repromittunt,</span> <span class='ocrx_word' id='word_1_504' title='bbox 468 3718 563 3783; x_wconf 86' lang='lat' dir='ltr'>utique</span> <span class='ocrx_word' id='word_1_505' title='bbox 579 3728 629 3766; x_wconf 90' lang='lat' dir='ltr'>nos</span> <span class='ocrx_word' id='word_1_506' title='bbox 643 3712 767 3766; x_wconf 86' lang='lat' dir='ltr'>suaviter</span> <span class='ocrx_word' id='word_1_507' title='bbox 787 3713 962 3782; x_wconf 88' lang='lat' dir='ltr'>requiescere</span> <span class='ocrx_word' id='word_1_508' title='bbox 1006 3731 1015 3761; x_wconf 83' lang='grc' dir='ltr'>ι</span> <span class='ocrx_word' id='word_1_509' title='bbox 1034 3718 1062 3763; x_wconf 85' lang='grc'>31</span> <span class='ocrx_word' id='word_1_510' title='bbox 1074 3709 1165 3764; x_wconf 87' lang='grc'>3131313</span> <span class='ocrx_word' id='word_1_511' title='bbox 1183 3727 1278 3780; x_wconf 84' lang='lat' dir='ltr'>regern</span> <span class='ocrx_word' id='word_1_512' title='bbox 1298 3712 1487 3770; x_wconf 86' lang='lat' dir='ltr'>Salomonem,</span> <span class='ocrx_word' id='word_1_513' title='bbox 1504 3730 1516 3765; x_wconf 84' lang='lat' dir='ltr'>o</span> <span class='ocrx_word' id='word_1_514' title='bbox 1533 3711 1621 3765; x_wconf 89' lang='lat' dir='ltr'>idest</span> <span class='ocrx_word' id='word_1_515' title='bbox 1642 3710 1797 3772; x_wconf 82' lang='lat' dir='ltr'>Christum,</span> 
     </span>
     <span class='ocr_line' id='line_1_40' title="bbox 166 3798 1801 3872; baseline 0.001 -21"><span class='ocrx_word' id='word_1_516' title='bbox 166 3798 327 3854; x_wconf 65' lang='lat' dir='ltr'>insinuabit</span> <span class='ocrx_word' id='word_1_517' title='bbox 343 3800 394 3854; x_wconf 89' lang='lat' dir='ltr'>boc</span> <span class='ocrx_word' id='word_1_518' title='bbox 409 3801 615 3856; x_wconf 84' lang='lat' dir='ltr'>reclinatorium</span> <span class='ocrx_word' id='word_1_519' title='bbox 630 3801 700 3856; x_wconf 87' lang='lat' dir='ltr'>bene</span> <span class='ocrx_word' id='word_1_520' title='bbox 715 3817 832 3856; x_wconf 84' lang='lat' dir='ltr'>aureum</span> <span class='ocrx_word' id='word_1_521' title='bbox 848 3801 959 3867; x_wconf 89' lang='lat' dir='ltr'>dicitur,</span> <span class='ocrx_word' id='word_1_522' title='bbox 1006 3817 1019 3851; x_wconf 85' lang='grc'>3</span> <span class='ocrx_word' id='word_1_523' title='bbox 1035 3799 1062 3853; x_wconf 91' lang='grc'>13</span> <span class='ocrx_word' id='word_1_524' title='bbox 1078 3798 1246 3864; x_wconf 88' lang='lat' dir='ltr'>diademate,</span> <span class='ocrx_word' id='word_1_525' title='bbox 1273 3817 1285 3851; x_wconf 88' lang='grc'>3</span> <span class='ocrx_word' id='word_1_526' title='bbox 1308 3800 1336 3853; x_wconf 91' lang='grc'>131</span> <span class='ocrx_word' id='word_1_527' title='bbox 1352 3806 1395 3854; x_wconf 87' lang='grc'>331</span> <span class='ocrx_word' id='word_1_528' title='bbox 1411 3799 1440 3853; x_wconf 87' lang='grc'>13</span> <span class='ocrx_word' id='word_1_529' title='bbox 1462 3801 1560 3872; x_wconf 91' lang='lat' dir='ltr'>spinea</span> <span class='ocrx_word' id='word_1_530' title='bbox 1579 3816 1691 3861; x_wconf 88' lang='lat' dir='ltr'>corona,</span> <span class='ocrx_word' id='word_1_531' title='bbox 1708 3818 1721 3851; x_wconf 79' lang='grc'>3</span> <span class='ocrx_word' id='word_1_532' title='bbox 1747 3813 1801 3868; x_wconf 90' lang='lat' dir='ltr'>quo</span> 
     </span>
     <span class='ocr_line' id='line_1_41' title="bbox 170 3886 1801 3962; baseline 0 -23"><span class='ocrx_word' id='word_1_533' title='bbox 170 3887 963 3962; x_wconf 81' lang='lat' dir='ltr'>qaiaineliabileestiiludpraemiumquodsanctiexspe·</span> <span class='ocrx_word' id='word_1_534' title='bbox 1004 3889 1147 3942; x_wconf 84' lang='lat' dir='ltr'>cororravit</span> <span class='ocrx_word' id='word_1_535' title='bbox 1172 3904 1236 3941; x_wconf 88' lang='grc'>3333</span> <span class='ocrx_word' id='word_1_536' title='bbox 1263 3899 1355 3942; x_wconf 89' lang='lat' dir='ltr'>mater</span> <span class='ocrx_word' id='word_1_537' title='bbox 1373 3905 1434 3952; x_wconf 90' lang='lat' dir='ltr'>sua,</span> <span class='ocrx_word' id='word_1_538' title='bbox 1466 3891 1658 3960; x_wconf 69' lang='lat' dir='ltr'>»synagoga</span> <span class='ocrx_word' id='word_1_539' title='bbox 1684 3886 1801 3941; x_wconf 79' lang='lat' dir='ltr'>lindie</span> 
     </span>
     <span class='ocr_line' id='line_1_42' title="bbox 172 3975 1804 4049; baseline 0 -21"><span class='ocrx_word' id='word_1_540' title='bbox 172 3978 292 4030; x_wconf 73' lang='lat' dir='ltr'>stantia</span> <span class='ocrx_word' id='word_1_541' title='bbox 303 3977 387 4031; x_wconf 90' lang='lat' dir='ltr'>rebus</span> <span class='ocrx_word' id='word_1_542' title='bbox 397 3979 470 4032; x_wconf 88' lang='lat' dir='ltr'>enirn</span> <span class='ocrx_word' id='word_1_543' title='bbox 480 3979 592 4032; x_wconf 89' lang='lat' dir='ltr'>caducis</span> <span class='ocrx_word' id='word_1_544' title='bbox 602 3978 951 4049; x_wconf 86' lang='lat' dir='ltr'>nihiipretiosiusestauro</span> <span class='ocrx_word' id='word_1_545' title='bbox 1005 3977 1200 4048; x_wconf 79' lang='lat' dir='ltr'>desponsionis</span> <span class='ocrx_word' id='word_1_546' title='bbox 1212 3978 1282 4047; x_wconf 83' lang='lat' dir='ltr'>ejus,</span> <span class='ocrx_word' id='word_1_547' title='bbox 1297 3995 1310 4027; x_wconf 88' lang='grc'>3</span> <span class='ocrx_word' id='word_1_548' title='bbox 1325 3977 1437 4046; x_wconf 89' lang='lat' dir='ltr'>quando</span> <span class='ocrx_word' id='word_1_549' title='bbox 1450 3977 1578 4031; x_wconf 88' lang='lat' dir='ltr'>videlieet</span> <span class='ocrx_word' id='word_1_550' title='bbox 1592 3978 1644 4031; x_wconf 91' lang='lat' dir='ltr'>sihi</span> <span class='ocrx_word' id='word_1_551' title='bbox 1658 3975 1804 4045; x_wconf 84' lang='lat' dir='ltr'>conjunxit</span> 
     </span>
     <span class='ocr_line' id='line_1_43' title="bbox 176 4062 1797 4138; baseline 0.002 -23"><span class='ocrx_word' id='word_1_552' title='bbox 176 4062 376 4120; x_wconf 85' lang='lat' dir='ltr'>Parascensum</span> <span class='ocrx_word' id='word_1_553' title='bbox 391 4084 455 4121; x_wconf 91' lang='lat' dir='ltr'>vero</span> <span class='ocrx_word' id='word_1_554' title='bbox 471 4068 731 4138; x_wconf 90' lang='lat' dir='ltr'>purpureum,ordo</span> <span class='ocrx_word' id='word_1_555' title='bbox 746 4068 875 4137; x_wconf 88' lang='lat' dir='ltr'>signatur</span> <span class='ocrx_word' id='word_1_556' title='bbox 890 4084 965 4120; x_wconf 74' lang='lat' dir='ltr'>mar·</span> <span class='ocrx_word' id='word_1_557' title='bbox 1007 4066 1171 4131; x_wconf 89' lang='lat' dir='ltr'>Ecclesiam;</span> <span class='ocrx_word' id='word_1_558' title='bbox 1194 4083 1207 4117; x_wconf 86' lang='grc'>3</span> <span class='ocrx_word' id='word_1_559' title='bbox 1222 4074 1251 4119; x_wconf 88' lang='grc'>31</span> <span class='ocrx_word' id='word_1_560' title='bbox 1264 4065 1292 4120; x_wconf 90' lang='grc'>13</span> <span class='ocrx_word' id='word_1_561' title='bbox 1316 4065 1361 4119; x_wconf 86' lang='grc'>3113</span> <span class='ocrx_word' id='word_1_562' title='bbox 1377 4066 1481 4120; x_wconf 83' lang='lat' dir='ltr'>laetitiae</span> <span class='ocrx_word' id='word_1_563' title='bbox 1504 4064 1596 4120; x_wconf 90' lang='lat' dir='ltr'>cordis</span> <span class='ocrx_word' id='word_1_564' title='bbox 1612 4067 1682 4135; x_wconf 88' lang='lat' dir='ltr'>ejus,</span> <span class='ocrx_word' id='word_1_565' title='bbox 1708 4085 1719 4115; x_wconf 87' lang='grc'>3</span> <span class='ocrx_word' id='word_1_566' title='bbox 1742 4080 1797 4135; x_wconf 88' lang='lat' dir='ltr'>quo</span> 
     </span>
     <span class='ocr_line' id='line_1_44' title="bbox 178 4151 1877 4233; baseline 0.002 -29"><span class='ocrx_word' id='word_1_567' title='bbox 178 4156 274 4220; x_wconf 75' lang='lat' dir='ltr'>iprum,</span> <span class='ocrx_word' id='word_1_568' title='bbox 290 4156 336 4226; x_wconf 90' lang='lat' dir='ltr'>qui</span> <span class='ocrx_word' id='word_1_569' title='bbox 351 4156 507 4221; x_wconf 85' lang='lat' dir='ltr'>passionem</span> <span class='ocrx_word' id='word_1_570' title='bbox 521 4156 625 4210; x_wconf 86' lang='lat' dir='ltr'>Christi</span> <span class='ocrx_word' id='word_1_571' title='bbox 636 4156 747 4215; x_wconf 89' lang='lat' dir='ltr'>imitati,</span> <span class='ocrx_word' id='word_1_572' title='bbox 761 4173 811 4227; x_wconf 89' lang='lat' dir='ltr'>pru</span> <span class='ocrx_word' id='word_1_573' title='bbox 825 4156 871 4209; x_wconf 93' lang='lat' dir='ltr'>ilio</span> <span class='ocrx_word' id='word_1_574' title='bbox 882 4172 964 4209; x_wconf 92' lang='lat' dir='ltr'>suum</span> <span class='ocrx_word' id='word_1_575' title='bbox 1007 4153 1149 4224; x_wconf 84' lang='lat' dir='ltr'>gaudebat</span> <span class='ocrx_word' id='word_1_576' title='bbox 1160 4171 1209 4224; x_wconf 88' lang='lat' dir='ltr'>par</span> <span class='ocrx_word' id='word_1_577' title='bbox 1224 4172 1303 4208; x_wconf 92' lang='lat' dir='ltr'>suam</span> <span class='ocrx_word' id='word_1_578' title='bbox 1319 4155 1477 4226; x_wconf 89' lang='lat' dir='ltr'>passionem</span> <span class='ocrx_word' id='word_1_579' title='bbox 1501 4155 1600 4209; x_wconf 90' lang='lat' dir='ltr'>redimi</span> <span class='ocrx_word' id='word_1_580' title='bbox 1619 4154 1753 4208; x_wconf 79' lang='lat' dir='ltr'>anundum</span> <span class='ocrx_word' id='word_1_581' title='bbox 1768 4151 1814 4207; x_wconf 85' lang='lat' dir='ltr'>de&#39;</span> <span class='ocrx_word' id='word_1_582' title='bbox 1870 4223 1877 4233; x_wconf 30' lang='grc' dir='ltr'>ἱ</span> 
     </span>
     <span class='ocr_line' id='line_1_45' title="bbox 182 4240 1805 4315; baseline 0.001 -23"><span class='ocrx_word' id='word_1_583' title='bbox 182 4243 332 4311; x_wconf 87' lang='lat' dir='ltr'>sanguinem</span> <span class='ocrx_word' id='word_1_584' title='bbox 348 4245 490 4300; x_wconf 82' lang='lat' dir='ltr'>fuderunt.</span> <span class='ocrx_word' id='word_1_585' title='bbox 510 4244 565 4300; x_wconf 88' lang='lat' dir='ltr'>Sed</span> <span class='ocrx_word' id='word_1_586' title='bbox 580 4245 645 4315; x_wconf 90' lang='lat' dir='ltr'>quid</span> <span class='ocrx_word' id='word_1_587' title='bbox 670 4261 721 4297; x_wconf 88' lang='lat' dir='ltr'>nos</span> <span class='ocrx_word' id='word_1_588' title='bbox 736 4244 880 4306; x_wconf 86' lang='lat' dir='ltr'>iaciemus,</span> <span class='ocrx_word' id='word_1_589' title='bbox 899 4244 966 4297; x_wconf 89' lang='lat' dir='ltr'>dicit</span> <span class='ocrx_word' id='word_1_590' title='bbox 1008 4240 1144 4295; x_wconf 89' lang='lat' dir='ltr'>diabolica</span> <span class='ocrx_word' id='word_1_591' title='bbox 1160 4248 1308 4312; x_wconf 88' lang='lat' dir='ltr'>potestate.</span> <span class='ocrx_word' id='word_1_592' title='bbox 1326 4243 1580 4313; x_wconf 77' lang='lat' dir='ltr'>ilgredimiaiergo.</span> <span class='ocrx_word' id='word_1_593' title='bbox 1598 4243 1650 4297; x_wconf 91' lang='lat' dir='ltr'>boc</span> <span class='ocrx_word' id='word_1_594' title='bbox 1662 4247 1713 4299; x_wconf 81' lang='lat' dir='ltr'>est,</span> <span class='ocrx_word' id='word_1_595' title='bbox 1731 4241 1805 4295; x_wconf 83' lang='lat' dir='ltr'>exite</span> 
     </span>
     <span class='ocr_line' id='line_1_46' title="bbox 185 4326 1805 4430; baseline 0.002 -50"><span class='ocrx_word' id='word_1_596' title='bbox 185 4326 270 4385; x_wconf 87' lang='lat' dir='ltr'>beatus</span> <span class='ocrx_word' id='word_1_597' title='bbox 281 4332 444 4403; x_wconf 75' lang='lat' dir='ltr'>Gregorius,</span> <span class='ocrx_word' id='word_1_598' title='bbox 464 4334 511 4405; x_wconf 93' lang='lat' dir='ltr'>qui</span> <span class='ocrx_word' id='word_1_599' title='bbox 528 4334 632 4387; x_wconf 84' lang='lat' dir='ltr'>nuliius</span> <span class='ocrx_word' id='word_1_600' title='bbox 647 4332 740 4386; x_wconf 87' lang='lat' dir='ltr'>meriti</span> <span class='ocrx_word' id='word_1_601' title='bbox 764 4333 880 4386; x_wconf 89' lang='lat' dir='ltr'>saumsl</span> <span class='ocrx_word' id='word_1_602' title='bbox 904 4333 965 4385; x_wconf 90' lang='lat' dir='ltr'>Non</span> <span class='ocrx_word' id='word_1_603' title='bbox 977 4373 999 4430; x_wconf 68' lang='lat' dir='ltr'>D</span> <span class='ocrx_word' id='word_1_604' title='bbox 1009 4330 1043 4384; x_wconf 92' lang='lat' dir='ltr'>de</span> <span class='ocrx_word' id='word_1_605' title='bbox 1057 4329 1179 4385; x_wconf 78' lang='lat' dir='ltr'>tenebris</span> <span class='ocrx_word' id='word_1_606' title='bbox 1204 4332 1390 4398; x_wconf 85' lang='lat' dir='ltr'>infidelitatis,</span> <span class='ocrx_word' id='word_1_607' title='bbox 1405 4338 1434 4385; x_wconf 89' lang='lat' dir='ltr'>et</span> <span class='ocrx_word' id='word_1_608' title='bbox 1449 4332 1549 4393; x_wconf 80' lang='lat' dir='ltr'>videte,</span> <span class='ocrx_word' id='word_1_609' title='bbox 1566 4332 1628 4388; x_wconf 89' lang='grc'>31303</span> <span class='ocrx_word' id='word_1_610' title='bbox 1643 4338 1694 4396; x_wconf 88' lang='grc'>331,</span> <span class='ocrx_word' id='word_1_611' title='bbox 1712 4337 1805 4384; x_wconf 84' lang='lat' dir='ltr'>ruente</span> 
     </span>
     <span class='ocr_line' id='line_1_47' title="bbox 190 4414 1806 4493; baseline 0.004 -26"><span class='ocrx_word' id='word_1_612' title='bbox 190 4414 247 4472; x_wconf 90' lang='lat' dir='ltr'>inter</span> <span class='ocrx_word' id='word_1_613' title='bbox 260 4421 458 4487; x_wconf 86' lang='lat' dir='ltr'>doctores,non</span> <span class='ocrx_word' id='word_1_614' title='bbox 470 4424 690 4493; x_wconf 87' lang='lat' dir='ltr'>intermartyres</span> <span class='ocrx_word' id='word_1_615' title='bbox 701 4422 791 4475; x_wconf 88' lang='lat' dir='ltr'>iocum</span> <span class='ocrx_word' id='word_1_616' title='bbox 801 4438 851 4474; x_wconf 91' lang='lat' dir='ltr'>nos</span> <span class='ocrx_word' id='word_1_617' title='bbox 864 4420 967 4475; x_wconf 89' lang='lat' dir='ltr'>habere</span> <span class='ocrx_word' id='word_1_618' title='bbox 1009 4420 1167 4490; x_wconf 71' lang='lat' dir='ltr'>intelligite)</span> <span class='ocrx_word' id='word_1_619' title='bbox 1183 4420 1247 4491; x_wconf 91' lang='lat' dir='ltr'>quia</span> <span class='ocrx_word' id='word_1_620' title='bbox 1262 4421 1308 4474; x_wconf 88' lang='grc'>1113</span> <span class='ocrx_word' id='word_1_621' title='bbox 1323 4421 1371 4491; x_wconf 91' lang='lat' dir='ltr'>qui</span> <span class='ocrx_word' id='word_1_622' title='bbox 1391 4427 1424 4475; x_wconf 91' lang='lat' dir='ltr'>ut</span> <span class='ocrx_word' id='word_1_623' title='bbox 1437 4421 1521 4474; x_wconf 91' lang='lat' dir='ltr'>homo</span> <span class='ocrx_word' id='word_1_624' title='bbox 1535 4420 1651 4491; x_wconf 88' lang='lat' dir='ltr'>patitur,</span> <span class='ocrx_word' id='word_1_625' title='bbox 1667 4435 1748 4473; x_wconf 88' lang='lat' dir='ltr'>verus</span> <span class='ocrx_word' id='word_1_626' title='bbox 1763 4425 1806 4473; x_wconf 89' lang='lat' dir='ltr'>est</span> 
     </span>
     <span class='ocr_line' id='line_1_48' title="bbox 194 4505 1805 4582; baseline 0.002 -25"><span class='ocrx_word' id='word_1_627' title='bbox 194 4505 310 4565; x_wconf 82' lang='lat' dir='ltr'>ridemur.</span> <span class='ocrx_word' id='word_1_628' title='bbox 328 4511 479 4582; x_wconf 88' lang='lat' dir='ltr'>Sequitur:</span> <span class='ocrx_word' id='word_1_629' title='bbox 498 4511 615 4566; x_wconf 74' lang='lat' dir='ltr'>«Media</span> <span class='ocrx_word' id='word_1_630' title='bbox 630 4510 766 4564; x_wconf 83' lang='grc'>3133311313</span> <span class='ocrx_word' id='word_1_631' title='bbox 776 4510 936 4563; x_wconf 80' lang='lat' dir='ltr'>constravit.</span> <span class='ocrx_word' id='word_1_632' title='bbox 953 4527 966 4561; x_wconf 83' lang='grc'>3</span> <span class='ocrx_word' id='word_1_633' title='bbox 1010 4508 1104 4562; x_wconf 80' lang='lat' dir='ltr'>Deus:</span> <span class='ocrx_word' id='word_1_634' title='bbox 1123 4510 1165 4562; x_wconf 90' lang='lat' dir='ltr'>vei</span> <span class='ocrx_word' id='word_1_635' title='bbox 1183 4510 1268 4563; x_wconf 91' lang='lat' dir='ltr'>etiam</span> <span class='ocrx_word' id='word_1_636' title='bbox 1285 4510 1450 4581; x_wconf 87' lang='lat' dir='ltr'>egredimini</span> <span class='ocrx_word' id='word_1_637' title='bbox 1466 4521 1545 4564; x_wconf 82' lang='lat' dir='ltr'>extra</span> <span class='ocrx_word' id='word_1_638' title='bbox 1560 4516 1669 4580; x_wconf 85' lang='lat' dir='ltr'>portam</span> <span class='ocrx_word' id='word_1_639' title='bbox 1686 4507 1805 4561; x_wconf 88' lang='lat' dir='ltr'>civitatis</span> 
     </span>
     <span class='ocr_line' id='line_1_49' title="bbox 195 4591 1805 4671; baseline 0.002 -27"><span class='ocrx_word' id='word_1_640' title='bbox 195 4591 331 4654; x_wconf 80' lang='lat' dir='ltr'>liabramus</span> <span class='ocrx_word' id='word_1_641' title='bbox 345 4599 967 4671; x_wconf 80' lang='lat' dir='ltr'>ergorharitatemquianrrdiahujusierculi</span> <span class='ocrx_word' id='word_1_642' title='bbox 1011 4606 1118 4663; x_wconf 78' lang='lat' dir='ltr'>vestra,</span> <span class='ocrx_word' id='word_1_643' title='bbox 1135 4605 1166 4652; x_wconf 86' lang='lat' dir='ltr'>ut</span> <span class='ocrx_word' id='word_1_644' title='bbox 1189 4615 1254 4653; x_wconf 89' lang='lat' dir='ltr'>eom</span> <span class='ocrx_word' id='word_1_645' title='bbox 1268 4599 1297 4653; x_wconf 91' lang='lat' dir='ltr'>in</span> <span class='ocrx_word' id='word_1_646' title='bbox 1313 4599 1452 4669; x_wconf 83' lang='lat' dir='ltr'>Golgotha</span> <span class='ocrx_word' id='word_1_647' title='bbox 1467 4605 1561 4653; x_wconf 83' lang='lat' dir='ltr'>monte</span> <span class='ocrx_word' id='word_1_648' title='bbox 1582 4596 1744 4650; x_wconf 84' lang='lat' dir='ltr'>crucifixum</span> <span class='ocrx_word' id='word_1_649' title='bbox 1765 4595 1805 4648; x_wconf 88' lang='lat' dir='ltr'>ri·</span> 
     </span>
     <span class='ocr_line' id='line_1_50' title="bbox 198 4683 1112 4759; baseline 0.008 -26"><span class='ocrx_word' id='word_1_650' title='bbox 198 4691 312 4742; x_wconf 78' lang='lat' dir='ltr'>constuite</span> <span class='ocrx_word' id='word_1_651' title='bbox 327 4697 468 4759; x_wconf 63' lang='lat' dir='ltr'>suntque</span> <span class='ocrx_word' id='word_1_652' title='bbox 481 4697 509 4744; x_wconf 92' lang='grc'>31</span> <span class='ocrx_word' id='word_1_653' title='bbox 524 4689 723 4743; x_wconf 88' lang='lat' dir='ltr'>idcircolatum</span> <span class='ocrx_word' id='word_1_654' title='bbox 740 4689 903 4741; x_wconf 88' lang='lat' dir='ltr'>mandatum</span> <span class='ocrx_word' id='word_1_655' title='bbox 920 4703 967 4740; x_wconf 91' lang='lat' dir='ltr'>vo·</span> <span class='ocrx_word' id='word_1_656' title='bbox 1011 4683 1112 4740; x_wconf 85' lang='lat' dir='ltr'>deatis.</span> 
     </span>
     <span class='ocr_line' id='line_1_51' title="bbox 200 4777 1485 4867; baseline -0.002 -36"><span class='ocrx_word' id='word_1_657' title='bbox 200 4779 266 4840; x_wconf 65' lang='lat' dir='ltr'>catur,</span> <span class='ocrx_word' id='word_1_658' title='bbox 277 4778 342 4848; x_wconf 89' lang='lat' dir='ltr'>quia</span> <span class='ocrx_word' id='word_1_659' title='bbox 356 4778 487 4832; x_wconf 90' lang='lat' dir='ltr'>omnibus</span> <span class='ocrx_word' id='word_1_660' title='bbox 500 4778 559 4832; x_wconf 86' lang='lat' dir='ltr'>suis</span> <span class='ocrx_word' id='word_1_661' title='bbox 583 4777 809 4830; x_wconf 83' lang='lat' dir='ltr'>observatoribus</span> <span class='ocrx_word' id='word_1_662' title='bbox 832 4783 967 4832; x_wconf 74' lang='lat' dir='ltr'>aeternam</span> <span class='ocrx_word' id='word_1_663' title='bbox 1319 4812 1436 4867; x_wconf 64' lang='lat' dir='ltr'>CAPUT</span> <span class='ocrx_word' id='word_1_664' title='bbox 1447 4810 1485 4865; x_wconf 69' lang='lat' dir='ltr'>w</span> 
     </span>
     <span class='ocr_line' id='line_1_52' title="bbox 201 4851 1495 4937; baseline 0.008 -27"><span class='ocrx_word' id='word_1_665' title='bbox 201 4857 291 4918; x_wconf 82' lang='grc'>33131333</span> <span class='ocrx_word' id='word_1_666' title='bbox 308 4874 396 4937; x_wconf 87' lang='lat' dir='ltr'>parat.</span> <span class='ocrx_word' id='word_1_667' title='bbox 424 4868 501 4921; x_wconf 93' lang='lat' dir='ltr'>lianc</span> <span class='ocrx_word' id='word_1_668' title='bbox 520 4865 670 4921; x_wconf 84' lang='lat' dir='ltr'>efficaciter</span> <span class='ocrx_word' id='word_1_669' title='bbox 689 4872 846 4921; x_wconf 87' lang='lat' dir='ltr'>teneamus,</span> <span class='ocrx_word' id='word_1_670' title='bbox 872 4871 900 4918; x_wconf 88' lang='lat' dir='ltr'>et</span> <span class='ocrx_word' id='word_1_671' title='bbox 920 4882 970 4936; x_wconf 83' lang='lat' dir='ltr'>per</span> <span class='ocrx_word' id='word_1_672' title='bbox 1489 4851 1495 4864; x_wconf 70' lang='grc'><strong>’</strong></span> 
     </span>
     <span class='ocr_line' id='line_1_53' title="bbox 202 4943 1809 5026; baseline 0.004 -25"><span class='ocrx_word' id='word_1_673' title='bbox 202 4943 437 5009; x_wconf 85' lang='lat' dir='ltr'>hancsalrabimur.</span> <span class='ocrx_word' id='word_1_674' title='bbox 455 4956 488 5010; x_wconf 86' lang='lat' dir='ltr'>Et</span> <span class='ocrx_word' id='word_1_675' title='bbox 498 4955 551 5010; x_wconf 90' lang='lat' dir='ltr'>hoc</span> <span class='ocrx_word' id='word_1_676' title='bbox 566 4960 680 5026; x_wconf 87' lang='lat' dir='ltr'>propter</span> <span class='ocrx_word' id='word_1_677' title='bbox 695 4954 766 5008; x_wconf 86' lang='lat' dir='ltr'>idias</span> <span class='ocrx_word' id='word_1_678' title='bbox 783 4953 967 5019; x_wconf 84' lang='lat' dir='ltr'>Hierusalem,</span> <span class='ocrx_word' id='word_1_679' title='bbox 1049 4974 1061 5007; x_wconf 87' lang='grc'>3</span> <span class='ocrx_word' id='word_1_680' title='bbox 1088 4956 1178 5020; x_wconf 85' lang='lat' dir='ltr'>Quam</span> <span class='ocrx_word' id='word_1_681' title='bbox 1194 4954 1309 5026; x_wconf 89' lang='lat' dir='ltr'>puiebra</span> <span class='ocrx_word' id='word_1_682' title='bbox 1324 4969 1363 5007; x_wconf 90' lang='lat' dir='ltr'>es.</span> <span class='ocrx_word' id='word_1_683' title='bbox 1378 4953 1466 5007; x_wconf 81' lang='lat' dir='ltr'>artrica</span> <span class='ocrx_word' id='word_1_684' title='bbox 1487 4969 1559 5015; x_wconf 88' lang='lat' dir='ltr'>mea,</span> <span class='ocrx_word' id='word_1_685' title='bbox 1585 4954 1809 5025; x_wconf 81' lang='lat' dir='ltr'>quampulchre</span> 
     </span>
     <span class='ocr_line' id='line_1_54' title="bbox 203 5030 1810 5116; baseline 0.002 -21"><span class='ocrx_word' id='word_1_686' title='bbox 203 5030 239 5090; x_wconf 70' lang='grc'>113</span> <span class='ocrx_word' id='word_1_687' title='bbox 250 5050 293 5102; x_wconf 83' lang='lat' dir='ltr'>est.</span> <span class='ocrx_word' id='word_1_688' title='bbox 313 5052 428 5116; x_wconf 89' lang='lat' dir='ltr'>propter</span> <span class='ocrx_word' id='word_1_689' title='bbox 451 5044 561 5098; x_wconf 83' lang='lat' dir='ltr'>animas</span> <span class='ocrx_word' id='word_1_690' title='bbox 577 5043 728 5114; x_wconf 87' lang='lat' dir='ltr'>simplices,</span> <span class='ocrx_word' id='word_1_691' title='bbox 745 5049 774 5096; x_wconf 87' lang='grc'>31</span> <span class='ocrx_word' id='word_1_692' title='bbox 796 5043 900 5096; x_wconf 90' lang='grc'>3311133</span> <span class='ocrx_word' id='word_1_693' title='bbox 915 5042 968 5097; x_wconf 90' lang='lat' dir='ltr'>sibi</span> <span class='ocrx_word' id='word_1_694' title='bbox 1011 5061 1041 5098; x_wconf 87' lang='lat' dir='ltr'>es</span> <span class='ocrx_word' id='word_1_695' title='bbox 1055 5051 1083 5099; x_wconf 91' lang='lat' dir='ltr'>et</span> <span class='ocrx_word' id='word_1_696' title='bbox 1096 5045 1205 5099; x_wconf 88' lang='lat' dir='ltr'>decora.</span> <span class='ocrx_word' id='word_1_697' title='bbox 1223 5064 1235 5096; x_wconf 84' lang='grc'>3</span> <span class='ocrx_word' id='word_1_698' title='bbox 1250 5042 1308 5096; x_wconf 88' lang='lat' dir='ltr'>Vox</span> <span class='ocrx_word' id='word_1_699' title='bbox 1321 5042 1434 5097; x_wconf 89' lang='lat' dir='ltr'>Christi.</span> <span class='ocrx_word' id='word_1_700' title='bbox 1452 5042 1497 5097; x_wconf 87' lang='lat' dir='ltr'>Bis</span> <span class='ocrx_word' id='word_1_701' title='bbox 1514 5043 1732 5114; x_wconf 79' lang='lat' dir='ltr'>repetit,rquam</span> <span class='ocrx_word' id='word_1_702' title='bbox 1749 5045 1810 5115; x_wconf 91' lang='lat' dir='ltr'>pul·</span> 
     </span>
     <span class='ocr_line' id='line_1_55' title="bbox 204 5121 1809 5204; baseline 0.004 -24"><span class='ocrx_word' id='word_1_703' title='bbox 204 5121 287 5186; x_wconf 82' lang='lat' dir='ltr'>riorus</span> <span class='ocrx_word' id='word_1_704' title='bbox 299 5133 434 5197; x_wconf 88' lang='lat' dir='ltr'>conscias,</span> <span class='ocrx_word' id='word_1_705' title='bbox 451 5149 512 5203; x_wconf 84' lang='lat' dir='ltr'>quae</span> <span class='ocrx_word' id='word_1_706' title='bbox 523 5145 628 5202; x_wconf 89' lang='lat' dir='ltr'>quanta</span> <span class='ocrx_word' id='word_1_707' title='bbox 645 5132 734 5202; x_wconf 91' lang='lat' dir='ltr'>magis</span> <span class='ocrx_word' id='word_1_708' title='bbox 743 5131 903 5202; x_wconf 86' lang='lat' dir='ltr'>tragilitatis</span> <span class='ocrx_word' id='word_1_709' title='bbox 915 5132 968 5186; x_wconf 90' lang='lat' dir='ltr'>sibi</span> <span class='ocrx_word' id='word_1_710' title='bbox 1009 5135 1077 5188; x_wconf 88' lang='lat' dir='ltr'>ebra</span> <span class='ocrx_word' id='word_1_711' title='bbox 1090 5124 1135 5199; x_wconf 78' lang='lat' dir='ltr'>es,</span> <span class='ocrx_word' id='word_1_712' title='bbox 1160 5154 1171 5183; x_wconf 84' lang='grc'>3</span> <span class='ocrx_word' id='word_1_713' title='bbox 1196 5133 1223 5186; x_wconf 91' lang='grc'>13</span> <span class='ocrx_word' id='word_1_714' title='bbox 1241 5148 1325 5201; x_wconf 90' lang='lat' dir='ltr'>opere</span> <span class='ocrx_word' id='word_1_715' title='bbox 1350 5131 1480 5186; x_wconf 79' lang='lat' dir='ltr'>videlicet</span> <span class='ocrx_word' id='word_1_716' title='bbox 1494 5139 1522 5186; x_wconf 86' lang='lat' dir='ltr'>et</span> <span class='ocrx_word' id='word_1_717' title='bbox 1542 5132 1750 5204; x_wconf 75' lang='lat' dir='ltr'>praedicatione.</span> <span class='ocrx_word' id='word_1_718' title='bbox 1777 5134 1809 5188; x_wconf 92' lang='lat' dir='ltr'>ln</span> 
     </span>
     <span class='ocr_line' id='line_1_56' title="bbox 205 5220 1809 5296; baseline 0.004 -26"><span class='ocrx_word' id='word_1_719' title='bbox 205 5223 379 5276; x_wconf 75' lang='lat' dir='ltr'>sratconsciae.</span> <span class='ocrx_word' id='word_1_720' title='bbox 394 5228 474 5276; x_wconf 88' lang='lat' dir='ltr'>tantu</span> <span class='ocrx_word' id='word_1_721' title='bbox 488 5221 609 5291; x_wconf 90' lang='lat' dir='ltr'>amplius</span> <span class='ocrx_word' id='word_1_722' title='bbox 624 5220 798 5274; x_wconf 87' lang='lat' dir='ltr'>Salvatorern</span> <span class='ocrx_word' id='word_1_723' title='bbox 810 5228 839 5273; x_wconf 91' lang='lat' dir='ltr'>et</span> <span class='ocrx_word' id='word_1_724' title='bbox 852 5220 979 5275; x_wconf 77' lang='lat' dir='ltr'>hedam-¹</span> <span class='ocrx_word' id='word_1_725' title='bbox 1012 5220 1376 5296; x_wconf 85' lang='lat' dir='ltr'>apere,quianii1i1ioedum</span> <span class='ocrx_word' id='word_1_726' title='bbox 1401 5220 1469 5273; x_wconf 92' lang='lat' dir='ltr'>nibil</span> <span class='ocrx_word' id='word_1_727' title='bbox 1480 5222 1568 5275; x_wconf 90' lang='lat' dir='ltr'>oculis</span> <span class='ocrx_word' id='word_1_728' title='bbox 1580 5221 1650 5276; x_wconf 80' lang='lat' dir='ltr'>areis</span> <span class='ocrx_word' id='word_1_729' title='bbox 1663 5222 1809 5293; x_wconf 86' lang='lat' dir='ltr'>indignum</span> 
     </span>
     <span class='ocr_line' id='line_1_57' title="bbox 109 5298 1810 5382; baseline -0.001 -17"><span class='ocrx_word' id='word_1_730' title='bbox 109 5298 111 5305; x_wconf 47' lang='lat'><strong>¹</strong></span> <span class='ocrx_word' id='word_1_731' title='bbox 206 5304 285 5364; x_wconf 81' lang='lat' dir='ltr'>larem</span> <span class='ocrx_word' id='word_1_732' title='bbox 298 5328 380 5365; x_wconf 83' lang='lat' dir='ltr'>suum</span> <span class='ocrx_word' id='word_1_733' title='bbox 392 5310 508 5380; x_wconf 89' lang='lat' dir='ltr'>diligere</span> <span class='ocrx_word' id='word_1_734' title='bbox 519 5316 665 5380; x_wconf 84' lang='lat' dir='ltr'>satagunt.</span> <span class='ocrx_word' id='word_1_735' title='bbox 1013 5313 1087 5382; x_wconf 75' lang='lat' dir='ltr'>agis,</span> <span class='ocrx_word' id='word_1_736' title='bbox 1101 5312 1129 5365; x_wconf 93' lang='lat' dir='ltr'>in</span> <span class='ocrx_word' id='word_1_737' title='bbox 1142 5309 1419 5382; x_wconf 77' lang='lat' dir='ltr'>praedicatione,quia</span> <span class='ocrx_word' id='word_1_738' title='bbox 1429 5310 1462 5363; x_wconf 91' lang='lat' dir='ltr'>ad</span> <span class='ocrx_word' id='word_1_739' title='bbox 1475 5312 1710 5365; x_wconf 88' lang='lat' dir='ltr'>considerandum</span> <span class='ocrx_word' id='word_1_740' title='bbox 1719 5311 1810 5365; x_wconf 89' lang='lat' dir='ltr'>incar-</span> 
     </span>
     <span class='ocr_line' id='line_1_58' title="bbox 232 5393 1812 5471; baseline 0.001 -19"><span class='ocrx_word' id='word_1_741' title='bbox 232 5393 414 5469; x_wconf 77' lang='lat' dir='ltr'>‹Egredimini</span> <span class='ocrx_word' id='word_1_742' title='bbox 428 5406 456 5454; x_wconf 93' lang='lat' dir='ltr'>et</span> <span class='ocrx_word' id='word_1_743' title='bbox 471 5400 571 5461; x_wconf 84' lang='lat' dir='ltr'>videte,</span> <span class='ocrx_word' id='word_1_744' title='bbox 583 5400 646 5453; x_wconf 80' lang='lat' dir='ltr'>alia</span> <span class='ocrx_word' id='word_1_745' title='bbox 655 5399 833 5468; x_wconf 77' lang='lat' dir='ltr'>Sionregam</span> <span class='ocrx_word' id='word_1_746' title='bbox 846 5400 973 5454; x_wconf 89' lang='lat' dir='ltr'>Salomo-</span> <span class='ocrx_word' id='word_1_747' title='bbox 1015 5400 1136 5456; x_wconf 88' lang='lat' dir='ltr'>nationis</span> <span class='ocrx_word' id='word_1_748' title='bbox 1146 5416 1214 5454; x_wconf 77' lang='lat' dir='ltr'>mea</span> <span class='ocrx_word' id='word_1_749' title='bbox 1228 5400 1405 5471; x_wconf 87' lang='lat' dir='ltr'>mysterium,</span> <span class='ocrx_word' id='word_1_750' title='bbox 1418 5401 1503 5453; x_wconf 85' lang='lat' dir='ltr'>etiarn</span> <span class='ocrx_word' id='word_1_751' title='bbox 1518 5399 1628 5454; x_wconf 89' lang='lat' dir='ltr'>sodales</span> <span class='ocrx_word' id='word_1_752' title='bbox 1639 5408 1702 5454; x_wconf 90' lang='lat' dir='ltr'>tuas</span> <span class='ocrx_word' id='word_1_753' title='bbox 1714 5401 1812 5454; x_wconf 87' lang='grc'>111333-</span> 
     </span>
     <span class='ocr_line' id='line_1_59' title="bbox 208 5485 1808 5559; baseline -0.001 -19"><span class='ocrx_word' id='word_1_754' title='bbox 208 5488 251 5536; x_wconf 76' lang='grc'>1113</span> <span class='ocrx_word' id='word_1_755' title='bbox 259 5485 282 5542; x_wconf 88' lang='grc'>13</span> <span class='ocrx_word' id='word_1_756' title='bbox 293 5489 519 5559; x_wconf 86' lang='lat' dir='ltr'>diademate.quo</span> <span class='ocrx_word' id='word_1_757' title='bbox 535 5489 679 5543; x_wconf 90' lang='lat' dir='ltr'>coronavit</span> <span class='ocrx_word' id='word_1_758' title='bbox 694 5505 758 5542; x_wconf 89' lang='grc'>3333</span> <span class='ocrx_word' id='word_1_759' title='bbox 775 5497 866 5542; x_wconf 87' lang='lat' dir='ltr'>mater</span> <span class='ocrx_word' id='word_1_760' title='bbox 877 5505 929 5543; x_wconf 90' lang='lat' dir='ltr'>sua</span> <span class='ocrx_word' id='word_1_761' title='bbox 944 5491 971 5545; x_wconf 95' lang='lat' dir='ltr'>in</span> <span class='ocrx_word' id='word_1_762' title='bbox 1014 5488 1228 5543; x_wconf 87' lang='lat' dir='ltr'>saleminvitare</span> <span class='ocrx_word' id='word_1_763' title='bbox 1243 5506 1297 5543; x_wconf 93' lang='lat' dir='ltr'>non</span> <span class='ocrx_word' id='word_1_764' title='bbox 1311 5506 1429 5544; x_wconf 77' lang='lat' dir='ltr'>cessas«</span> <span class='ocrx_word' id='word_1_765' title='bbox 1439 5489 1519 5543; x_wconf 88' lang='lat' dir='ltr'>Oculi</span> <span class='ocrx_word' id='word_1_766' title='bbox 1530 5490 1572 5543; x_wconf 91' lang='lat' dir='ltr'>tui</span> <span class='ocrx_word' id='word_1_767' title='bbox 1581 5489 1808 5544; x_wconf 77' lang='lat' dir='ltr'>columbarum.»</span> 
     </span>
     <span class='ocr_line' id='line_1_60' title="bbox 208 5560 1809 5651; baseline 0.001 -22"><span class='ocrx_word' id='word_1_768' title='bbox 208 5560 237 5622; x_wconf 70' lang='grc'>111</span> <span class='ocrx_word' id='word_1_769' title='bbox 247 5573 430 5651; x_wconf 85' lang='lat' dir='ltr'>desponsionis</span> <span class='ocrx_word' id='word_1_770' title='bbox 442 5577 517 5633; x_wconf 91' lang='lat' dir='ltr'>illius</span> <span class='ocrx_word' id='word_1_771' title='bbox 532 5582 561 5632; x_wconf 84' lang='lat' dir='ltr'>et</span> <span class='ocrx_word' id='word_1_772' title='bbox 573 5577 604 5633; x_wconf 90' lang='lat' dir='ltr'>in</span> <span class='ocrx_word' id='word_1_773' title='bbox 617 5578 663 5632; x_wconf 91' lang='lat' dir='ltr'>die</span> <span class='ocrx_word' id='word_1_774' title='bbox 677 5576 780 5633; x_wconf 78' lang='grc'>13311113</span> <span class='ocrx_word' id='word_1_775' title='bbox 794 5577 886 5632; x_wconf 86' lang='lat' dir='ltr'>cordis</span> <span class='ocrx_word' id='word_1_776' title='bbox 901 5579 970 5650; x_wconf 83' lang='lat' dir='ltr'>ejus.</span> <span class='ocrx_word' id='word_1_777' title='bbox 1013 5578 1464 5650; x_wconf 64' lang='grc'>11330331031313111311333333333</span> <span class='ocrx_word' id='word_1_778' title='bbox 1471 5576 1809 5649; x_wconf 85' lang='lat' dir='ltr'>sensuumspiritualium,</span> 
     </span>
    </p>
   </div>
   <div class='ocr_carea' id='block_1_3' title="bbox 0 0 1946 6100">
    <p class='ocr_par' dir='ltr' id='par_1_3' title="bbox 0 0 1946 6100">
     <span class='ocr_line' id='line_1_61' title="bbox 0 0 1946 6100; baseline 0 0"><span class='ocrx_word' id='word_1_779' title='bbox 0 0 1946 6100; x_wconf 95' lang='lat' dir='ltr'> </span> 
     </span>
    </p>
   </div>
  </div>
 </body>
</html>
