3818 6104
55 311 106 370 m
553 303 764 361 manuario
780 304 817 358 IN
831 300 963 363 NAHUM
977 300 1208 365 Paounuratt.
1639 303 1696 369 lib

53 430 443 499 ludamidestduastribus
458 430 494 484 de
512 426 981 501 superbiaSennacherib,Aurbcs
1004 428 1045 483 rel
1065 428 1180 488 castella
1206 433 1233 483 ct
1259 426 1372 492 viculos,
1397 428 1456 486 sive
1476 430 1618 495 mulieres.
1633 449 1696 503 qu·
1789 462 1795 467 ·

52 524 94 578 sic
102 522 358 586 ulcisceturlsrael,
368 521 396 574 id
406 526 450 575 εει
459 520 557 573 decern
569 519 668 577 tribus,
687 535 748 588 qum
763 518 791 571 in
806 516 856 570 Ni·
897 519 1011 589 capitium
1026 520 1209 575 «tacebantur.
1227 519 1307 584 Quorl
1327 536 1391 577 rere
1406 521 1495 577 dicit:
1517 542 1529 577 r
1545 524 1697 594 (lementh

39 611 244 682 *uivecsptirae
252 616 396 665 tenentur.
405 608 596 663 llocestenim
607 607 768 677 quoddicit:
779 606 857 659 Sicut
898 614 930 663 ut
943 608 1090 677 columbae,
1110 627 1121 659 r
1134 609 1257 665 ostendit
1269 609 1344 679 quod
1359 615 1455 665 tantus
1470 618 1533 666 erat
1547 619 1648 679 terror,
1665 619 1698 681 ut

53 700 178 755 reddidit
193 699 332 763 Dominus
351 696 512 768 superbiam
533 695 627 758 Jacob,
652 695 681 749 id
701 701 744 749 est
757 710 856 763 super·
898 713 933 751 ne
948 697 1060 767 quidem
1070 697 1099 751 in
1109 697 1250 766 singultus
1260 698 1305 753 vel
1311 698 1434 768 gemitus
1445 703 1698 772 prorumpcrstdo·

55 789 131 843 biam
139 803 227 859 qaam
235 792 419 842 exercuerant
427 784 534 856 Assyrii
550 790 648 838 contra
662 782 757 845 Jacob,
772 782 802 837 id
816 788 859 836 cst
898 785 951 849 lor,
967 786 1017 839 sed
1026 786 1100 841 inter
1110 802 1141 842 se
1154 786 1240 842 tacito
1260 786 1434 857 plangerent,
1450 788 1594 851 imitantes
1605 792 1698 861 gemi-

55 877 169 943 Judam,
184 876 337 930 sicreddet
354 873 515 945 superbiam
538 873 636 935 lsrael,
656 871 684 926 id
708 878 752 926 est
773 887 857 942 quam
899 880 959 928 turn
982 873 1185 928 columbarum.
1212 875 1332 929 Possunt
1357 876 1532 931 haecomnia
1553 879 1589 934 ad
1611 881 1698 935 tinem

56 967 185 1020 focerunt
198 964 252 1035 ipsi
264 963 373 1035 Assyrii
380 969 479 1017 contra
490 962 588 1024 lsrael,
604 960 632 1015 id
642 967 686 1015 cst
696 961 791 1014 decom
805 959 858 1013 tri·
901 962 1114 1023 mundirclerri,
1124 961 1236 1033 quando
1245 962 1373 1019 interibit
1382 966 1474 1021 omnis
1486 974 1632 1037 armatura
1640 969 1700 1024 dia·

57 1054 118 1109 bas.
131 1053 251 1124 Mystico
263 1068 358 1117 sensu,
373 1051 534 1123 praecipitur
548 1050 628 1104 nobis
647 1048 860 1117 utconternple-
900 1049 966 1105 boli.
983 1051 1060 1107 Tunc
1075 1051 1229 1107 allidentur
1241 1068 1341 1107 currus
1361 1053 1391 1107 in
1416 1055 1526 1124 plateis,
1545 1056 1600 1111 boc
1613 1065 1657 1112 est
1669 1057 1700 1113 in

57 1160 123 1198 mur
133 1141 207 1195 dam
220 1158 272 1212 per
289 1157 374 1210 quam
393 1139 565 1194 ambulaturi
583 1154 690 1197 sumus.
707 1139 759 1191 boc
773 1144 817 1193 est
828 1140 861 1191 ut
900 1138 965 1195 latis
979 1140 1072 1195 secun
1079 1139 1227 1195 itineribus
1236 1141 1370 1197 coarctati
1381 1144 1512 1212 augustia
1520 1146 1657 1216 temporis
1670 1152 1700 1203 ot

57 1233 170 1287 oculum
186 1230 292 1284 mentis
300 1229 490 1299 dirigamusin
498 1229 572 1282 riam
583 1228 704 1289 fidelem,
717 1242 861 1297 perquam
902 1227 1033 1283 instantis
1059 1227 1168 1298 judicii.
1198 1227 1367 1298 aperientur
1394 1237 1480 1299 porte
1508 1249 1571 1304 qam
1597 1234 1700 1293 clausas

58 1319 249 1376 variamusad
260 1335 325 1373 eum
336 1318 384 1389 qui
394 1317 463 1372 dicit
474 1335 480 1370 :
493 1337 505 1368 r
519 1318 576 1387 Ego
587 1333 649 1371 sum
663 1316 717 1372 ria.
730 1338 742 1367 o
754 1315 862 1369 Deinde
903 1322 992 1378 orant,
1007 1315 1038 1389 ia
1064 1322 1108 1371 est
1128 1314 1327 1373 revelabuntur
1347 1317 1442 1375 omnia
1465 1334 1527 1388 qua
1547 1319 1699 1391 latitarent

59 1409 219 1463 ridebimur
233 1407 266 1477 [f.
279 1406 422 1477 jubemur]
442 1412 539 1460 tenere
559 1404 680 1467 lumbos,
695 1410 728 1458 ut
740 1404 861 1458 mortiti-
902 1405 980 1458 Tunc
994 1404 1085 1467 miles,
1103 1404 1133 1462 id
1148 1410 1193 1459 est
1205 1403 1334 1461 diabolus
1353 1406 1482 1476 princeps
1497 1407 1593 1462 mnndi
1604 1408 1701 1479 htajus,

59 1497 192 1553 cemusin
202 1495 283 1551 nobis
293 1511 390 1549 omncs
400 1495 512 1549 illicitos
526 1494 669 1565 appetitus
682 1493 784 1547 carnis.
796 1494 862 1547 Ter·
902 1510 964 1547 cum
976 1492 1096 1559 ancillis,
1104 1492 1132 1551 ia
1142 1499 1186 1548 est
1195 1509 1258 1565 carn
1268 1492 1417 1548 animabus
1429 1494 1481 1549 sibi
1490 1512 1544 1567 per
1555 1505 1703 1571 peccatum

59 1586 99 1641 tio
121 1585 287 1657 praecipitur
307 1589 340 1638 ut
361 1583 525 1638 roboremus
544 1583 686 1647 virtutem,
702 1598 757 1652 quo
770 1581 862 1652 possi·
902 1580 1030 1645 subditis,
1044 1581 1080 1635 cd
1098 1581 1241 1635 infernum
1257 1581 1386 1652 captivus
1401 1581 1570 1655 impelletur.
1580 1585 1705 1646 Possunt

59 1692 123 1730 mais
135 1689 265 1746 pugnare
279 1673 414 1726 adversm
429 1671 595 1732 diabolum„
903 1686 1014 1740 quoqne
1029 1685 1080 1740 per
1092 1668 1208 1725 ancillas
1219 1668 1250 1739 in
1262 1669 1365 1728 bonam
1376 1676 1485 1741 partem
1495 1672 1584 1745 arcipi
1596 1675 1705 1747 simpli·

99 1784 111 1814 ι
133 1762 257 1833 clypeus
278 1760 394 1815 tortium
419 1760 481 1830 ejus
504 1759 619 1829 ignitus,
645 1759 697 1812 riri
724 1741 949 1813 exercitnsssces
963 1757 1226 1821 animaeetssdelcs,
1250 1774 1312 1828 que
1334 1758 1473 1817 ducentur
1493 1762 1659 1831 gaudentes,
1675 1771 1705 1823 et

60 1853 124 1922 ejas
133 1852 164 1905 in
174 1850 321 1916 coccineis,
336 1849 425 1920 ignea
447 1848 561 1903 habena
575 1864 674 1902 curras
689 1848 719 1901 in
731 1846 777 1901 die
792 1861 864 1917 pra-
904 1844 1063 1903 columbina
1078 1862 1225 1902 murmure
1238 1846 1420 1904 contessionis
1439 1849 1529 1905 Deum
1543 1849 1704 1911 nudantes.

60 1937 297 2009 parationisejus,
305 1941 335 1990 et
344 1936 496 2007 agitatores
506 1934 643 2005 consopiti
653 1941 729 1998 sunt,
740 1934 769 1988 in
778 1935 863 1989 itine-
942 1953 953 1985 ι
971 1935 1005 1989 Ει
1015 1934 1114 1989 Ninive
1126 1933 1207 2005 quasi
1222 1934 1328 2007 piscina
1340 1953 1478 2006 aquarum
1484 1954 1564 2009 aqua
1573 1940 1706 2014 cins,ipn'

63 2027 142 2081 ribus
156 2025 318 2080 conturbati
333 2030 408 2079 sunt.
426 2041 439 2076 r
456 2024 615 2087 Secundum
635 2023 780 2077 historiam
796 2039 863 2076 con·
905 2038 969 2083 vero
983 2022 1125 2092 sugerunt.
1138 2022 1226 2087 State,
1238 2029 1322 2090 state,
1335 2030 1364 2079 et
1382 2041 1439 2081 non
1461 2032 1506 2101 est
1523 2028 1707 2101 quinarem

62 2112 558 2179 scribiturerercituscbaldaeorum,
573 2112 687 2167 veniens
700 2117 799 2167 contra
811 2111 863 2165 Ni·
903 2117 960 2167 tur.
979 2127 991 2158 s
1007 2110 1137 2167 Ostendit
1152 2111 1226 2182 qnod
1242 2111 1332 2181 captis
1354 2113 1511 2171 minoribus
1530 2116 1706 2187 ciuitatibus,
1743 2135 1745 2138 ⁴

63 2205 159 2267 maon,
181 2210 210 2258 et
224 2209 358 2258 narratur
367 2218 471 2273 pompa
485 2202 704 2272 praeparantium
719 2218 750 2255 se
764 2201 793 2255 in
807 2200 865 2254 bel·
905 2216 975 2271 qaas
985 2216 1071 2269 supra
1086 2199 1158 2255 tiliae
1174 2205 1329 2265 vocaverat,
1343 2201 1405 2278 ipsa
1425 2201 1527 2277 Ninive
1542 2209 1708 2277 metropolis

62 2295 134 2348 lum.
152 2312 163 2344 ι
188 2291 310 2362 Clypeus
333 2291 441 2360 (inquitt
462 2290 579 2345 fortium
597 2290 714 2361 ignitus,
737 2288 795 2342 »id
820 2293 864 2342 est
904 2304 967 2358 quse
980 2293 1075 2343 tantos
1090 2286 1213 2347 babebat
1227 2288 1356 2358 populos.
1374 2294 1405 2345 ut
1420 2290 1501 2361 aquis
1514 2290 1628 2362 piscina
1641 2312 1709 2366 pns-

61 2382 177 2437 ribraas
192 2387 221 2435 ct
232 2379 314 2451 quasi
333 2380 491 2449 fulgurans.
511 2397 524 2431 a
544 2379 604 2433 Viri
628 2379 657 2433 in
680 2378 825 2437 coccineis,
849 2396 861 2429 r
904 2376 961 2431 sint
973 2375 1139 2446 comparari,
1157 2376 1294 2452 remansit
1309 2379 1504 2448 expugnanda,
1519 2386 1549 2440 et
1561 2382 1710 2442 mauult.

62 2471 93 2525 id
104 2478 149 2528 est
159 2468 393 2525 vestibuscoloris
404 2467 641 2538 coccinei,atipsa
651 2468 769 2522 vestium
783 2466 864 2520 simi·
904 2469 963 2519 tate
978 2470 1086 2519 tantam
1101 2463 1232 2522 habuerit
1243 2465 1464 2529 multitudinem.
1476 2467 1543 2527 dum
1556 2471 1651 2543 nullus
1666 2489 1709 2531 ess

60 2560 155 2615 litudo
169 2564 308 2614 terrorem
322 2557 397 2629 ignis
408 2562 437 2612 ει
450 2556 596 2627 sanguinis
609 2555 730 2627 speciem
746 2571 866 2625 praesen·
907 2560 949 2608 set
962 2553 1010 2624 qui
1026 2551 1153 2607 hostibus
1169 2553 1323 2613 resisteret.
1340 2555 1375 2612 ut
1394 2556 1534 2629 clamante
1555 2558 1617 2630 ipsa
1642 2562 1710 2633 ciri.

60 2655 150 2704 taret.
168 2666 182 2700 a
197 2647 290 2718 lgneae
305 2646 429 2711 habena,
448 2666 460 2697 r
477 2645 513 2701 ob
527 2645 643 2700 nimiam
657 2645 865 2707 festinationem
907 2647 993 2708 tata·
1007 2643 1180 2715 State,state.
1196 2647 1308 2712 »portas
1318 2643 1449 2709 claudite,
1458 2661 1569 2717 murum
1579 2664 1711 2715 conscen-
1783 2644 1787 2651 '

60 2736 285 2810 praeparantium
297 2752 328 2789 se
337 2735 366 2789 in
381 2734 517 2806 praelium.
531 2754 541 2785 ι
555 2733 716 2802 Agitatores
728 2731 868 2802 consopiti
909 2731 976 2797 dite,
988 2729 1083 2784 nullus
1097 2736 1172 2784 esset
1185 2731 1233 2801 qui
1248 2731 1369 2797 audiret,
1381 2732 1432 2805 sed
1446 2749 1545 2791 ornnes
1557 2741 1639 2807 terga
1651 2754 1712 2794 rens

60 2832 141 2881 sant.
156 2826 243 2881 »Non
253 2824 420 2895 est(inquit)
433 2824 547 2885 mimm,
565 2821 589 2876 si
603 2827 662 2875 tam
676 2821 808 2874 velociter
821 2836 868 2875 ve·
908 2824 1011 2885 terent,
1027 2823 1056 2873 ει
1070 2818 1168 2876 urbem
1190 2819 1227 2873 ad
1251 2820 1432 2889 predandam
1455 2821 1638 2895 dimitterent.
1664 2827 1712 2882 Di-

62 2915 160 2977 ninnt,
172 2930 237 2967 cum
249 2912 412 2982 agitamres,
425 2912 453 2966 id
468 2918 512 2965 est
530 2917 653 2975 rectores
666 2909 709 2963 rel
724 2909 811 2964 lsrael
826 2908 867 2963 rel
909 2908 983 2962 citur
1002 2924 1069 2978 ergo
1092 2907 1128 2964 ad
1147 2907 1326 2981 Babylonios,
1351 2908 1417 2979 quia
1439 2910 1482 2981 illi
1502 2910 1646 2983 fugerunt,
1662 2931 1711 2973 roa

62 3003 253 3073 Assyriorum
266 2999 686 3071 consopitisunt.Mistimenim
701 3014 869 3053 sermocon-
913 2996 1062 3066 -uiripite
1084 3002 1245 3066 argentum,
1267 2996 1381 3069 diripite
1402 3014 1514 3066 aurum,
1537 3006 1566 3056 et
1588 3018 1645 3058 non
1668 3008 1713 3061 ast

64 3092 197 3146 texitur:
217 3096 248 3144 et
265 3105 343 3144 nnnc
365 3088 468 3142 dicitm
490 3087 566 3159 quod
588 3086 677 3151 lsrael
701 3103 800 3157 passus
819 3086 866 3153 sit,
909 3084 974 3139 linis
988 3083 1150 3141 divitiarum
1168 3104 1179 3137 r
1196 3088 1225 3139 et
1239 3100 1323 3155 opum
1339 3103 1353 3139 c
1367 3102 1400 3141 ex
1412 3087 1625 3162 omnibusreais
1640 3093 1714 3149 desis

64 3197 146 3236 nanc
166 3178 235 3250 quid
258 3176 368 3249 Assyrii
390 3175 516 3237 iecerint,
534 3192 609 3230 nunc
631 3175 698 3246 quid
721 3174 869 3247 Babylonii
910 3173 1091 3240 derabilibus,
1108 3193 1119 3225 r
1137 3190 1198 3245 qua
1213 3180 1293 3231 tanto
1307 3180 1434 3248 tempore
1443 3187 1620 3250 congregata
1633 3187 1712 3252 sunt,

66 3275 165 3327 cantra
175 3267 306 3339 Assyrios
316 3266 402 3321 vebat
411 3282 523 3337 agere«
534 3265 685 3335 Quadriga
695 3265 756 3335 ejus
766 3263 869 3319 collisae
910 3269 1076 3320 nectantum
1085 3262 1124 3317 illi
1136 3262 1320 3321 sufficiebant
1330 3265 1460 3335 praedari,
1470 3274 1606 3338 quantum
1619 3272 1716 3342 praeda

68 3363 136 3412 sant
150 3358 180 3411 in
189 3355 300 3427 plateis.
319 3374 331 3407 r
343 3355 433 3409 Tanta
444 3354 560 3424 (inquit)
576 3359 619 3408 est
630 3354 781 3423 multitudo
795 3370 870 3407 com·
910 3367 940 3407 se
953 3349 1150 3422 diripientibus
1166 3351 1313 3409 offerebat.
1331 3354 1449 3424 Mystico
1462 3356 1561 3430 Nipire
1574 3360 1714 3429 mundum

71 3446 148 3500 misti
161 3444 293 3514 agminis,
317 3448 349 3498 ut
367 3441 511 3512 quadrigae
531 3441 559 3496 in
583 3442 693 3513 plateis,
714 3441 869 3496 damviam
909 3439 1031 3495 diximus
1044 3440 1171 3510 figurari,
1191 3442 1271 3511 cirjus
1293 3457 1372 3511 aquae
1397 3459 1453 3499 non
1475 3445 1574 3513 maris,
1585 3463 1645 3519 poa
1657 3448 1714 3504 flur

73 3537 215 3604 nequeunt
228 3548 286 3604 pra
301 3530 481 3585 multitudine
496 3530 630 3600 reperire.
643 3530 718 3584 inter
740 3546 769 3583 se
789 3528 869 3583 colli-
912 3527 1031 3595 minum,
1043 3545 1099 3583 non
1111 3529 1298 3591 tandemsed
1310 3531 1391 3602 aquis
1404 3531 1519 3602 piscina
1531 3534 1639 3591 similes
1651 3552 1714 3593 essa

76 3619 182 3675 dantur.
198 3639 211 3671 r
225 3622 365 3690 Aspectus
375 3633 484 3681 eorum,
512 3637 524 3670 r
541 3618 627 3672 idest
642 3615 870 3687 Babyloniorum,
912 3617 1053 3684 dicuntur,
1071 3634 1132 3688 quaa
1148 3635 1203 3673 non
1213 3618 1319 3674 habent
1332 3636 1421 3690 aquas
1432 3622 1539 3692 jugiter
1548 3630 1713 3688 manantes,

81 3710 182 3780 «quasi
195 3708 350 3779 lampades,
366 3708 446 3778 quasi
468 3708 583 3777 fulgura
605 3706 793 3761 discurrentia
811 3725 821 3757 r
839 3709 872 3761 ni
912 3706 962 3760 sed
977 3706 1123 3776 pluviales,
1141 3712 1169 3761 et
1184 3706 1259 3761 brevi
1275 3708 1330 3763 line
1345 3710 1500 3775 conclusas,
1524 3711 1592 3782 quia
1605 3712 1716 3780 hiereli·

85 3807 141 3852 ante
152 3800 210 3853 solo
224 3799 285 3853 risu
302 3796 475 3851 aduersarios
492 3802 618 3851 terreant
638 3812 722 3866 quarn
738 3811 872 3849 rnucrone
913 3811 1010 3850 corum
1026 3795 1160 3865 dogmata
1176 3797 1254 3865 quasi
1270 3796 1305 3851 de
1321 3798 1390 3851 cralo
1406 3798 1494 3869 lapsa,
1510 3806 1539 3855 ει
1558 3806 1638 3873 extra
1650 3802 1715 3861 tos.

88 3883 185 3940 tenant.
912 3888 969 3938 tem
985 3882 1113 3938 Ecclesiae
1128 3891 1203 3949 sunt,
1220 3886 1347 3954 quamvis
1367 3902 1470 3956 magna
1485 3895 1514 3943 et
1533 3890 1658 3957 cmlestm
1671 3892 1715 3947 ris

120 3992 130 4022 ι
143 3973 342 4028 Recordabitnr
354 3973 471 4028 fortiam
483 3988 610 4039 suornm,
619 3976 704 4027 ruent
717 3972 747 4025 in
766 3968 872 4037 itineri·
912 3972 1033 4041 deantur
1048 3972 1222 4043 promittere.
1239 3973 1296 4042 lpsi
1309 3973 1444 4042 ingerunt
1455 3977 1617 4047 recedentes
1627 3995 1645 4033 a
1656 3980 1713 4035 lion

95 4056 135 4113 'ons
145 4061 208 4117 suis.
215 4062 356 4116 velociter
365 4061 517 4116 ascendent
528 4077 622 4117 muros
636 4062 706 4131 ejus,
720 4066 750 4115 et
764 4074 871 4130 praepa·
912 4059 1058 4121 minanec
1069 4076 1119 4130 per
1130 4060 1323 4130 poenitentiam
1339 4061 1431 4115 redire
1442 4063 1575 4130 volentes,
1591 4066 1714 4123 Ιὶεειεοε

96 4147 184 4204 rabitur
195 4151 401 4219 umbraculum.
420 4150 526 4211 »Tunc
541 4149 657 4220 (inquit)
679 4148 872 4204 recordabitur
913 4150 1043 4202 hortetur
1056 4148 1192 4203 Dominus
1207 4149 1242 4202 ad
1256 4149 1461 4229 paenitentiam,
1480 4158 1508 4206 ct
1523 4153 1598 4208 dicat
1612 4171 1645 4209 :r
1662 4157 1714 4212 Re-

99 4239 194 4307 popclm
206 4239 386 4310 Assyriorum
400 4238 515 4293 fortium
529 4254 655 4303 suorum,
667 4244 697 4293 et
710 4242 873 4309 quereteos
914 4237 1065 4297 vertimini,
1082 4237 1142 4301 lilii,
1161 4243 1343 4300 revertentes,
1360 4242 1388 4293 et
1406 4239 1512 4295 sanabo
1531 4244 1715 4303 contritiones

102 4324 137 4391 qui
145 4328 194 4397 jam
208 4328 239 4383 in
250 4327 399 4383 itineribus
420 4330 598 4383 corruerunt.
618 4326 758 4381 velociter
776 4341 873 4379 ascen-
915 4332 1030 4380 vestras.
1050 4326 1177 4380 »Horum
1195 4326 1309 4387 divitie,
1322 4327 1375 4382 hoc
1388 4333 1432 4393 est
1445 4330 1570 4387 scicntia
1582 4332 1715 4403 gloriatio

103 4409 153 4467 len
168 4432 276 4471 murum
300 4415 407 4470 Niniue
429 4415 465 4471 ad
486 4414 703 4476 defendendum,
718 4403 1063 4484 etproptedeiripietur
1076 4413 1151 4479 etad
1164 4414 1283 4469 nihilum
1298 4415 1454 4486 redigetur.

103 4499 190 4571 longam
201 4504 379 4559 obsidionem
401 4502 599 4574 preparabant
611 4502 665 4558 sibi
678 4502 874 4557 umbraculum
953 4522 964 4553 ι
985 4502 1127 4574 Dissipata
1141 4508 1169 4557 et
1183 4503 1270 4559 scissa
1284 4509 1313 4559 et
1327 4504 1478 4562 dilacerata
1492 4513 1544 4574 est,
1558 4514 1592 4575 ,ει
1603 4527 1652 4567 cor
1674 4522 1716 4569 ts·

106 4587 210 4663 nasas
223 4593 379 4665 pellendos.
915 4590 1040 4653 bescens,
1059 4595 1088 4646 et
1102 4591 1249 4647 dissolutio
1273 4593 1479 4663 geniculorum,
1501 4601 1531 4651 et
1552 4597 1670 4655 desectio
1683 4602 1716 4657 in

131 4681 236 4739 neoris
249 4684 400 4739 tlnviorum
413 4686 518 4754 aperte
532 4685 608 4743 sunt,
630 4686 658 4735 et
681 4680 818 4752 templum
838 4678 875 4733 ad
916 4680 1024 4735 cunctis
1045 4678 1170 4740 renibus,
1197 4685 1226 4735 ct
1246 4679 1331 4735 iacies
1352 4681 1479 4737 omnium
1502 4683 1576 4753 sicut
1595 4687 1716 4758 nigredo

108 4764 173 4824 ulam
183 4772 316 4834 dirutum,
333 4776 362 4826 et
374 4771 457 4839 miles
474 4770 600 4841 captivus
613 4769 751 4824 abductus
773 4776 824 4831 est,
848 4774 877 4823 et
917 4768 987 4823 ollae.
1005 4785 1019 4821 r
1031 4767 1088 4823 Sub
1101 4768 1193 4838 figura
1204 4768 1332 4824 mulieris
1346 4769 1488 4840 dissipate
1502 4779 1531 4827 et
1543 4773 1715 4847 dilacerata,

108 4855 185 4914 malla
208 4863 270 4932 ey'us
298 4859 481 4915 minabantur
504 4864 651 4931 gementes
673 4864 707 4913 ut
728 4857 873 4919 columbe,
916 4856 1716 4937 describiturqualislueritNiniyetemporetaptivitatis,

108 4954 285 5005 murmurantes
299 4949 329 5004 in
343 4949 474 5005 cordibus
489 4949 557 5003 suis.
575 4966 588 5001 r
605 4946 675 5012 Quid
690 4947 795 5018 (inquit
808 4962 875 5017 pro·
915 4945 1061 5000 tabescens
1075 4947 1167 5011 corde,
1179 4945 1323 5000 dissolutis
1340 4946 1468 5016 genibus,
1486 4953 1514 5004 ει
1528 4968 1586 5023 praa
1598 4958 1718 5016 terroris

108 5029 249 5107 minio,
265 5039 334 5111 qnia
353 5039 414 5093 haec
431 5038 567 5099 iecerunt,
590 5053 652 5091 cnm
672 5037 766 5091 nullus
787 5036 878 5106 possit
916 5035 1110 5105 magnitudine
1129 5034 1214 5089 iacies
1235 5051 1332 5089 eorum
1354 5036 1461 5106 pallore
1480 5038 1630 5112 deformes,
1654 5048 1717 5105 ollae

107 5114 267 5183 lltirmistere
275 5126 468 5199 dispositioni?
478 5127 644 5195 Namcapta
654 5125 876 5195 Ninive,aperte
917 5122 1069 5179 combustae
1091 5123 1304 5178 similitudinem
1329 5124 1496 5187 videbantur
1514 5129 1629 5191 habere.
1649 5137 1718 5201 nus

108 5219 152 5267 aa
163 5223 243 5286 portas
255 5217 417 5277 fluviorum,
429 5215 458 5269 id
470 5220 513 5269 cst
527 5213 680 5268 maltorum
696 5213 874 5285 populorum,
917 5214 1012 5268 omnia
1026 5214 1105 5282 juxta
1114 5211 1239 5267 litteram
1252 5212 1318 5267 licet
1339 5213 1369 5268 in
1383 5215 1484 5271 Ninive
1495 5219 1554 5274 sint
1567 5225 1717 5296 completa,

107 5300 153 5366 qnia
167 5304 211 5360 illa
228 5306 327 5360 civitas
350 5306 440 5360 instar
463 5303 611 5358 fluminum
633 5302 755 5357 habebat
774 5302 876 5367 civium
918 5302 1030 5374 quando
1046 5300 1334 5357 aNabuchodonosor
1348 5311 1431 5374 capta
1450 5312 1502 5369 est,
1518 5315 1613 5366 tamen
1628 5314 1658 5369 in
1671 5316 1718 5372 iu-

106 5391 300 5459 nultitndinem.
315 5394 474 5465 Templum,
489 5409 608 5463 regnum
632 5392 709 5458 dicit,
729 5393 802 5463 quod
827 5393 876 5446 de·
918 5398 983 5446 turo
994 5390 1101 5460 judicio
1116 5407 1200 5461 super
1214 5391 1316 5464 impios
1328 5400 1447 5447 ventura
1458 5397 1621 5462 creduntur.

104 5484 245 5547 struendum
261 5490 315 5540 est.
330 5483 412 5541 Miles
433 5483 570 5552 captivus,
586 5498 685 5536 omnes
707 5481 879 5552 generaliter
956 5496 969 5531 r
990 5478 1042 5533 Ubi
1057 5480 1303 5536 esthabitnculum
1318 5483 1442 5547 leonum,
1456 5490 1486 5538 et
1498 5502 1600 5557 pascua
1611 5493 1722 5549 catulo·
1748 5480 1752 5485 ⁴

102 5569 358 5646 quiinllabylanam
377 5570 492 5627 abducti
511 5577 590 5640 sunt,
613 5569 739 5640 ancillas,
755 5568 879 5636 minores
920 5584 984 5623 rum
1002 5567 1139 5624 leonumt
1154 5588 1168 5622 s
1186 5570 1385 5635 liabitacnlum
1397 5571 1524 5644 leonum,
1541 5577 1661 5633 Ninivsn
1674 5578 1721 5634 di·
