3840 6098
138 270 191 343 rii
478 270 666 340 ummo
685 279 724 338 nv
744 274 822 338 ure.
843 283 872 338 s.
894 274 1012 336 rauci.
1034 311 1065 322 -
1087 282 1126 338 nv
1144 270 1255 340 soter.
1276 266 1326 339 io
1344 263 1434 340 host.
1724 263 1777 348 nt

129 413 210 466 bona
234 411 472 480 evangelizassent
495 405 593 480 patria
614 407 743 469 celestis,
764 412 857 460 tamon
882 408 1028 469 nonlicet,
1043 405 1175 476 inquiens
1192 424 1198 459 t
1214 407 1398 473 Hierusalem,
1415 411 1447 462 in
1460 410 1548 464 medio
1561 416 1686 479 arntiam
1699 417 1779 482 posui

123 514 236 555 omnes
251 499 349 561 Judaei,
370 514 461 568 neque
475 514 571 549 omnes
586 497 705 566 gentiles
717 495 878 548 obedientes
891 511 939 547 ex·
980 509 1041 545 cant
1063 495 1169 557 (liserh.
1188 498 1225 555 vi.
1242 494 1297 548 Sed
1320 496 1437 551 ftvrtasse
1450 499 1549 567 quarit
1572 497 1674 570 aliquis
1693 494 1779 572 quare

115 581 938 653 stiterunttuncterrrporisEvangelicaepraedicationis&
979 581 1053 633 Deus
1073 580 1249 652 onmipotens
1270 583 1345 636 illam
1371 585 1479 654 plebem
1496 588 1525 639 in
1545 588 1779 644 medioomniuni

115 686 229 742 neque
241 673 333 726 adhuc
343 671 476 724 obediunt
487 686 592 723 omnes.
603 672 690 721 ,isaias
698 672 772 721 onim
784 671 852 720 elicit
865 688 872 720 :
889 670 938 720 llo-
977 669 1104 737 gentium
1115 669 1267 723 decreverit
1278 671 1431 725 collocare?
1439 674 1490 727 Cui
1503 675 1727 745 respondendum
1737 684 1779 732 est

115 763 223 827 mine,
235 763 299 829 quis
315 760 430 813 credidit
445 759 559 811 aviditati
574 762 687 809 rmsha?
703 757 761 809 Hoc
775 757 834 809 loco
850 755 936 808 isaias
977 755 1040 809 ideo
1056 757 1107 809 hoc
1122 759 1224 811 hactum
1240 774 1311 822 esse,
1324 764 1354 813 ut
1369 761 1435 829 quia
1450 760 1510 831 ipse
1521 779 1554 815 ex
1569 762 1699 818 omnibus
1713 770 1779 834 geh-

115 863 293 918 ‚mpersona
302 836 633 917 loquiturapostolorum,
642 845 738 897 eodem
748 845 821 896 enim
830 845 936 914 Spiritu
977 843 1053 896 tibus
1064 845 1152 896 solam
1167 845 1355 913 cognitionem
1368 848 1425 900 veri
1436 848 1486 901 Dei
1502 848 1632 914 habebat,
1645 861 1673 905 et
1687 850 1778 923 legem

115 935 334 1006 ¹‘ttitrepietus
347 951 401 1004 quo
412 941 440 988 et
454 933 580 1004 apostoli.
594 932 878 985 Animadvertendum
890 949 938 985 au·
977 931 1110 1001 scriptam
1126 948 1176 985 suo
1193 934 1269 986 cultu
1285 939 1314 986 ot
1328 936 1464 1004 religione
1480 945 1642 1006 provocaret
1657 940 1726 994 alias
1742 942 1778 996 ad

115 1021 202 1089 eiii,
220 1024 288 1094 quia
310 1023 339 1076 in
363 1038 442 1076 sacra
462 1021 606 1091 Scriptura
626 1020 778 1090 aliquando
802 1020 864 1090 quis
885 1037 935 1090 pro
977 1021 1084 1073 cultum
1100 1020 1148 1074 Dei
1164 1021 1373 1090 omnipotentis,
1391 1023 1463 1077 sicut
1478 1025 1615 1095 plurimos
1629 1029 1778 1096 gentilium

115 1110 223 1178 ‚aaa
236 1111 388 1181 aliquando
403 1126 452 1180 pro
464 1126 528 1163 raro
543 1110 665 1179 ponitur.
679 1109 731 1162 Pro
747 1109 833 1172 nullo,
849 1114 880 1161 ut
894 1114 936 1161 est
977 1107 1096 1176 legimus
1109 1108 1143 1160 ad
1159 1108 1336 1162 ludaismum
1350 1110 1495 1165 transiisse
1508 1132 1513 1165 :
1526 1114 1569 1166 vel
1580 1106 1692 1181 idcirco,
1710 1102 1740 1171 ut
1753 1114 1777 1172 sl

115 1198 213 1264 [lud.
233 1201 370 1267 Quoniam
384 1201 446 1266 quis
465 1201 496 1251 in
512 1198 630 1250 tumidus
649 1199 805 1264 equabitur
820 1198 936 1249 llornino
976 1195 1038 1264 ipsa
1048 1195 1125 1265 plebs
1136 1196 1226 1265 legem
1235 1196 1288 1250 Dei
1298 1201 1610 1264 servarel,abomnibus
1621 1204 1777 1260 incircuitu

115 1285 375 1353 prohemium?
385 1286 413 1340 id
424 1290 467 1338 cst
477 1285 579 1339 nullus.
590 1284 644 1337 Pro
656 1300 729 1345 raro,
739 1289 770 1337 ut
779 1283 840 1336 hic:
852 1284 936 1336 Pauci
977 1299 1027 1336 suo
1036 1283 1424 1351 honorareturactimeretur,
1432 1287 1614 1343 sicutfactum
1623 1298 1778 1364 esttempo-

123 1374 209 1437 nim
221 1375 327 1429 inventi
337 1376 405 1428 sunt
415 1374 461 1444 qui
475 1372 655 1426 crediderunt
665 1388 697 1425 ex
709 1373 813 1425 ludaris
826 1372 935 1425 auditui
976 1370 1053 1424 ribus
1068 1372 1156 1425 David
1171 1377 1200 1426 ct
1215 1372 1383 1437 Salomonis,
1402 1375 1512 1445 quando
1534 1393 1631 1432 omnes
1653 1396 1733 1449 reges
1748 1381 1777 1436 in

115 1464 338 1543 ¹‚ffrostolorura
360 1461 414 1526 Qui
428 1460 532 1515 idcirco
552 1461 665 1513 auditus
686 1460 797 1513 illorum
822 1459 933 1525 dicitur,
976 1458 1093 1512 circuitu
1116 1476 1167 1513 suo
1182 1458 1277 1529 positi,
1298 1461 1323 1514 ei
1338 1478 1455 1515 munera
1470 1460 1641 1519 mittebant:
1664 1466 1705 1520 vel
1722 1468 1779 1522 sia

115 1550 522 1635 luiaintrinsecusinmente.
535 1547 826 1616 Dominoinspirante,
837 1547 934 1600 auditu
977 1547 1038 1615 lege
1055 1551 1083 1599 et
1098 1548 1208 1601 cultura
1220 1549 1270 1601 Dei
1284 1549 1437 1610 recederet,
1450 1549 1484 1603 ab
1501 1549 1627 1606 hostibus
1640 1554 1779 1625 affligere·

118 1638 256 1722 piritali
272 1638 433 1702 audiedant,
451 1636 516 1708 quid
531 1637 703 1690 extrinsecus
718 1652 784 1688 voce
798 1635 935 1705 corporali
977 1640 1024 1686 tur
1044 1650 1077 1686 ac
1097 1635 1325 1705 depopularetur.
1354 1636 1427 1707 quod
1445 1638 1597 1707 sepissime
1619 1646 1713 1696 actum
1735 1648 1778 1699 est
1865 1678 1867 1683 ι

115 1728 176 1793 gd
188 1726 305 1781 salutem
320 1727 481 1781 auditorum
493 1725 616 1796 proferre
628 1725 800 1778 debuissent.
820 1722 897 1776 Unde
907 1705 1003 1785 etB(l
1021 1722 1080 1788 dep.
1097 1726 1166 1787 xlv).
1184 1723 1290 1786 Quarta
1306 1741 1416 1794 quoque
1436 1725 1543 1779 exstitit
1557 1743 1650 1796 causa,
1667 1730 1778 1801 utquid

115 1813 319 1881 ‚Jn'ulusalias
329 1814 369 1868 ait
380 1834 385 1866 :
398 1816 441 1868 An
455 1815 673 1880 experimentum
684 1814 808 1879 geraritis
817 1814 875 1878 ejus
886 1814 935 1878 qui
976 1809 1104 1863 Christus
1118 1826 1150 1863 ex
1172 1811 1269 1865 eadem
1286 1811 1366 1882 plebe
1380 1819 1442 1866 erat
1455 1814 1625 1881 nasciturus,
1641 1822 1670 1870 et
1686 1836 1776 1888 genus

115 1918 166 1967 'n
183 1919 222 1956 nte
238 1905 363 1971 loqaitur
377 1903 502 1957 Christus
514 1902 540 1967 (l
552 1902 611 1955 Cor.
628 1900 709 1967 sud?
724 1900 758 1952 Et
772 1899 859 1952 David
875 1899 936 1968 qui·
976 1897 1129 1951 humanum
1139 1899 1347 1970 redempturus,
1357 1901 1776 1962 etmultamiraculainmundo

115 1996 202 2056 iem
215 1986 299 2045 dicit:
317 1991 439 2045 rirrdiarn
454 1989 521 2057 pald
538 1992 670 2056 loquatur
690 1991 720 2041 in
741 2003 784 2040 mo
800 1988 934 2040 Dorulaus
975 1986 1082 2055 positus
1102 1993 1265 2056 patraturus
1289 1986 1327 2041 ibi
1351 1989 1410 2042 hac
1431 1996 1592 2059 agerentur,
1609 1991 1683 2047 unde
1702 1994 1777 2052 sama

116 2078 299 2150 Deutffral.
318 2077 443 2148 nxsxvvll
454 2077 495 2130 Ab
511 2078 562 2129 hoc
576 2076 674 2129 auditu
689 2076 890 2146 apostolorum,
905 2074 934 2127 id
975 2074 1036 2143 ejus
1051 2075 1086 2127 ad
1102 2091 1197 2129 omnes
1208 2082 1307 2144 gentes
1321 2077 1404 2130 citius
1420 2082 1514 2148 posset
1525 2079 1708 2136 transvolare.
1720 2080 1776 2139 ae'-

123 2165 418 2236 &tapraedicalione
433 2164 544 2219 iliorum
566 2165 766 2218 subtraxerunt
785 2179 814 2216 se
833 2162 932 2228 ludaei,
975 2167 1119 2214 vertamur
1141 2163 1242 2216 iterum
1268 2163 1302 2216 ad
1327 2164 1482 2233 superiora.
1507 2164 1598 2234 Igitur
1618 2167 1647 2220 in
1663 2180 1775 2226 ornnem

130 2260 283 2312 renuentes
295 2252 324 2307 in
336 2254 479 2308 Christum
494 2253 617 2306 credere.
974 2253 1079 2302 terram
1098 2249 1182 2303 exivit
1201 2267 1286 2304 sonus
1301 2251 1509 2320 predicationis
1525 2255 1726 2322 apostolorum,
1748 2264 1776 2313 el

179 2340 242 2410 Ergo
251 2344 314 2408 fides
324 2360 357 2395 er
368 2342 478 2395 auditu.
494 2339 621 2394 Primum
631 2340 710 2393 audit
725 2340 787 2410 quis
797 2340 933 2409 praedica-
973 2336 1002 2391 in
1021 2338 1090 2391 ssnes
1104 2338 1180 2391 orbis
1202 2344 1285 2393 terrae
1301 2339 1385 2393 verba
1401 2356 1511 2409 eorum,
1526 2341 1593 2411 quia
1614 2343 1686 2412 pene
1709 2353 1775 2401 ante

147 2436 229 2484 torem
239 2428 314 2500 loqui
325 2430 465 2500 quomodo
476 2427 576 2483 debeat
588 2429 712 2491 credere,
723 2427 934 2498 deindeaccipit
974 2425 1076 2478 defecit
1093 2426 1134 2478 eis
1148 2431 1224 2480 terra
1239 2443 1323 2497 quam
1339 2427 1443 2496 lingua.
1459 2428 1490 2481 ln
1506 2428 1557 2481 hoc
1571 2435 1666 2483 autern
1680 2447 1775 2485 exem·
1839 2437 1848 2453 '

154 2516 933 2586 hiemandumoritanae-eertumcluntrequodpre-
974 2514 1029 2583 plo,
1061 2529 1111 2584 per
1142 2520 1246 2568 terram
1276 2516 1433 2585 intelligere
1466 2532 1616 2585 possumus
1644 2525 1773 2573 terrenos

159 2604 246 2658 dicatm
257 2606 290 2659 ab
305 2607 440 2676 apostolis
463 2612 490 2659 et
512 2602 674 2659 doctoribus
696 2604 810 2656 verbum
827 2604 932 2658 Christi
973 2601 1109 2664 homines,
1120 2603 1168 2671 qui
1178 2608 1289 2656 tanturn
1301 2620 1411 2667 sonum,
1424 2601 1452 2657 id
1463 2609 1515 2662 est,
1528 2605 1631 2658 lamam
1643 2606 1775 2675 pradica-

163 2693 274 2764 esttquia
286 2711 342 2749 uon
357 2695 414 2748 alia
426 2695 587 2766 praedicant,
599 2708 683 2763 quam
696 2709 756 2762 quae
769 2692 798 2744 in
811 2691 932 2761 Evange-
973 2689 1058 2742 tionis
1077 2695 1106 2742 et
1127 2689 1264 2760 simplicia
1283 2691 1390 2743 raonita
1405 2698 1590 2761 perceperunt
1607 2710 1613 2743 :
1633 2692 1685 2745 Per
1703 2695 1773 2748 fines

164 2778 192 2832 lio
202 2782 374 2846 motinentur,
388 2783 461 2853 quod
475 2782 510 2835 ab
525 2798 573 2835 ore
589 2780 693 2834 Christi
709 2787 751 2833 est
765 2781 905 2850 prolatum
924 2799 929 2833 :
974 2784 1065 2835 terra.
1080 2777 1260 2847 philosophos
1281 2783 1309 2831 et
1332 2779 1440 2831 artibus
1459 2779 1620 2832 liberalibus
1637 2780 1771 2846 eruditos,

166 2865 266 2940 belgae
275 2870 334 2941 i'pse
347 2870 474 2925 Christus
490 2870 593 2924 revelat
604 2869 644 2923 eis
655 2870 683 2922 in
697 2868 788 2934 corde,
799 2876 826 2922 et
840 2869 933 2939 loqui·
974 2866 1020 2935 qui
1031 2866 1114 2917 verba
1125 2864 1241 2919 scrutati
1253 2871 1319 2918 sunt
1329 2867 1535 2936 praedicationis
1547 2867 1728 2936 Evangelicae,
1742 2873 1773 2923 ut

167 2956 301 3026 turperma
313 2958 437 3013 illorum.
450 2958 491 3012 Ad
512 2959 569 3011 haec
583 2961 714 3027 poterant.
726 2957 814 3009 ludaei
829 2957 931 3023 dicere,
974 2954 1153 3022 Augustinus
1163 2952 1217 3006 luit
1226 2958 1254 3007 et
1268 2954 1435 3023 Cyprianus.

168 3038 281 3101 licetiulso
296 3066 302 3101 :
318 3047 381 3101 Non
397 3046 554 3101 audivimus
570 3045 684 3098 verbum
701 3045 804 3098 Christi
818 3061 869 3114 per
883 3061 933 3098 ora
1008 3041 1059 3097 Sed
1072 3044 1152 3096 diro:
1168 3044 1303 3110 d'rcnauid
1324 3044 1409 3096 lsrael
1433 3059 1488 3097 nron
1509 3050 1655 3112 cognorit?
1672 3044 1705 3100 Id
1720 3051 1773 3111 est,

169 3132 332 3200 enatorum,
349 3141 448 3189 contra
464 3150 533 3205 quos
548 3134 698 3207 Apostolus
712 3133 856 3202 subjungit
872 3150 877 3184 :
974 3131 995 3185 si
1007 3131 1167 3201 predicatio
1179 3130 1369 3200 apostolorum
1380 3128 1773 3205 adomnesgcatespervenit,

192 3216 299 3277 Srddica:
309 3222 448 3291 Numquid
458 3221 931 3276 nonarale'rrunl?Subaudisludaei
974 3218 1177 3288 quantomagis
1190 3219 1224 3270 ad
1234 3218 1355 3280 Judaeos,
1365 3219 1440 3288 apud
1452 3234 1522 3289 quos
1535 3221 1669 3275 seminari
1678 3223 1771 3293 coepit,

170 3303 250 3362 terbum
260 3309 466 3380 praedicationis
477 3310 668 3380 apostolorum
680 3327 685 3362 :
702 3309 861 3379 Respondet
873 3309 932 3379 ipse
974 3306 1128 3376 praesertim
1137 3321 1200 3359 cum
1209 3305 1263 3375 ipsi
1274 3306 1332 3359 sint
1341 3306 1466 3359 onmium
1474 3308 1602 3376 gentium
1610 3311 1774 3366 mediterra-

170 3388 931 3467 dposlolussibi,etuihrmatquiaaudieruntlllquidem,
974 3395 1028 3447 uei.
1047 3394 1096 3448 Vel
1111 3394 1213 3446 aliter:
1232 3394 1366 3463 Nunquid
1390 3394 1476 3448 Israel
1494 3412 1550 3449 non
1573 3399 1703 3467 cognovit
1717 3400 1774 3470 pn'-

171 3484 370 3549 ttcealiirmatio,
393 3492 421 3540 et
443 3486 489 3541 hic
503 3491 546 3539 est
570 3485 810 3554 distinguendum.
829 3487 933 3540 Sensus
975 3483 1215 3552 inuarcognovit
1230 3482 1327 3552 utique
1337 3482 1367 3536 in
1377 3473 1510 3553 apostolis
1520 3491 1549 3537 et
1558 3474 1717 3554 apostolicis
1733 3488 1773 3541 vi-

171 3566 222 3622 enin
232 3572 383 3643 hujusmodi
397 3580 439 3628 est
452 3593 457 3626 :
470 3573 603 3641 Nunquid
613 3589 669 3625 non
683 3574 834 3626 audierunt
846 3574 934 3627 ludaei
975 3572 1022 3625 ris.
1040 3574 1152 3624 Primus
1167 3572 1268 3639 illapsas
1282 3573 1349 3624 dicit
1364 3587 1373 3623 :
1390 3572 1444 3638 uro
1458 3574 1495 3624 ad
1509 3575 1714 3628 arrerrlalionem
1729 3592 1774 3630 tus

171 3655 251 3715 terbum
261 3660 382 3716 Christi?
397 3662 432 3716 Et
445 3661 568 3732 quidem,
578 3661 605 3713 id
616 3666 658 3714 est
668 3661 833 3720 certissime,
847 3663 875 3714 in
892 3678 934 3715 ve·
975 3663 1111 3713 atlducarn
1128 3663 1157 3712 in
1173 3676 1226 3712 raon
1243 3664 1359 3725 pentem.
1373 3659 1527 3713 AEmulatio
1543 3677 1604 3730 quae
1618 3662 1713 3717 Graeco
1729 3680 1774 3718 vo·

172 3738 230 3799 riteh
241 3746 304 3813 dico,
318 3752 384 3821 quia
399 3750 558 3809 audierunt,
571 3750 618 3802 sed
630 3748 744 3802 credere
758 3755 935 3820 contempse-
976 3748 1073 3803 caltulo
1084 3748 1159 3800 zelus
1171 3747 1336 3816 appellatur.
1351 3763 1405 3800 non
1417 3747 1601 3811 unitbrmiter,
1617 3766 1707 3821 neque
1722 3751 1774 3806 sub

173 3837 224 3885 llll.
236 3834 342 3893 Poterat
353 3835 454 3908 aliquis
463 3836 499 3890 aad
513 3837 571 3890 inec
582 3837 673 3889 dicere
685 3856 691 3891 :
703 3837 828 3907 Apostoli
842 3853 934 3891 reces-
976 3852 1032 3889 uno
1046 3853 1131 3889 sensu
1145 3852 1257 3904 semper
1271 3836 1415 3905 accipitur.
1432 3837 1503 3889 Nam
1521 3837 1635 3906 ponitur
1649 3855 1697 3909 pro
1713 3841 1775 3895 imi·

173 3925 277 3979 mitat
291 3928 341 3983 eis.
354 3932 382 3980 et
397 3926 535 3996 quomodo
551 3931 703 3995 potuerunt
714 3925 834 3979 audire?
851 3925 935 3979 Asse·
975 3924 1090 3986 tutione,
1101 3940 1151 3993 pro
1161 3924 1264 3983 studio,
1279 3940 1329 3991 pro
1340 3939 1445 3986 amore,
1461 3940 1511 3993 pro
1526 3925 1690 3990 invidentia,
1703 3929 1775 3983 sicut

173 4000 198 4055 fl'l
207 4018 296 4085 quoque
308 4014 460 4086 Apostolus
473 4015 600 4084 evemplo
616 4014 789 4084 prophetico,
800 4021 829 4068 et
842 4014 910 4067 dicit
924 4033 930 4067 :
976 4013 1029 4066 hic.
1045 4014 1104 4066 lloc
1118 4020 1212 4065 autem
1224 4014 1332 4082 Moyses
1343 4028 1375 4065 ex
1385 4028 1505 4081 persona
1515 4015 1715 4083 omnipotentis
1724 4017 1775 4072 Dei

175 4087 282 4156 Quomodo
290 4103 447 4174 potuitesse
455 4110 487 4156 ut
495 4119 551 4156 non
563 4103 709 4157 audirent:
723 4104 754 4157 ln
766 4119 873 4156 orarem
884 4108 935 4156 ter·
975 4106 1073 4155 contra
1082 4101 1191 4156 ludaeos
1202 4099 1335 4170 loquitur,
1348 4100 1395 4170 qui
1404 4101 1437 4154 ad
1452 4101 1659 4157 aemulationem
1669 4112 1698 4158 et
1707 4105 1776 4160 invi·

176 4192 217 4235 'lm
224 4194 293 4245 crivit
302 4208 386 4245 sontes
398 4208 503 4254 corium
516 4197 540 4245 el
553 4195 583 4244 in
594 4194 660 4258 fines
674 4193 747 4244 oriris
763 4197 841 4244 terre
855 4191 935 4244 cerba
975 4189 1050 4242 diam
1069 4189 1145 4243 ducti
1165 4192 1232 4242 sunt
1246 4194 1343 4242 contra
1361 4204 1417 4242 non
1436 4194 1560 4258 gentem,
1577 4190 1605 4244 id
1621 4196 1664 4248 est
1677 4199 1776 4249 contra

174 4278 247 4331 tanim,
255 4278 365 4334 Dixerat
375 4296 461 4351 supra
476 4279 551 4334 idem
564 4279 729 4333 Psalmista:
741 4280 801 4333 Non
816 4289 880 4332 stant
895 4283 935 4332 lo·
976 4279 1111 4350 populum
1126 4295 1159 4331 en
1173 4277 1304 4348 gentibus
1319 4277 1491 4343 credentem,
1507 4278 1552 4332 cui
1574 4294 1686 4350 semper
1703 4280 1776 4336 invi·

175 4360 318 4436 miraeque
332 4384 478 4430 sermones,
492 4384 611 4437 atrorum
628 4385 681 4422 reon
696 4369 934 4421 audianturtoccs
945 4358 968 4413 D
978 4367 1054 4428 dent,
1071 4368 1137 4420 dum
1153 4364 1247 4420 vident
1261 4382 1326 4419 eum
1340 4363 1370 4419 in
1385 4366 1477 4436 ipsum
1496 4367 1609 4422 credere
1625 4384 1708 4439 quem
1723 4370 1777 4442 ipsi

176 4454 240 4505 dmin
252 4458 330 4521 (Psal.
347 4470 433 4519 xvim.
459 4456 487 4510 Si
508 4458 662 4511 secundum
683 4457 794 4526 linguas
810 4456 936 4509 omniunt
978 4456 1148 4516 occiderunt,
1164 4455 1237 4509 sicut
1252 4455 1281 4508 in
1297 4452 1412 4509 Actibus
1425 4456 1615 4524 apostolorum
1630 4458 1752 4512 refertur
1768 4478 1775 4513 ι

176 4537 265 4597 sotum
274 4552 302 4599 et
310 4560 456 4600 sermones
466 4546 568 4600 audita
578 4551 644 4599 sunt
655 4561 734 4599 voces
745 4545 936 4615 apostolorum
978 4543 1058 4607 Quod
1068 4546 1186 4597 rituales
1195 4544 1286 4597 lrcdal
1296 4546 1391 4597 turbas
1399 4543 1527 4613 gentium
1538 4545 1720 4610 credentium,
1732 4563 1777 4601 rc-

175 4615 253 4696 inipsis
264 4633 405 4703 gentibus,
426 4641 530 4704 quanto
545 4634 636 4702 magis
651 4634 726 4704 apud
739 4632 863 4701 ludaeos,
876 4634 939 4704 ipsa
976 4635 1045 4701 picti
1057 4637 1122 4686 surii
1138 4635 1204 4690 salo,
1216 4637 1241 4685 et
1255 4633 1479 4685 contradicebant
1491 4633 1534 4684 his
1543 4648 1602 4699 qua
1611 4648 1629 4685 a
1639 4636 1726 4687 Paulo
1736 4636 1778 4687 di·

115 4668 119 4785 ,
175 4703 345 4781 linblaeorum
357 4720 581 4775 liebraeaaudita
592 4716 691 4775 estlSi
703 4721 777 4774 enim
789 4720 823 4773 ab
835 4720 935 4775 Hieru-
979 4720 1193 4785 cclranturhlcl.
1210 4726 1281 4783 x111).
1299 4719 1371 4772 Ante
1390 4712 1505 4770 Domini
1522 4718 1672 4773 adventum
1687 4736 1777 4790 genus

115 4798 117 4803 ’
172 4796 234 4857 Silta
245 4807 271 4861 in
282 4817 404 4879 quatuor
417 4809 532 4863 climata
546 4810 644 4863 mundi
656 4809 838 4879 Evangelium
849 4810 938 4863 divul·
978 4809 1133 4862 humanum
1148 4806 1177 4859 in
1189 4805 1300 4860 ludaeos
1310 4802 1522 4857 dividebaturet
1533 4808 1641 4872 gentes,
1651 4806 1701 4859 sed
1710 4823 1778 4877 gen-

170 4890 241 4952 getam
248 4900 297 4961 est,
307 4898 449 4966 quomodo
464 4897 531 4968 ipsis
540 4892 653 4961 rudeis,
666 4915 682 4951 a
695 4897 796 4969 quibus
806 4897 938 4967 praedica-
978 4902 1021 4950 tes
1036 4911 1087 4966 per
1101 4894 1299 4949 enormitatem
1314 4892 1463 4955 malorum,
1484 4890 1523 4943 ita
1546 4894 1779 4951 transcenderant

170 4971 198 5028 ti⁰
213 4980 326 5051 q'usdem
349 4986 491 5056 Evangelii
509 4987 654 5041 exordium
677 4986 808 5056 sumpsit,
824 5002 880 5039 non
895 4991 938 5039 est
978 4984 1146 5039 conditionis
1156 4999 1212 5036 suae
1223 4980 1347 5043 rnodum,
1360 4984 1391 5032 ut
1400 4977 1486 5031 ctiam
1496 4978 1588 5047 gentis
1598 4981 1711 5036 norrrine
1721 4992 1779 5040 nott

166 5065 337 5133 predicatum?
352 5074 473 5128 maxime
483 5090 546 5128 curn
557 5082 585 5128 et
596 5075 648 5145 ipsi
662 5059 859 5128 mediterranei
869 5074 934 5128 sint.
979 5074 1149 5128 meruissent
1163 5069 1308 5142 appellari,
1322 5068 1370 5121 sed
1383 5083 1477 5129 canes,
1493 5067 1602 5122 dicente
1616 5070 1736 5128 Domino
1749 5074 1781 5130 in

165 5151 225 5218 Quod
234 5161 303 5215 enim
312 5161 488 5216 Hierusalem
499 5164 528 5217 in
537 5164 629 5217 medio
640 5170 778 5217 terrarum
790 5163 826 5216 sit
836 5164 936 5234 posita,
980 5163 1128 5231 Evangelio
1139 5181 1144 5215 :
1155 5163 1216 5215 Non
1226 5164 1262 5212 esl
1273 5160 1374 5210 barrum
1384 5170 1492 5211 stitture
1499 5168 1599 5225 panem
1610 5162 1744 5226 filiorum,
1753 5168 1780 5220 el

158 5243 218 5299 sieut
229 5248 371 5304 umbilicus
386 5252 500 5312 ventris,
516 5258 637 5306 testatur
648 5253 804 5315 Psalmista,
822 5252 917 5305 dicens
930 5270 936 5304 :
979 5254 1087 5305 nritterc
1099 5251 1213 5303 canibus
1225 5247 1332 5308 (iratus
1346 5250 1399 5314 xv).
1412 5244 1492 5299 Unde
1503 5262 1558 5299 non
1566 5263 1636 5317 geris
1649 5249 1780 5307 diceban-

155 5335 323 5400 deusculans,
335 5355 385 5392 res
396 5344 487 5394 aester
501 5348 565 5395 autc
577 5345 684 5401 secula,
702 5345 829 5408 operatus
841 5346 878 5394 est
893 5357 939 5393 sa·
981 5339 1110 5408 tur,quia
1118 5338 1225 5391 ratione
1232 5335 1336 5388 amissa
1348 5334 1623 5390 irrationabilitatem
1631 5340 1779 5395 sectaban-

153 5427 229 5481 lalem
246 5426 381 5503 in'mcdio
398 5433 476 5483 terra
493 5432 576 5497 (Paul.
590 5427 680 5499 cxxii),
694 5430 721 5484 id
737 5430 821 5483 estin
837 5420 939 5482 Hieru—
980 5424 1781 5499 lucilerumcumpostmodumcredidissenttamaposto-

148 5514 241 5572 salem.
260 5514 295 5571 ut
307 5530 359 5592 prr
378 5512 552 5575 manetem
565 5519 703 5574 Dominus
720 5518 866 5592 loquitar:
884 5519 939 5574 Ista
980 5516 1015 5569 lis
1026 5503 1242 5588 predicantibus
1253 5520 1450 5587 quameomm
1461 5514 1779 5586 summantusfludel
