3818 6104
131 325 190 387 925
471 327 661 384 EXPOSITIO
680 329 719 384 IN
739 329 815 385 EPP.
837 329 864 384 S.
887 327 1004 384 PAULI.
1028 358 1059 368 -
1079 327 1119 383 IN
1138 326 1249 383 EPlST.
1272 326 1320 381 AD
1340 325 1447 383 HEBR.
1722 324 1776 380 926

131 467 208 506 arem
223 455 561 522 nepassctepressussoros
575 454 649 522 perir
663 469 760 507 uacare
774 454 933 523 (lacman).
946 456 1096 512 Arserunt
1121 468 1213 523 neque
1232 452 1291 506 visa
1310 458 1377 505 sunt
1401 451 1481 521 signa
1502 447 1604 521 quibua
1622 453 1773 517 terrentur,

132 539 245 596 Idcirco
260 541 301 595 illi
311 542 457 596 dimissum
470 547 513 597 est
526 548 583 596 tarn
593 541 699 613 grande
711 550 853 613 pecccatum
865 558 934 612 quo·
976 541 1047 594 sicut
1066 543 1178 612 quando
1194 543 1236 596 lex
1247 542 1314 595 data
1327 548 1382 597 est.
1400 541 1533 611 Sequitur
1546 558 1552 594 :
1570 542 1658 608 Quum
1680 554 1775 594 vocem

130 629 213 685 niam
229 631 303 685 sicut
316 631 613 702 debuitpoenitentiam
622 631 935 701 egitllbnenimaccrs-
976 630 1107 684 tubarum
1121 637 1149 684 et
1159 633 1333 702 angelorum,
1347 633 1397 700 qui
1410 631 1563 684 accdicrunt
1576 633 1776 683 excaecaverunt

131 719 934 788 sistisadtroctubilemctaccessibilemigiternetturbiuem
975 734 1011 782 sc,
1029 735 1062 772 nc
1081 723 1119 772 eis
1132 722 1206 786 tieret
1226 720 1348 783 verbam,
1360 719 1387 772 id
1405 723 1457 783 est,
1472 733 1507 772 ne
1530 718 1571 772 eis
1594 718 1771 787 loqueretur.

130 811 158 861 et
168 808 317 875 caliginem
331 812 357 861 et
373 810 533 876 procellam,
550 813 574 862 rt
599 810 668 862 tuba·
683 825 791 871 sanaem,
808 815 831 863 cl
846 826 934 864 rocem
974 807 1037 861 Il'un
1056 810 1131 860 enirn
1144 810 1293 876 pertubant
1308 809 1381 876 quud
1390 808 1533 861 dicebatur
1544 807 1581 860 ad
1593 822 1646 871 eos,
1662 806 1714 860 boe
1732 815 1776 860 est

129 895 290 950 acrbomrm.
305 895 364 949 Mos
378 900 421 950 est
443 896 556 950 illorum
577 896 624 967 qui
646 896 870 968 comparationes
894 898 933 952 la·
975 911 1030 949 non
1045 901 1177 966 poterant
1193 896 1266 950 serre
1287 912 1380 950 rocem
1393 896 1486 966 angeli
1501 911 1558 966 prae
1576 895 1687 955 timore,
1700 894 1774 949 unde
1851 932 1854 937 ·

130 982 222 1048 ciunt,
240 989 272 1036 ut
287 982 407 1038 alteram
428 990 537 1054 partem
561 985 722 1056 deprimant
744 994 830 1057 atque
855 991 933 1041 exte·
974 990 1002 1038 et
1016 984 1147 1038 dixerunt
1162 984 1270 1055 Moysi:
1284 987 1401 1052 Loquere
1418 988 1448 1037 tu
1464 986 1551 1048 nobis,
1568 998 1623 1038 non
1641 986 1774 1051 loquutur

129 1077 232 1125 nuent.
248 1076 281 1125 ut
294 1088 339 1125 res
352 1072 468 1127 alterius
487 1073 575 1144 partis
585 1075 710 1128 emineat
723 1075 767 1129 Sic
782 1081 810 1129 et
824 1083 933 1147 aposto·
974 1075 1050 1126 nobis
1064 1074 1207 1137 llurnimrs,
1219 1089 1251 1125 nc
1265 1075 1335 1140 sorte
1348 1075 1508 1126 moriamur
1522 1072 1774 1142 (and.xxl.Nimio

129 1158 178 1213 lus
193 1176 227 1214 ex
240 1161 449 1230 comparatione
461 1162 572 1215 illorum
589 1179 650 1233 quae
665 1163 780 1217 luerunt
794 1164 822 1218 in
837 1163 932 1218 Veteri
974 1161 1047 1215 enirn
1061 1162 1163 1215 timore
1178 1162 1289 1223 luerunt
1304 1161 1434 1231 perculsi,
1452 1161 1578 1216 ridentes
1591 1165 1682 1215 totum
1696 1174 1773 1215 mon·

128 1248 324 1329 Testamenta,
348 1258 449 1304 nostra
477 1252 585 1320 majora
610 1252 733 1305 ostendit
750 1257 779 1306 et
802 1253 929 1315 clariora,
973 1254 1030 1303 tem
1041 1250 1106 1304 Sina
1122 1250 1230 1303 turnare
1245 1250 1380 1320 procellas
1395 1265 1506 1320 quoque
1520 1250 1775 1304 ettonitruaetva·

129 1337 325 1393 mansuetiora
337 1355 447 1410 quoque
461 1345 490 1393 et
504 1340 620 1393 meliora
635 1345 719 1411 atque
746 1340 932 1395 admiratione
966 1353 1018 1391 ces
1033 1337 1164 1392 tubarum
1182 1339 1321 1406 librasti
1331 1338 1355 1390 si
1368 1340 1451 1391 irratio
1463 1341 1720 1405 tetr'prritmontern,
1734 1341 1773 1392 la-

130 1424 310 1495 digna.Facit
324 1427 399 1481 enim
412 1444 487 1482 nunc
502 1429 688 1482 differentiam
706 1430 779 1483 inter
791 1431 933 1484 Christum
973 1429 1126 1494 tristabitur,
1145 1426 1277 1481 subaudis
1287 1422 1773 1496 lapidibusgrnndiniscoelitusnris·

132 1520 165 1567 et
183 1512 389 1584 Moysensntu·
405 1515 585 1586 Erarigelium
600 1522 629 1571 ct
641 1518 822 1587 legem,inter
832 1518 932 1572 calum
974 1515 1013 1567 sis
1027 1514 1153 1568 Sicenim
1166 1512 1774 1585 praeeperatnoriiiriuszloligesesaciantu-

130 1605 162 1654 εἰ
181 1610 305 1656 montem
320 1603 396 1667 sina,
413 1604 604 1675 aspersionem
618 1606 762 1676 sanguinis
781 1607 879 1675 legalis
906 1613 934 1660 et
974 1601 1507 1672 liilsrnclamnnta,quonian1aihumo
1523 1601 1774 1673 autaliquabestia

130 1690 934 1762 emundationemsanguinisChristiMultoenimnieliora
974 1693 1122 1745 accesserit
1131 1693 1165 1745 ad
1178 1699 1312 1749 inolitam.
1331 1690 1471 1761 lapidibus
1493 1688 1639 1761 grandinis
1662 1691 1772 1744 interil-

131 1778 359 1850 suntistaquam
373 1780 491 1835 fuissent
501 1782 557 1835 illu.
572 1782 691 1836 lbienim
702 1783 857 1853 requiescet
869 1800 931 1836 um·
943 1775 1108 1834 deletur-Et
1124 1781 1163 1834 ila
1182 1780 1308 1834 terribile
1323 1778 1628 1850 eratquodvidebatur,
1638 1777 1772 1833 subaudis

130 1863 193 1930 bra,
210 1867 255 1920 hic
269 1867 371 1922 veritas
381 1876 526 1924 tenetur-et
537 1871 677 1941 panditur.
696 1872 756 1925 Non
770 1872 927 1941 accepistis,
971 1868 1770 1940 utnequeauderentaudirenequeaccedcreadmontem.

130 1953 274 2026 inquitas
282 1957 458 2013 tractabilem
471 1965 499 2011 et
512 1959 699 2013 accessibilem
712 1960 814 2029 ignem,
834 1961 861 2013 id
875 1966 928 2019 est.
1007 1961 1108 2024 ,Moyses
1117 1959 1190 2012 enim
1202 1959 1551 2012 disitsExterritassumet
1562 1957 1769 2011 tremebundus.

131 2059 188 2098 non
205 2045 361 2099 accessistis
375 2046 409 2099 ad
425 2046 531 2101 risibile
545 2053 573 2101 et
588 2048 726 2118 palpabile
745 2050 841 2102 lumen
857 2049 930 2118 ignis
972 2047 1001 2101 Si
1027 2047 1136 2118 Moyses
1156 2046 1306 2101 exterritus
1321 2053 1372 2109 est,
1393 2045 1460 2117 quid
1476 2045 1624 2100 dicendum
1640 2044 1675 2098 de
1685 2043 1771 2098 aliis?

131 2133 207 2204 quod
222 2133 283 2187 visu
298 2150 432 2204 corporeo
447 2137 562 2190 tractari
578 2137 674 2206 possit,
696 2138 769 2191 sicut
789 2138 824 2191 de
845 2138 930 2191 reteri
971 2136 1022 2191 Sed
1036 2139 1184 2189 accessistis
1197 2137 1233 2189 ad
1247 2134 1314 2189 Sion
1333 2140 1452 2188 errantem
1467 2140 1491 2188 ct
1505 2137 1645 2188 civitatem
1659 2135 1708 2187 Dri
1728 2136 1772 2187 ci·

129 2222 236 2293 populo
250 2221 370 2276 «ludaico
385 2217 514 2294 legimus,
530 2226 577 2279 scd
593 2225 760 2279 invisibilem
776 2231 804 2278 et
822 2227 930 2280 incorn·
972 2228 1067 2287 centis,
1085 2225 1256 2278 llicrasulcm
1276 2227 1415 2278 calestem.
1439 2223 1477 2277 Ex
1500 2221 1693 2294 superioribus
1715 2221 1771 2276 ista

128 2310 351 2382 prehensibilem
363 2312 465 2369 Deum.
479 2314 543 2367 llaec
554 2315 582 2367 in
593 2314 660 2368 Sina
672 2322 766 2367 rnonte
777 2315 848 2368 lacta
862 2315 931 2368 rele·
972 2312 1156 2382 pendentubi
1172 2313 1276 2366 «lictum
1292 2319 1403 2376 estnon
1419 2311 1576 2366 accessistis
1587 2311 1623 2365 ad
1637 2310 1773 2365 tractabl·

128 2405 245 2463 rantur,
261 2401 372 2471 quando
389 2401 455 2455 data
468 2407 511 2456 est
525 2403 577 2467 lex,
592 2403 665 2473 ignis
678 2403 816 2469 videlicet,
837 2403 929 2468 turbo,
971 2401 1026 2455 lem
1047 2407 1075 2455 et
1089 2401 1277 2455 accessibilem
1293 2402 1385 2471 ignem
1399 2401 1503 2455 montis
1516 2400 1604 2458 Sinai.
1622 2399 1670 2455 sed
1681 2412 1773 2454 acces-

128 2488 369 2560 caligoprocella,
384 2489 458 2544 tubae
471 2507 566 2555 sonus,
576 2497 602 2544 et
619 2509 667 2544 roa
684 2491 931 2546 verborumllisus
973 2489 1048 2544 sistis
1058 2491 1093 2544 ad
1104 2491 1166 2544 Sion
1178 2496 1417 2554 montem,caetera
1434 2505 1484 2561 per
1497 2489 1685 2559 parenthesim
1696 2489 1772 2544 ulca

128 2576 281 2648 estanult
300 2576 436 2633 Dominus
449 2579 558 2633 Deusin
571 2580 929 2648 inonteSinaOEr.x1x,xx).
973 2584 1039 2632 sunt
1063 2579 1117 2632 Per
1131 2579 1196 2632 Sion
1212 2584 1307 2633 autem
1321 2595 1382 2649 quae
1395 2579 1596 2648 interpretatur
1606 2576 1771 2648 speculatio,

127 2665 226 2721 Turbo
241 2670 284 2720 est
299 2672 397 2721 ventus
413 2668 520 2722 validus
535 2668 665 2722 auferens
683 2669 802 2739 stipulas
817 2676 844 2723 et
858 2669 931 2723 levia
973 2674 1001 2721 et
1010 2685 1060 2738 per
1071 2667 1243 2721 Hierusalem
1256 2684 1318 2737 qum
1329 2667 1607 2738 interpretaturvisio
1614 2664 1700 2737 pacis,
1712 2665 1772 2720 vult

128 2770 251 2826 quaeque
271 2772 304 2810 ac
327 2757 469 2826 pulverem
492 2764 574 2811 terra
599 2758 750 2823 incoli-ens,
765 2759 930 2829 plerumque
973 2757 1092 2826 intelligi
1107 2757 1248 2811 coelestesn
1264 2757 1395 2826 patriam.
1413 2757 1562 2810 Ecclesiam
1581 2755 1709 2808 videlicet
1722 2768 1771 2809 sn·

128 2844 217 2898 wem
230 2844 339 2898 extollit
353 2861 414 2914 qum
429 2845 584 2914 ponderosa
594 2850 668 2899 sunt.
685 2846 779 2916 Caligo
799 2854 840 2901 est
856 2854 931 2901 tene·
973 2862 1164 2916 pernam,quae
1179 2852 1289 2899 constat
1310 2861 1342 2897 ex
1358 2844 1466 2914 angelis
1479 2854 1508 2897 et
1515 2841 1676 2897 horninibus
1684 2843 1771 2911 justis

127 2930 254 2986 brosites
267 2932 336 2986 fumi
348 2933 596 3003 etignis·Procella
608 2942 651 2988 est
661 2943 813 3005 tempestas
829 2941 857 2990 et
872 2937 932 3007 plu·
948 2965 950 2969 ν
972 2934 1103 3004 adquam
1119 2933 1263 2987 acceditur
1277 2933 1367 2987 llcleet
1385 2931 1709 2995 desideriodccessistis,
1726 2932 1771 2985 in·

127 3019 185 3074 ria.
203 3019 287 3074 Facta
302 3026 475 3074 cantantem
491 3021 546 3074 ista
568 3024 680 3091 quando
698 3023 740 3077 lex
755 3024 884 3086 dabatur,
899 3031 931 3078 nt
973 3024 1043 3093 quit,
1058 3022 1092 3076 ad
1106 3024 1171 3076 Sion
1189 3030 1323 3086 montem,
1340 3022 1392 3076 hoc
1406 3027 1449 3076 est
1463 3021 1498 3074 ad
1513 3020 1653 3075 civitatem
1665 3019 1716 3074 Dei
1730 3016 1772 3073 ri·

128 3109 220 3164 corda
232 3109 393 3163 ludaeorum
408 3125 496 3180 prona
515 3110 549 3163 ad
564 3111 734 3180 peccandum
750 3083 960 3166 concuteren·C
972 3111 1060 3165 ventis
1076 3110 1247 3166 llierusalem
1262 3110 1317 3165 lide
1331 3117 1359 3164 et
1370 3110 1558 3167 desiderio.Et
1569 3108 1772 3164 accessistlsad

127 3202 189 3263 tur,
202 3213 237 3251 ne
250 3197 340 3268 ipsam
361 3197 450 3266 legem
470 3198 607 3252 auderent
627 3201 792 3269 transgredi.
810 3200 888 3254 Unde
903 3205 931 3254 et
971 3203 1157 3268 frequentium
1173 3201 1231 3253 slve
1250 3199 1462 3254 multitudinem
1478 3201 1633 3252 merituram
1648 3201 1773 3253 millium

127 3290 311 3341 terraemotus
325 3286 431 3339 exstitit
447 3286 495 3351 ilii,
510 3293 542 3341 ut
559 3287 610 3357 ipsi
626 3303 659 3340 ex
673 3294 733 3341 toto
746 3296 854 3342 terrore
867 3307 931 3359 per·
971 3287 1297 3354 ungelcramconsociati
1308 3288 1363 3341 illis
1376 3286 1658 3345 inlide.cansaciandi
1669 3286 1773 3341 iterum

129 3374 257 3433 cussiad
266 3375 354 3429 Deum
367 3375 500 3428 caelorum
513 3376 674 3445 coniugium
689 3377 823 3431 lacerent.
841 3379 931 3433 Tene·
974 3375 1002 3428 in
1016 3376 1116 3446 gloria,
1125 3377 1285 3447 justaquod
1299 3377 1433 3431 Dominus
1443 3376 1526 3430 dicit:
1544 3376 1721 3430 Erunteleeti
1734 3375 1773 3429 si·

129 3461 189 3519 brae
206 3469 301 3518 autem
314 3463 387 3517 sicut
401 3469 429 3517 et
447 3464 536 3534 caligo
550 3462 749 3518 obscuritatem
766 3466 852 3536 ipsius
863 3466 933 3537 legis
974 3471 1021 3519 cut
1031 3467 1123 3536 angeli
1139 3466 1187 3520 Dei
1202 3466 1230 3519 ia
1248 3466 1327 3531 coelo,
1344 3471 1373 3520 ct
1386 3465 1543 3519 accessistis
1568 3465 1603 3518 ad
1624 3465 1773 3518 Ecclesium

129 3551 395 3622 designant'l'urbo
410 3552 466 3606 sire
480 3553 631 3607 commotio
646 3560 803 3621 ventorum,
815 3556 932 3609 coirimi-
970 3558 1183 3622 prinn'linurmn
1199 3559 1248 3622 qui
1260 3558 1409 3622 conscripti
1416 3559 1483 3607 aurit
1494 3557 1523 3607 tn
1534 3551 1773 3607 celis.Ecclesiam

130 3641 277 3696 nationem
292 3641 380 3712 ipsius
400 3642 480 3712 legis,
492 3658 554 3713 quac
566 3642 644 3708 dicit,
658 3643 680 3697 si
698 3645 760 3714 quis
773 3645 826 3699 hoc
841 3646 882 3699 rel
897 3646 931 3697 il·
974 3644 1179 3714 primitivorum
1190 3643 1323 3697 debemus
1333 3643 1457 3713 accipere
1468 3643 1496 3696 in
1507 3641 1700 3713 apostolis‚qui
1711 3640 1771 3710 pri·

129 3728 468 3796 ludlecerit,occidatur-
485 3732 612 3785 Procella
638 3732 727 3802 ipsam
757 3734 930 3788 vindictam:
974 3731 1207 3796 micrediderunt,
1224 3740 1343 3801 quorum
1360 3729 1613 3799 lldeiilliadjuncti
1635 3733 1774 3783 suntcre-

130 3816 294 3873 tubaesonus
304 3820 480 3889 presentiam
492 3825 520 3873 et
534 3821 747 3874 adrentumDei
759 3823 933 3892 omnipoten·
975 3819 1081 3873 decido:
1097 3827 1126 3872 et
1140 3835 1258 3889 quorum
1275 3820 1388 3873 nomina
1399 3820 1505 3889 scripta
1517 3817 1622 3872 suntin
1636 3816 1773 3871 memorie

131 3906 179 3974 tis,
195 3906 271 3961 unde
284 3906 358 3962 idem
374 3908 527 3978 Apostolus
539 3908 704 3963 aliusdicit:
722 3912 755 3964 ln
764 3914 847 3979 jussu
862 3915 886 3963 el
902 3913 932 3964 in
974 3909 1175 3979 ornnipotentis
1190 3909 1249 3974 Der,
1263 3909 1345 3978 juxta
1355 3908 1429 3978 quod
1444 3909 1504 3978 ipsa
1516 3907 1629 3961 Veritas
1640 3906 1680 3960 eis
1690 3902 1769 3960 dixit:

132 4010 193 4050 uoce
206 3997 369 4063 archangeli
392 4002 417 4050 ct
441 4000 471 4050 in
497 3999 562 4051 tabu
584 3999 633 4051 Dei
649 4000 786 4053 clrsccndct
813 4000 845 4051 de
870 4000 932 4054 calo
974 3997 1090 4052 Gaudde
1105 3999 1299 4066 qrrlanomino
1314 4003 1403 4050 uestra
1433 4000 1537 4064 scripta
1560 4001 1626 4050 sunt
1649 3999 1681 4049 tn
1699 3997 1770 4050 cells

134 4085 157 4149 ll
172 4084 264 4137 Thess.
281 4098 317 4150 lv,
334 4082 394 4152 llil:
410 4102 459 4155 per
474 4085 569 4140 tubam
586 4094 680 4140 autem
696 4086 864 4156 intelligitur
873 4087 934 4158 ipsa
975 4088 1047 4153 (Lite.
1057 4088 1131 4150 xllIt
1145 4086 1301 4141 accessistis
1314 4086 1349 4140 ad
1362 4089 1448 4140 Deum
1457 4088 1582 4153 judicem
1599 4082 1770 4145 omniurn,ld

133 4187 184 4227 vox
198 4173 372 4242 angelorum.
382 4174 445 4228 Non
461 4175 536 4228 enim
549 4183 592 4229 est
602 4177 756 4246 putandum
768 4176 841 4248 quod
857 4192 934 4230 anea
974 4181 1016 4228 est
1030 4174 1066 4227 ad
1078 4175 1227 4229 Dominum
1239 4177 1334 4230 lesum
1346 4175 1392 4245 qui
1401 4174 1486 4229 dicit:
1502 4177 1584 4229 Pater
1599 4174 1770 4242 conjudicat

135 4268 185 4315 aut
195 4276 300 4314 cornea
320 4261 387 4315 tuba
411 4264 503 4334 angeli
517 4264 730 4335 increpaverint.
751 4266 809 4320 Vox
822 4282 933 4336 quoque
973 4279 1148 4332 quemquam,
1163 4266 1208 4318 scd
1221 4281 1300 4318 onina
1308 4267 1451 4333 judicium
1462 4265 1534 4317 dedit
1551 4265 1619 4318 rrrro
1631 4265 1719 4330 (loun.
1732 4260 1771 4330 v),

134 4349 285 4404 verborum
300 4364 356 4404 non
372 4350 460 4421 ipsius
475 4353 673 4422 omnipotentis
690 4354 738 4407 Dei
755 4354 930 4423 intelligitur,
941 4353 1111 4452 ¹Jperillum
1121 4352 1194 4406 enim
1202 4353 1340 4422 judicabit
1351 4353 1425 4407 Deus
1438 4350 1771 4407 Paternonsolummodo

133 4438 183 4493 sed
204 4438 381 4509 angelorum.
408 4441 460 4493 Per
482 4440 636 4510 subjectam
664 4442 738 4495 enim
764 4448 930 4499 creaturam.
974 4441 1773 4510 Judaeos,sedornneshoniincszetaccessistisudspiritum

132 4526 187 4582 hou
201 4534 247 4581 est
261 4543 312 4598 per
326 4528 467 4598 angelum,
484 4528 651 4599 loquebatur
666 4530 740 4584 Deus
753 4532 787 4584 ad
800 4531 928 4602 Moysen.
969 4533 1112 4597 justarum
1122 4532 1456 4602 perlectorumSpiritum
1468 4533 1609 4601 justorum
1620 4534 1700 4583 vocat
1712 4528 1775 4600 Spi-

130 4615 206 4671 Nam
222 4616 296 4687 quod
312 4632 367 4670 non
380 4624 454 4670 esset
468 4632 518 4670 vox
531 4617 592 4682 Dei,
607 4619 743 4674 Dominus
755 4620 932 4673 demonstrat
974 4618 1060 4672 ritum
1075 4624 1213 4680 sanctum,
1230 4635 1280 4690 per
1294 4636 1377 4692 quern
1392 4621 1603 4674 sanctificantur
1623 4631 1721 4671 omnes
1741 4616 1771 4669 in

130 4704 162 4760 ln
181 4704 343 4775 Evangelio,
368 4704 485 4775 loquens
505 4704 626 4760 ludaeis:
653 4709 746 4775 Neque
764 4725 852 4762 rocem
874 4713 931 4777 rjus
974 4706 1150 4776 baptismate,
1167 4709 1334 4779 accipientes
1364 4709 1399 4762 ab
1427 4708 1475 4761 illo
1498 4706 1771 4760 remissionemom·

130 4796 264 4859 audistis,
282 4809 366 4863 neque
385 4797 499 4862 speciem
521 4798 579 4862 ejas
607 4798 714 4849 vidistis
732 4799 823 4866 (Joarr.
846 4798 881 4866 r).
899 4799 933 4851 Et
974 4797 1052 4851 nium
1068 4805 1244 4868 pcccatorum
1260 4816 1265 4849 :
1281 4803 1309 4852 et
1327 4797 1395 4850 bene
1408 4796 1522 4867 perfecti
1547 4798 1690 4857 vocantur,
1704 4793 1772 4863 quia

131 4882 209 4955 qaod
228 4883 338 4954 Moyses
352 4898 415 4936 cum
430 4884 540 4952 angelo,
555 4900 610 4937 non
632 4901 695 4938 cum
713 4886 829 4939 Domino
848 4887 933 4940 suerit
974 4891 1041 4940 tunc
1057 4887 1127 4955 justi
1143 4886 1256 4957 periectl
1267 4885 1395 4950 existent,
1411 4883 1522 4938 dumab
1536 4881 1771 4937 omnibusconta·

128 4971 246 5026 locutus
259 4971 384 5025 ostendit
402 4971 501 5025 beatus
525 4973 686 5043 Stephanus
695 4975 723 5027 in
737 4975 869 5028 concione
882 4990 932 5029 sua
972 4974 1027 5044 giis
1040 4975 1280 5040 mundantur,sire
1295 4974 1423 5044 spiritum
1432 4974 1573 5042 justorum
1584 4971 1773 5042 perlectorum

131 5074 220 5131 quam
240 5057 338 5113 habuit
349 5075 413 5113 cum
423 5059 545 5114 ludaeis:
561 5062 607 5114 hic
625 5068 676 5125 est,
694 5062 833 5133 inquiens,
850 5062 932 5135 Moy·
973 5063 1050 5129 dicit,
1061 5064 1169 5117 animas
1180 5069 1340 5116 sanctorum
1356 5062 1404 5132 qui
1419 5061 1494 5133 apud
1510 5061 1598 5115 Deum
1613 5059 1771 5131 probabiles

132 5148 241 5218 sesqui
256 5148 310 5203 suit
322 5165 385 5203 cum
397 5149 559 5220 angelo,qui
580 5149 746 5219 loquebatur
758 5152 784 5205 ei
799 5152 826 5205 in
837 5158 932 5206 monte
973 5153 1150 5218 exstiterunt,
1166 5151 1267 5222 quibus
1277 5152 1420 5221 coniuncti
1428 5151 1540 5205 luerunt
1553 5150 1595 5203 illi
1610 5150 1665 5206 lide
1679 5156 1708 5206 et
1722 5152 1772 5207 de·

133 5236 399 5307 sinamangeliem
415 5245 509 5291 autern
523 5238 645 5292 nonfuit
659 5238 755 5292 datum
770 5240 933 5295 intremere
974 5241 1084 5295 siderio·
1101 5241 1261 5294 lacessistis
1281 5256 1391 5311 quoque
1418 5240 1453 5293 ad
1476 5242 1570 5294 desum
1592 5243 1773 5294 mediatorem

133 5328 307 5398 neque⁸cum
322 5327 550 5391 comminatione,
562 5328 609 5380 sed
624 5328 724 5381 allecta
739 5332 864 5398 paterno.
881 5330 933 5384 Lo·
978 5331 1140 5383 Testamenti
1155 5330 1237 5384 Moci.
1253 5329 1387 5383 Dominus
1398 5329 1478 5383 Jesus
1489 5329 1771 5399 perhocquodbomo

135 5422 217 5472 cutus
239 5421 282 5471 est
305 5417 441 5470 Dominus
463 5415 591 5469 fidelibus
610 5422 744 5486 tanquam
769 5417 843 5470 filiis.
860 5418 932 5472 Nam
976 5418 1120 5489 pariteret
1136 5420 1207 5472 Deus
1222 5423 1273 5482 est,
1286 5419 1425 5472 mediator
1442 5422 1538 5472 noster
1566 5423 1618 5482 est,
1638 5415 1771 5487 quoniam

135 5503 470 5559 ascendensinmontem
499 5503 611 5572 quando
640 5504 713 5555 inter
736 5509 837 5557 catera
864 5521 935 5574 prae-
976 5506 1049 5559 sicut
1063 5506 1171 5576 Moyses
1187 5507 1326 5561 mediator
1338 5509 1391 5561 luit
1404 5508 1478 5562 inter
1493 5508 1581 5561 Deum
1595 5513 1624 5559 et
1638 5502 1772 5576 populum

134 5606 219 5668 cepta
228 5593 290 5649 rita
304 5600 366 5648 octa
380 5591 567 5647 beatitudines
582 5591 622 5646 eis
637 5591 765 5663 protulit,
776 5609 833 5648 nun
851 5610 935 5666 appa·
976 5593 1061 5649 verba
1075 5594 1124 5650 Dei
1133 5595 1258 5651 referens
1267 5598 1302 5651 ad
1310 5598 1455 5669 populum,
1465 5610 1618 5664 rursusque
1625 5590 1721 5663 populi
1735 5590 1772 5646 ad
