3818 6104
321 183 513 243 moelem
532 185 571 242 IN
590 186 667 243 EPP.
688 188 717 244 S.
742 189 860 247 PAULI.
876 217 912 235 -
929 189 969 246 IN
989 188 1101 246 uels'r.
1121 189 1147 246 11
1167 191 1216 247 AD
1235 190 1317 248 COR.
1586 190 1641 252 062

109 314 218 368 minem
229 313 262 369 tu
272 310 546 368 dbrv'stomaucntcm
556 318 621 369 enta
634 328 724 370 annos
734 314 903 385 qao-Asine
915 313 1056 388 corporali
1070 330 1132 371 csse
1149 318 1251 388 petest,
1266 314 1342 372 unde
1357 314 1488 373 absentes
1510 317 1639 374 homines

109 404 156 458 tm
169 406 284 471 ruptam
298 403 432 470 usquead
446 405 561 459 tertium
574 406 681 459 colam
696 404 801 476 Exque
841 404 1336 478 recordamunetintenebriscaqua
1347 405 1638 478 videmusimaginali·

109 490 152 547 lus
160 495 257 563 raptus
268 496 311 546 est
319 491 455 563 usquead·
466 493 584 548 tertium
595 493 696 549 coelum
711 510 801 565 usque
841 494 1167 566 tercernimus,insuper
1176 496 1341 551 etaomnia:
1353 494 1552 551 intellectualis
1560 511 1639 552 nem·

109 578 317 651 dtsmpusquo
335 579 391 635 ista
403 581 570 652 conscripsit
585 582 800 654 quatuordecim
841 598 876 653 pe
898 598 949 638 nec
971 583 1108 655 corporali
1128 583 1245 655 indiget,
1261 600 1314 641 uec
1337 584 1468 657 spiritali.
1489 582 1640 640 Intellecta

109 668 217 741 impleti
231 674 307 736 sunt,
322 670 397 725 unde
407 670 515 741 liquido
526 676 652 742 apparet,
668 672 735 742 quia
744 688 801 726 ma·
842 672 1493 745 namqueneccorpusvidemus,necimaginem
1501 673 1637 744 corporis.

109 758 224 813 cessitas
238 758 374 830 compulit
394 759 475 814 illum
485 761 642 831 patefacere
654 761 728 831 quod
750 777 800 833 per
841 760 977 816 Perhunc
984 761 1203 834 quippevidetur
1208 761 1330 833 justitia,
1339 762 1472 829 charitas,
1480 762 1541 833 ipsa
1550 762 1636 829 Deus,

109 862 145 902 os
157 847 187 902 in
207 848 307 903 intimo
321 848 414 903 cordis
427 864 530 904 arcano
546 850 694 904 celaverat.
711 850 801 920 Igitur
840 849 901 920 ipsa
909 865 988 905 mens
997 850 1192 923 hominisque
1202 850 1310 907 nullum
1320 851 1406 908 habet
1416 851 1640 924 corpus,nullam

109 936 201 993 vorbis
212 937 351 1008 Apostoli,
361 936 463 992 diversi
469 937 579 993 diversa
585 938 721 1000 sentiunt,
733 956 800 1010 quo
840 937 1013 993 soliditatem
1032 939 1166 1010 eorporis.
1182 940 1359 1012 Quapropter
1371 941 1427 995 ista
1439 940 1509 996 visio
1524 939 1636 995 intelle-

109 1025 226 1082 viniones
240 1026 306 1082 huic
324 1027 384 1081 loco
396 1027 563 1098 perlongum
575 1033 618 1083 est
627 1027 762 1097 inserere,
771 1034 799 1083 et
839 1026 1122 1083 ctualistranscendit
1136 1029 1301 1101 etpraecedit
1310 1029 1373 1084 illas
1384 1030 1455 1085 duas
1464 1029 1636 1103 promissas,

109 1132 175 1171 sens
190 1132 318 1184 narrare,
329 1117 383 1170 nisi
395 1117 592 1173 tantummodo
601 1134 690 1190 pauca
700 1118 799 1189 explu·
839 1116 1123 1188 corporalemscilicet
1133 1133 1165 1172 ac
1174 1117 1339 1189 spiritalem.
1351 1119 1431 1184 Quod
1443 1117 1563 1191 probare
1570 1133 1635 1189 pos·

109 1203 229 1259 lulianus
244 1204 401 1272 Pornerius,
416 1204 459 1260 vir
472 1221 547 1261 sanos
560 1206 726 1278 prudentiae,
743 1206 799 1278 pri·
839 1221 935 1260 sumus
950 1222 984 1261 ex
997 1205 1140 1260 volumine
1151 1206 1275 1261 Danielis
1289 1207 1493 1279 prophetae,ubi
1502 1207 1635 1279 legimus,

109 1292 191 1347 mum
205 1293 274 1348 dicit
287 1293 342 1348 isto
354 1293 383 1348 in
401 1294 462 1348 loco
481 1294 653 1366 appellatum
669 1311 729 1350 esse
750 1311 794 1350 ae·
839 1294 905 1364 quia
918 1311 982 1350 cum
996 1295 1145 1350 Baithasar
1164 1295 1326 1366 epularetur
1338 1300 1367 1351 et
1388 1299 1500 1368 potaret
1519 1295 1636 1369 opipare

109 1383 474 1454 iquoavescoelivocantur:
483 1383 796 1452 secundumsidereum,
838 1382 897 1438 sive
908 1383 1054 1455 splendide
1068 1383 1182 1439 invasis
1195 1385 1293 1456 templi
1307 1384 1421 1439 Domini
1433 1400 1495 1455 qua
1504 1390 1633 1457 asporta·

109 1469 242 1526 vtinentur
259 1471 407 1526 duodecim
431 1472 511 1542 signa
530 1478 685 1542 caeteraque
708 1477 794 1538 astra,
840 1478 917 1528 verat
928 1472 1185 1528 Nabuchodonosor
1199 1489 1266 1528 avus
1277 1475 1337 1544 ejus
1346 1472 1381 1529 dc
1389 1473 1555 1539 Jerusalem,
1568 1472 1638 1530 vidit

109 1560 798 1633 septeniplanetas,quodetiirmamentumappel-
839 1562 972 1617 articulos
987 1548 1087 1617 manus
1101 1561 1250 1618 scribentis
1267 1562 1296 1617 in
1316 1563 1423 1634 pariete
1442 1563 1515 1619 aulas
1540 1562 1635 1634 regite.

109 1649 224 1703 ternum
240 1650 374 1719 intelligit
391 1649 518 1720 spiritale
530 1650 587 1704 sive
602 1650 733 1713 mentale,
748 1649 795 1704 ubi
806 1632 1059 1724 Blliditcorporsli
1068 1652 1375 1725 visione,continuoqus
1384 1654 1637 1727 percorporissen·

109 1742 138 1792 et
151 1738 253 1792 animes
266 1745 429 1793 sanctorum
448 1738 476 1793 in
491 1739 727 1810 contemplatione
746 1737 798 1793 Dei
838 1757 901 1795 sum
915 1742 1008 1813 imago
1022 1741 1064 1797 rei
1076 1742 1260 1814 corporaliter
1272 1742 1353 1798 tactas
1375 1742 1488 1815 spiritui
1511 1744 1573 1814 cius
1590 1741 1636 1797 in·

109 1824 189 1891 vsitae,
204 1828 426 1898 contemplantes
441 1844 526 1898 super
536 1844 566 1882 se
574 1829 663 1882 Deum
673 1827 798 1899 omnipo·
838 1847 936 1901 pressa
949 1835 993 1885 est
1004 1835 1104 1902 :atque
1119 1831 1154 1886 ad
1169 1831 1225 1886 alia
1239 1831 1306 1886 dum
1321 1847 1352 1886 se
1366 1831 1636 1898 verteretlicetcor·

109 1914 177 1985 ,qui
188 1915 408 1969 omnicreaturae
418 1916 564 1986 prmsidet:
577 1916 618 1970 ita
624 1921 720 1971 tamen
730 1932 799 1987 prae·
839 1919 975 1990 por-aliter
987 1919 1036 1973 illa
1053 1935 1108 1974 non
1123 1924 1261 1986 cerneret,
1275 1920 1325 1975 sed
1338 1920 1459 1991 spiritali
1478 1919 1584 1974 visione
1607 1922 1637 1974 ct

109 2002 163 2058 tin
177 2003 351 2074 praesidendo
362 2005 456 2058 omnin
465 2005 611 2070 sustineat,
631 2005 796 2060 sustinendo
839 2008 976 2063 mernoria
988 2009 1104 2075 videret,
1124 2007 1236 2064 videbat
1248 2009 1278 2064 in
1292 2009 1441 2081 spiritu,id
1451 2008 1531 2065 estin
1540 2008 1636 2064 anima

109 2090 163 2160 let,
175 2093 374 2149 circumdando
393 2094 519 2166 impleat.
537 2094 697 2149 Secundum
721 2094 797 2148 illias
838 2103 867 2152 et
880 2113 937 2152 non
951 2096 1127 2166 intelligebat
1140 2098 1207 2169 quid
1222 2098 1410 2169 signiticaret:
1425 2098 1560 2170 quianon
1574 2099 1635 2169 ple·

109 2186 171 2237 tum
186 2182 222 2236 ad
234 2182 309 2237 istud
323 2183 437 2238 tertium
451 2184 551 2238 coelum
565 2184 688 2239 mentale
699 2188 797 2255 raptus
838 2185 913 2241 niter
924 2184 1045 2241 habebat
1056 2186 1276 2242 intellectualem
1287 2186 1433 2254 visionem,
1448 2186 1514 2242 licet
1529 2186 1636 2259 aliquid

110 2271 213 2326 molus.
230 2273 263 2327 Et
275 2273 302 2326 in
313 2274 363 2328 hoc
376 2274 488 2344 quidem
502 2273 572 2328 bene
581 2274 679 2328 sensit.
692 2273 747 2329 Sed
756 2290 797 2328 se·
838 2275 903 2330 inde
915 2274 1041 2330 haberet.
1055 2276 1135 2331 Unde
1146 2281 1264 2348 apparet
1283 2276 1350 2348 quia
1372 2292 1429 2331 nou
1452 2276 1482 2331 in
1504 2275 1637 2332 omnibus

109 2375 121 2414 n
136 2357 251 2415 beatum
265 2362 456 2432 augustinum
471 2363 562 2417 adhuc
576 2378 690 2417 necesse
704 2367 749 2416 est
761 2363 798 2416 ad
838 2365 1000 2422 hominibus
1014 2366 1098 2437 viget.
1114 2364 1294 2438 Intelligebat
1303 2367 1416 2438 signum
1428 2366 1578 2438 essequod
1595 2367 1637 2422 vi·

109 2450 306 2511 conscendere,
323 2457 352 2506 et
365 2452 548 2522 profundiora
560 2452 691 2516 scrutari,
706 2451 754 2523 qui
768 2451 797 2505 in
838 2454 932 2527 debat,
943 2454 973 2509 id
986 2454 1132 2509 habeusex
1141 2455 1244 2510 mentis
1259 2456 1359 2523 cilicio,
1374 2455 1403 2511 id
1417 2460 1500 2511 estex
1509 2455 1637 2511 intellec·

109 2536 172 2594 ndis
182 2541 488 2611 quaestionibusomnes
498 2542 697 2613 doctorespost
707 2543 798 2614 npos-
838 2543 908 2598 tuali
923 2542 1027 2599 visione
1040 2562 1045 2597 :
1057 2548 1085 2598 et
1099 2544 1165 2615 quia
1179 2544 1341 2615 requirebat
1363 2544 1431 2615 quid
1454 2543 1636 2615 signiticaret,

109 2629 296 2694 recellitouia
305 2631 591 2702 ergoApostolusnon
600 2632 798 2694 humanans·
839 2632 925 2687 etiam
935 2632 1024 2703 ipsum
1035 2631 1245 2704 inquisitionem
1253 2632 1350 2702 utique
1364 2633 1467 2687 mentia
1477 2631 1637 2688 intellectus

109 2715 206 2786 palicas
217 2717 336 2772 visiones
346 2718 450 2773 dititse
462 2720 744 2785 enarrare,aliusista
753 2720 797 2774 in·
839 2719 948 2790 agebat.
963 2719 1024 2785 Quo
1036 2735 1091 2774 non
1101 2724 1253 2790 comperto,
1269 2720 1369 2775 Daniel
1381 2719 1511 2775 accessit:
1527 2724 1556 2775 et
1570 2719 1638 2791 quia

109 2804 491 2879 losantl'riaigiturgenera
499 2825 560 2863 esse
567 2809 703 2863 visionum
711 2809 799 2864 mani·
838 2808 1057 2865 intellectualem
1072 2808 1206 2863 visionem
1219 2807 1349 2875 habebat,
1361 2809 1462 2880 spiritu
1474 2808 1637 2881 prophetico

115 2900 168 2948 est.
187 2895 236 2950 Est
249 2896 318 2951 visio
328 2898 480 2969 corporalis
490 2915 551 2969 quse
562 2899 798 2969 corporeisoculis
839 2903 933 2953 mente
957 2896 1108 2962 illustrata,
1128 2896 1292 2968 perturbato
1315 2897 1375 2968 regi
1395 2897 1464 2968 quid
1484 2897 1532 2952 illo
1554 2897 1637 2968 signo

109 2981 255 3039 ‚videmus
270 2986 371 3040 coelum
400 2994 427 3041 et
451 2994 555 3042 terram
587 2994 673 3059 atque
702 2988 798 3042 onmia
839 2984 1054 3055 portenderetur
1067 2985 1186 3056 aperuit.
1200 2986 1365 3057 lpsepotius
1378 2987 1514 3058 propheta
1525 3002 1576 3059 per
1585 2985 1638 3040 hoc

109 3076 163 3126 set
178 3088 321 3143 corporea.
335 3076 368 3129 Et
382 3082 425 3129 est
444 3076 512 3130 visio
527 3076 671 3147 spiritalis,
689 3092 745 3148 qua
765 3092 799 3130 ca
838 3089 928 3143 genus
942 3073 1014 3144 quod
1032 3074 1133 3128 mentis
1145 3078 1189 3129 est
1203 3075 1357 3146 proprium,
1372 3075 1466 3146 potuit
1479 3074 1637 3146 intelligere

109 3159 221 3216 idemus
245 3171 273 3216 et
298 3164 428 3219 audimus
454 3165 483 3218 ῑῃ
518 3166 659 3236 pimenti,
689 3182 797 3219 memo.
839 3174 872 3213 ac
885 3157 977 3213 dicere
988 3158 1055 3229 quid
1066 3158 1246 3230 signiticaret,
1257 3175 1341 3230 quarn
1356 3159 1404 3216 ille
1420 3160 1637 3233 quiinsignum

109 3249 258 3305 eudimus:
276 3259 304 3307 et
320 3269 351 3307 ea
366 3270 427 3324 quae
441 3254 598 3309 arinivimus
611 3254 653 3308 vei
677 3254 799 3309 vidimus
839 3248 943 3301 iactum
957 3248 1141 3318 corporaliter
1160 3249 1276 3316 viderat,
1300 3253 1329 3304 et
1351 3250 1412 3321 eius
1430 3249 1583 3323 imaginem
1607 3249 1638 3304 in

109 3339 799 3413 terito,modequasipraesentiacemimusAEtcum
839 3337 941 3409 spiritu
955 3337 1103 3408 cogitando
1127 3337 1270 3404 cernebat,
1291 3354 1342 3394 nec
1365 3339 1472 3412 aliquid
1493 3339 1638 3395 intellectu

120 3426 177 3483 sint
190 3445 207 3482 a
221 3430 400 3503 nobispositu
410 3448 443 3486 ea
454 3449 514 3503 quae
523 3432 800 3504 vidimuscorporali·
840 3441 922 3481 nosse
937 3430 1048 3497 poterat
1061 3426 1114 3481 nisi
1128 3426 1240 3498 signum
1256 3443 1326 3495 esst,
1339 3434 1368 3485 bt
1381 3427 1448 3500 quid
1466 3427 1638 3500 significaret

109 3532 147 3571 ine
160 3517 290 3574 absentes
298 3521 378 3590 quasi
388 3521 535 3591 prasentia
546 3522 706 3590 cernimus;
722 3520 799 3576 verbi
840 3519 871 3570 ut
885 3514 1057 3586 intelligeret
1069 3515 1221 3587 inquirere.
1233 3516 1303 3571 Tres
1313 3516 1471 3587 igiturcoeli
1479 3516 1638 3573 nonabsur·

109 3622 113 3658 :
129 3606 199 3661 Sum
208 3608 290 3662 modo
305 3625 355 3679 per
370 3611 545 3680 praesentiam
560 3611 795 3681 corporisflomae,
839 3604 874 3659 de
883 3610 1001 3675 possunt
1013 3604 1133 3676 intelligi
1143 3605 1198 3660 tria
1210 3621 1315 3676 genera
1325 3605 1474 3672 visionum,
1489 3605 1637 3677 dequibus

109 3695 175 3749 elta
189 3697 387 3768 Carthaginem
400 3699 598 3770 quamdudum
613 3699 669 3753 vidi
680 3699 759 3770 quasi
768 3699 798 3753 in
839 3694 974 3748 hactenus
987 3693 1074 3749 locuti
1086 3710 1184 3749 sumus
1198 3694 1240 3747 ita
1252 3699 1349 3749 minen
1364 3699 1396 3749 ut
1406 3710 1458 3767 per
1464 3695 1586 3767 primam
1594 3693 1635 3749 ri'·

109 3784 233 3840 tierneo
251 3788 288 3841 sit
308 3789 486 3858 positarum
512 3789 594 3858 longe
618 3789 670 3842 sim
695 3788 730 3842 ab
749 3788 798 3842 illa
838 3782 945 3836 sionem
960 3781 1152 3852 intelligamus
1166 3781 1303 3853 quidquid
1320 3782 1395 3839 inira
1408 3782 1545 3839 ambitum
1560 3781 1635 3838 side·

109 3888 136 3927 ls.
148 3874 215 3938 Qus
225 3875 280 3930 duo
294 3894 398 3947 genera
408 3877 543 3931 visionum
559 3877 720 3931 communia
732 3883 798 3931 sunt
839 3874 879 3926 rei
894 3870 956 3925 coeli
968 3871 1129 3925 continetur
1143 3871 1249 3942 pariter
1259 3887 1322 3927 cum
1336 3872 1406 3944 ipso,
1420 3873 1495 3945 quod
1506 3874 1634 3930 etllrma·

109 3977 160 4017 :uin
175 3964 320 4034 pecoribus
335 3972 363 4021 et
376 3966 483 4034 avibus,
493 3984 556 4038 quoe
566 3967 661 4021 vident
675 3983 725 4037 per
733 3982 796 4021 cor·
838 3965 965 4015 mentum
977 3958 1149 4031 appellatur:
1160 3960 1215 4015 Per
1222 3961 1377 4016 secundum
1386 3962 1488 4018 coelum
1497 3962 1634 4033 spiritale,

109 4058 221 4107 :eorum
237 4072 298 4126 quae
316 4057 447 4110 vitentur
465 4056 653 4127 imaginaliter
681 4056 797 4127 spiritus
838 4048 886 4103 ubi
899 4048 1135 4120 angelicanstura
1148 4048 1457 4107 ctanimesanctorum
1469 4051 1635 4108 incontem-

110 4143 318 4199 snmrbndeet
332 4146 795 4217 pecorapraesepiarecognoscunt,
838 4138 960 4209 platione
978 4138 1028 4193 Dei
1042 4143 1109 4193 sunt
1122 4138 1227 4209 positae.
1245 4138 1298 4195 Per
1315 4139 1432 4195 tertium
1451 4155 1515 4197 vero
1532 4140 1632 4199 coelum

109 4231 160 4285 vad
173 4232 255 4287 nidos
270 4250 336 4287 suos
355 4234 490 4289 revolant.
507 4235 567 4289 Nisi
592 4234 666 4289 enim
688 4239 797 4306 partem
838 4229 1006 4299 intelligitur
1017 4230 1077 4300 jam
1087 4228 1286 4284 intellectualis
1296 4228 1363 4284 visio
1376 4229 1567 4294 strationalis,
1579 4247 1636 4304 qua

109 4318 138 4374 ii.
158 4322 282 4387 vimis,
297 4323 323 4376 jd
348 4330 390 4378 est
409 4323 550 4379 memosjae
570 4323 714 4389 haberent,
736 4340 797 4395 φη,
809 4310 1336 4390 llintelligendoconspiciturcharitas,
1348 4318 1636 4391 par,gaudium‚lon·

109 4410 624 4484 leolumrnodoinanimo,nequaquavn
637 4413 798 4469 recedentes
837 4407 1000 4478 geniminis,
1029 4406 1150 4475 bonitas,
1183 4407 1351 4479 benignitas,
1377 4408 1457 4476 ssdes,
1487 4408 1634 4477 modestia,

109 4498 176 4554 nidis
190 4501 249 4554 suis
264 4502 479 4556 recordarentur
493 4503 605 4558 illorum
623 4503 798 4574 :nequeani-
838 4497 1020 4565 continentia,
1037 4505 1192 4569 catenaque
1207 4497 1380 4571 hujusmodi
1394 4497 1496 4570 quibus
1518 4500 1635 4572 propin·

109 4599 331 4660 recognoscerent
347 4592 491 4661 praesopia.
510 4592 558 4646 Est
578 4599 606 4646 et
620 4592 706 4646 tertia
728 4592 797 4647 visio
838 4592 942 4657 quatur
955 4587 1022 4655 Deo,
1039 4593 1134 4660 etqua
1147 4587 1208 4660 ipse
1225 4588 1301 4643 Deus
1313 4588 1433 4656 videtur,
1449 4605 1482 4644 cx
1496 4604 1550 4660 quo
1572 4603 1635 4643 om·

109 4679 208 4744 taulis,
223 4696 284 4750 qua
294 4680 362 4734 nihil
373 4679 499 4734 estaliud
524 4680 577 4734 nisi
592 4680 797 4736 rationabilitas
837 4676 894 4742 nia,
908 4692 958 4747 per
972 4691 1055 4749 quem
1074 4677 1178 4742 omnia,
1194 4677 1225 4732 in
1236 4693 1291 4748 quo
1305 4675 1408 4730 omnia.
1423 4675 1467 4730 Ad
1494 4691 1589 4748 quam,
1605 4675 1635 4730 id

109 4764 200 4823 litatis
214 4768 327 4838 anima,
342 4786 485 4840 perquam
500 4786 532 4824 ea
544 4787 604 4840 qnae
614 4770 798 4841 corporaliter
838 4772 881 4819 est
907 4764 1124 4820 intellectualem
1151 4764 1295 4833 visionem,
1308 4781 1369 4836 quae
1395 4763 1560 4836 designatur
1583 4779 1635 4836 per

109 4870 130 4910 u
143 4862 172 4912 et
187 4857 377 4927 imaginaliter
390 4859 418 4912 in
435 4859 569 4912 provisoris
585 4859 749 4924 retinemus,
757 4860 798 4914 in·
838 4852 954 4909 tertium
976 4853 1089 4920 coelum,
1105 4858 1201 4926 raptus
1224 4859 1253 4908 et
1276 4853 1398 4908 elevatus
1420 4857 1465 4909 est
1491 4852 1634 4927 spostolus

109 4958 117 4999 ι
133 4945 328 5001 discernimus.
345 4948 491 5002 intellectu
511 4947 598 5018 igitur
614 4947 797 5003 discernimus
838 4943 952 5008 Paulus,
964 4940 1021 5008 ubi,
1031 4942 1109 4998 idest
1119 4942 1149 4996 in
1159 4940 1342 4997 intellectuali
1354 4941 1635 5011 visione,nonsolum

109 5033 159 5090 llud
172 5035 211 5090 sit
225 5052 336 5108 corpus,
352 5036 422 5090 illud
436 5035 591 5091 similitudo
614 5037 749 5108 corporis,
770 5043 798 5092 et
839 5046 872 5084 ea
886 5046 947 5102 quw
961 5029 991 5085 in
1005 5029 1124 5103 spiritali
1134 5030 1202 5084 coelo
1217 5033 1283 5084 tunt
1297 5028 1479 5103 intelligendo
1491 5030 1570 5100 vidit,
1585 5032 1635 5088 sed

109 5138 166 5197 tque
176 5124 245 5197 quid
260 5124 408 5195 significet.
425 5125 503 5179 llanc
518 5126 736 5181 intellectualem
756 5126 797 5181 vi·
839 5119 924 5176 etiam
936 5120 1027 5192 ipsam
1043 5118 1095 5174 Dei
1108 5117 1304 5173 substantiam.
1318 5117 1443 5175 Verbum
1452 5120 1575 5188 Domini,
1583 5138 1636 5195 per

109 5213 283 5270 ,nullatanus
294 5230 395 5284 pecora
406 5215 590 5269 antvolatilia
601 5215 706 5270 habent
717 5231 723 5269 ε
733 5215 799 5287 quia
839 5214 911 5288 quod
927 5213 1003 5268 facts
1020 5218 1087 5268 sunt
1100 5210 1205 5279 omnia,
1220 5212 1526 5288 inchsnutsspiritus
1535 5216 1635 5283 sancti,

109 5318 157 5377 psa
174 5304 411 5375 intelligentam
425 5305 475 5360 illa
489 5321 551 5377 qua
565 5305 654 5360 oculis
667 5310 796 5360 cernunt.
838 5322 894 5359 non
910 5318 1079 5375 percorpus,
1092 5318 1148 5358 nnn
1158 5319 1210 5375 per
1219 5302 1433 5360 similitudinem
1444 5304 1577 5378 corporis,
1586 5304 1636 5359 sed

109 5409 147 5450 no
157 5394 311 5467 corporalis
319 5394 388 5450 visio
398 5395 458 5450 sine
472 5394 592 5466 spiritali
606 5410 667 5449 esse
682 5411 739 5449 non
748 5411 799 5466 po-
839 5394 913 5448 sicut
924 5396 968 5447 est
981 5391 1043 5464 ipsa
1056 5391 1177 5461 Veritas,
1191 5392 1396 5466 contemplatus
1408 5397 1451 5448 est
1461 5392 1492 5448 in
1506 5392 1559 5447 hac
1568 5390 1634 5456 vita,

109 5500 144 5545 tte
157 5490 188 5542 et
200 5486 231 5541 in
246 5485 342 5542 anima
361 5485 547 5543 solummodo.
573 5483 714 5559 spiritalis
731 5500 797 5541 vero
841 5481 967 5538 videlicet
981 5480 1056 5555 quod
1074 5481 1149 5538 Deus
1163 5481 1340 5557 omnipotens
1351 5482 1465 5540 trinitus
1478 5480 1514 5537 sit
1527 5480 1556 5535 in
1570 5492 1636 5550 per·
