3818 6104
125 295 175 355 aa
214 252 219 261 ’
563 297 775 354 massano
797 295 838 353 m
856 299 1067 358 zacuamsu
1086 300 1316 358 prosumus.
1365 294 1370 305 ·
1704 293 1762 351 uso

127 421 202 478 euim
219 416 324 478 Ematb
337 423 505 494 indignatio.
526 422 561 477 Et
573 421 633 477 haec
646 421 734 491 igitur
745 426 774 475 et
791 421 883 492 Tyrus
898 425 1055 485 etAstrata
1068 426 1115 491 sit,
1131 431 1197 480 tunc
1212 423 1321 479 sedebit
1334 425 1480 495 separator
1499 422 1528 475 in
1552 422 1649 481 dioto,
1667 418 1761 485 idest,

127 514 214 570 Sidon
229 522 313 569 erunt
327 515 356 568 in
372 513 502 569 terminis
516 514 587 582 ejus,
607 512 635 565 id
659 516 702 565 est
715 511 855 566 Damasci.
871 513 928 567 sive
968 513 1104 567 Dominus
1118 513 1255 578 Salvator,
1266 512 1312 583 qui
1328 516 1442 582 separat
1455 510 1626 566 frumentum
1638 507 1762 578 apuleis,

127 603 155 657 in
172 603 304 658 terminis
318 609 401 657 terrae
411 602 552 661 Hadrach,
563 607 596 655 ut
606 609 634 654 et
646 599 714 669 ipsae
727 615 790 653 cum
805 600 862 654 illis
871 618 928 655 cre·
968 602 1058 656 malos
1066 602 1155 673 pisces
1165 602 1282 661 abonis,
1292 601 1397 672 quique
1405 601 1433 653 in
1439 596 1692 670 judicioseparabit
1700 611 1765 649 oves

127 690 238 745 dantia
249 691 400 746 Dominum
415 689 599 754 salvatorem,
613 688 659 743 oui
668 687 736 741 dicit
746 688 883 759 propbeta
900 689 929 744 in
969 690 1005 745 ab
1019 691 1116 745 haedis.
1129 690 1243 746 Sedebit
1255 698 1349 746 autem
1362 690 1391 743 in
1401 690 1498 746 Azoto.
1508 686 1556 742 ubi
1566 687 1639 758 ignis
1648 685 1766 757 spiritus

127 778 237 850 psaltim
253 796 259 832 :
279 798 291 831 r
307 778 424 833 Postula
437 792 509 831 ame
524 783 553 831 et
566 775 638 831 dabo
654 775 705 831 tibi
718 784 828 846 gentes,
847 796 859 828 a
874 783 928 835 etc.
969 777 1020 833 Dei
1029 784 1147 849 generat
1162 779 1235 833 filios
1246 776 1463 849 adoptionismbi
1479 782 1523 831 est
1532 776 1604 846 ignis
1618 772 1765 847 patruelis,

128 864 230 921 limatb
245 881 308 936 quae
321 864 489 935 indignatio,
506 869 536 918 et
555 864 648 934 Tyrus
669 879 731 935 quae
745 864 886 933 angustia,
901 870 931 919 et
970 867 998 921 id
1018 872 1062 921 est
1075 866 1200 936 eJusdem
1217 867 1328 921 Domini
1343 865 1432 921 nostri
1455 866 1521 920 lesu
1540 863 1655 928 Christi,
1672 861 1767 934 quiex

129 952 290 1024 Sidonquae
307 953 420 1007 venatio
434 952 543 1006 inutilis
565 952 777 1023 iuterpretatur,
802 954 929 1023 gentium
970 955 1050 1010 nobis
1079 971 1191 1010 carnem
1220 971 1363 1009 assumere
1388 955 1521 1024 dignatus
1539 961 1592 1013 est.
1616 957 1644 1007 et
1658 952 1693 1005 de
1712 965 1767 1021 quo

129 1041 248 1112 populos
260 1039 486 1112 designantque
498 1040 590 1111 primo
600 1040 635 1094 ad
646 1040 871 1112 predicationem
882 1058 931 1097 no-
971 1043 1060 1098 Isaias
1071 1042 1430 1114 :Cantabo,inquit,dilecto
1437 1043 1644 1097 meocsnticum
1657 1046 1768 1111 patrue·

130 1128 213 1184 minis
224 1129 331 1184 Christi
345 1129 498 1200 indignatae
512 1134 589 1195 sunt,
601 1135 631 1183 et
643 1129 672 1184 in
687 1130 820 1199 angustia
832 1145 931 1201 pecca·
971 1133 1007 1186 lis
1022 1134 1086 1197 uriel,
1099 1133 1186 1186 vinear
1197 1148 1275 1187 men.
1292 1130 1334 1185 Ibi
1348 1148 1459 1204 quoque
1469 1132 1542 1202 ignis
1557 1130 1700 1190 mamillae,
1715 1128 1768 1182 hoc

130 1221 225 1273 torum
241 1223 335 1282 crant,
349 1223 380 1272 et
389 1215 564 1272 venabantur
578 1233 595 1270 a
608 1216 730 1283 diabolo,
748 1219 777 1272 in
791 1219 872 1288 cujus
887 1224 934 1290 ty·
973 1220 1200 1282 estdesiderium
1212 1225 1240 1275 et
1252 1219 1337 1273 ardor
1350 1218 1469 1289 sugendi
1483 1219 1526 1273 lac
1539 1217 1673 1272 doctrina
1683 1216 1768 1287 spiri-

132 1321 197 1377 pum
214 1311 396 1376 precesserat
410 1306 552 1360 Nemroth
566 1304 700 1360 robustus
715 1312 933 1361 venatorcoram
974 1308 1072 1364 tualis.
1087 1309 1158 1362 Nam
1175 1309 1230 1362 duo
1244 1307 1332 1362 ubera
1356 1307 1493 1368 Ecclesia,
1509 1306 1565 1359 duo
1585 1310 1652 1359 suut
1670 1304 1768 1358 Testo-

134 1393 261 1448 Domino.
279 1393 360 1458 Quod
379 1409 444 1448 vero
458 1393 502 1448 ha
516 1392 643 1447 civitates
661 1394 705 1447 vel
720 1394 810 1464 magis
823 1399 931 1464 gentes,
973 1402 1078 1457 menta,
1092 1395 1426 1466 sicutsponsnindioatin
1437 1392 1741 1449 Canticisoanticorum
1760 1408 1767 1443 ι

138 1497 203 1553 quas
217 1481 646 1553 significabant,promplissimae
655 1481 806 1536 tuerintad
819 1483 934 1537 creden·
975 1504 987 1536 a
1003 1484 1107 1539 Botrus
1122 1484 1206 1556 Cypri
1214 1485 1331 1538 dilectus
1342 1499 1422 1537 meus
1433 1481 1512 1541 mihi,
1521 1481 1596 1535 iuter
1609 1479 1696 1534 ubera
1707 1495 1771 1534 mea

140 1568 211 1634 dim,
222 1570 361 1625 Dominus
376 1569 500 1625 ostendit
519 1569 547 1623 in
562 1570 711 1641 Evangelio
723 1570 820 1625 dicens
837 1589 843 1624 τ
862 1570 933 1625 ‹Vae
974 1572 1246 1630 commorabitur».
1262 1573 1295 1626 Et
1305 1571 1466 1642 disperdam
1474 1568 1633 1641 superbiam
1645 1566 1771 1623 Philisti-

143 1657 186 1713 tibi
195 1659 352 1725 corozaim,
363 1675 404 1714 vae
418 1658 471 1713 tibi
486 1658 646 1725 Bethsaida,
663 1658 729 1730 quia
743 1659 767 1712 si
780 1659 808 1712 in
818 1658 892 1730 Tyro
907 1664 937 1714 et
976 1679 1088 1727 norum,
1104 1668 1132 1716 et
1149 1660 1274 1717 auferam
1289 1660 1455 1730 sanguinem
1470 1661 1531 1729 ejus
1546 1659 1580 1713 de
1599 1674 1647 1712 ors
1657 1657 1729 1728 ejus,
1743 1661 1772 1710 et

146 1745 238 1802 Sidone
250 1747 333 1801 tactas
343 1747 466 1802 fuissent
475 1746 593 1801 virtutes
606 1763 667 1818 quae
681 1747 711 1801 in
725 1752 753 1801 te
766 1748 845 1803 iactu
857 1752 933 1814 sunt,
942 1735 966 1794 Β
974 1751 1197 1830 abominationes
1210 1750 1312 1819 ejusde
1323 1749 1414 1802 medio
1424 1747 1550 1802 dentium
1560 1745 1672 1816 eJulet
1684 1744 1771 1799 reliu-

151 1835 204 1890 olim
218 1835 414 1906 paenitentiam
431 1835 565 1905 egissent.
582 1834 827 1907 »assumpserunt
838 1835 934 1906 itaque
976 1844 1079 1912 quetur
1091 1839 1176 1893 etiarn
1196 1837 1256 1909 ipse
1270 1837 1329 1892 Deo
1342 1842 1449 1901 nostro,
1465 1840 1494 1889 et
1507 1835 1561 1889 erit
1578 1834 1659 1905 quasi
1671 1833 1728 1887 dux
1741 1831 1771 1886 iu

153 1922 303 1993 apientiam
317 1922 408 1987 valde,
421 1922 449 1977 id
463 1927 506 1977 eat
519 1922 693 1994 sophismata
716 1928 745 1977 et
767 1922 935 1977 calliditates
974 1928 1056 1983 tuda.
1071 1945 1086 1980 s
1102 1927 1263 1992 Philistum,
1281 1926 1329 1997 qui
1342 1925 1565 1996 interpretantur
1579 1921 1711 1976 mentes
1724 1936 1772 1991 po

155 2010 210 2066 artis
222 2010 477 2081 dialectiea-Tyrus
487 2027 598 2081 quoque
608 2011 754 2066 edificavit
765 2010 935 2066 munitiones
975 2016 1048 2081 culo,
1064 2032 1097 2070 eo
1107 2014 1181 2085 quod
1196 2015 1231 2068 de
1252 2014 1339 2069 calice
1353 2012 1555 2068 demoniorum
1570 2008 1701 2064 inebriati
1713 2021 1772 2062 cor·

158 2114 216 2165 mis
228 2098 257 2153 id
273 2102 319 2154 ⁹⁸t
342 2098 427 2153 f⁰¹il⁸
449 2104 629 2168 argument&
645 2098 746 2169 quibui
759 2099 840 2170 quasi
855 2114 935 2153 muro
975 2104 1216 2174 rueruntlliergo
1225 2099 1626 2174 interpretanturevoeationes
1632 2096 1771 2168 gentium,

159 2185 278 2257 tumidam
292 2186 403 2241 munita
411 2186 564 2258 gentilitii&
580 2202 599 2240 ³
610 2188 689 2241 null0
704 2193 798 2258 posset
812 2186 936 2242 veritatit
976 2193 1029 2247 boc
1039 2198 1090 2254 est,
1103 2191 1354 2263 blasphemiae,sive
1365 2207 1429 2245 esus
1436 2203 1604 2259 eorumque
1614 2185 1696 2240 idolis
1707 2185 1774 2238 sunt

160 2273 253 2329 doctore
265 2274 403 2346 superari.
419 2275 602 2330 coacervavit
614 2283 773 2346 argentum,
785 2276 861 2330 idest
870 2275 936 2330 rhe·
976 2279 1165 2346 immolata,ut
1176 2280 1220 2334 bis
1234 2278 1336 2333 ablatis
1346 2278 1522 2348 relinquntur
1532 2275 1593 2345 ipsa
1601 2274 1772 2336 Deonostro,

161 2359 235 2416 milii!
249 2362 395 2428 sicundioes
411 2370 441 2417 02
455 2378 556 2417 iurum
584 2379 717 2418 sensuum
741 2363 889 2419 moralium
908 2369 937 2419 et
976 2374 1006 2424 et
1017 2374 1112 2439 spreta
1126 2368 1280 2422 multorum
1295 2382 1471 2432 cura,unum
1481 2369 1592 2419 tantum
1604 2362 1693 2418 Deum
1707 2359 1776 2414 inci·

163 2447 348 2520 allegoriarum.
372 2451 478 2507 Verum
502 2467 586 2522 quam
608 2452 666 2506 siut
680 2452 739 2506 baec
750 2452 814 2506 vilia
828 2456 856 2506 et
869 2468 937 2506 con·
977 2457 1037 2528 piat
1050 2456 1179 2523 adorare,
1190 2455 1283 2526 sitque
1297 2454 1353 2509 dux
1367 2453 1395 2507 in
1409 2453 1491 2517 luda,
1506 2459 1538 2506 ut
1552 2451 1629 2522 prior
1643 2449 1772 2521 populus,

164 2538 290 2592 temnenda
303 2538 436 2602 ostendit,
452 2554 517 2592 cum
532 2548 681 2609 argentum
696 2546 725 2593 et
738 2555 840 2594 aurum
862 2539 938 2594 istud
978 2544 1024 2614 qui
1041 2543 1087 2596 hic
1102 2559 1152 2614 per
1165 2543 1267 2597 ludam
1287 2542 1425 2611 signatur,
1440 2539 1603 2594 vertaturin
1614 2536 1776 2600 caudam‚ct

166 2627 355 2695 comparatius>
365 2627 603 2698 platearumflaec
613 2634 707 2683 autem
720 2626 936 2698 congregabant,
978 2630 1146 2686 novissimus
1162 2630 1210 2701 qui
1228 2636 1289 2684 erat
1304 2629 1404 2691 cauda,
1419 2626 1588 2682 transactio
1604 2628 1698 2696 caput.
1714 2623 1776 2677 ast

166 2715 190 2763 rt
207 2713 340 2768 munirent
359 2730 477 2783 reguum
501 2713 676 2778 idololatriae,
700 2705 729 2769 tt
750 2713 939 2785 insuperabile
979 2719 1130 2773 decaron»
1147 2718 1289 2790 quondam
1299 2717 1404 2771 sterilis
1413 2715 1601 2775 eteradicata,
1617 2713 1645 2767 id
1656 2717 1700 2767 est
1707 2726 1776 2782 gen·

167 2795 274 2855 tarent.
288 2801 426 2856 Dominus
436 2818 503 2872 ergo
514 2802 638 2873 possedit
646 2803 787 2874 Tyrumet
795 2803 938 2869 Sidonem,
979 2806 1067 2861 tilitas
1077 2806 1124 2861 sit.
1142 2827 1153 2857 ι
1169 2807 1256 2870 Quasi
1269 2805 1426 2865 Jebusaeus,
1444 2824 1456 2857 s
1473 2804 1564 2867 idest,
1580 2801 1660 2874 quasi
1670 2799 1775 2855 Hieru·
1828 2846 1831 2853 .

168 2899 216 2942 cum
227 2906 318 2945 earum
332 2891 502 2962 percusserit
515 2891 718 2956 tortitudinem,
734 2908 818 2962 quam
834 2890 940 2946 habent
980 2895 1079 2958 salem,
1090 2911 1152 2966 quae
1162 2894 1261 2948 civitas
1270 2893 1361 2948 tribus
1369 2891 1530 2949 nominibus
1540 2890 1657 2945 diversis
1669 2894 1776 2959 tempo·

167 2970 190 3026 ia
201 2978 350 3034 turbulento
360 2978 433 3032 mari
446 2979 530 3048 hujus
539 2979 644 3046 sacnti,
658 2985 686 3034 et
699 2980 869 3035 destruxerit
881 2997 940 3035 om·
980 2983 1057 3038 ribus
1066 2983 1207 3054 appellata
1219 2989 1271 3037 est.
1288 2981 1381 3036 Primo
1394 2981 1469 3036 dicta
1478 2990 1521 3034 est
1530 2979 1633 3042 Salem,
1644 2976 1746 3032 deinde
1758 2992 1777 3031 a

168 3075 216 3117 uem
224 3066 387 3138 sapientiam
399 3067 573 3129 saecularem.
589 3076 617 3121 et
631 3084 732 3123 aurum
746 3076 832 3140 atque
842 3044 969 3139 argen·c
980 3071 1114 3127 lebusaeis
1128 3087 1266 3143 possessa,
1282 3075 1379 3125 vocata
1393 3076 1437 3125 est
1449 3071 1463 3125 J
1467 3067 1645 3139 ebussioque
1658 3064 1777 3136 conjun-

169 3152 214 3206 tuu
225 3170 316 3210 earum
326 3155 468 3210 excoxerit
482 3162 510 3210 et
524 3157 686 3226 purgaverit
695 3157 743 3212 illo
756 3158 875 3229 igne.dc
884 3174 940 3230 quo
981 3159 1033 3213 ctis
1042 3158 1151 3214 duobus
1165 3158 1326 3212 nominibus
1335 3157 1420 3212 Jebus
1430 3155 1646 3220 etSslem,dicta
1660 3158 1704 3208 est
1714 3151 1778 3206 Hie·

169 3236 216 3308 ipae
226 3242 253 3298 iu
266 3243 418 3313 Evangelio
429 3243 497 3300 dicit
517 3264 523 3297 :
544 3261 559 3295 a
584 3242 682 3315 Ignem
707 3246 770 3301 veni
784 3252 897 3301 mittere
911 3247 940 3301 in
981 3248 1114 3303 rusalem.
1131 3248 1255 3301 accaron
1266 3247 1320 3301 erit
1341 3246 1421 3316 quasi
1435 3244 1588 3310 Jebusaeus,
1605 3242 1671 3315 quia
1679 3245 1778 3313 gentes

170 3327 260 3396 iim,
276 3334 354 3385 ieie·
983 3336 1122 3406 accipient
1135 3336 1266 3406 gratiam,
1286 3350 1370 3406 quam
1386 3333 1539 3405 aliquando
1555 3329 1779 3401 Hierosolymitae

196 3417 326 3473 ‹Videbit
339 3419 458 3473 Ascalon
473 3423 501 3474 et
518 3418 638 3486 timebit,
655 3426 684 3475 et
697 3421 780 3487 Gaza,
798 3426 826 3477 et
837 3421 944 3478 dolebit
982 3423 1143 3479 habuerunt
1155 3424 1300 3479 eredentes
1314 3423 1344 3477 in
1360 3423 1477 3477 Deum·
1494 3422 1529 3476 Et
1541 3417 1721 3475 circumdabo
1730 3418 1780 3472 do-

170 3501 424 3570 umis,etnccar·on.
435 3509 570 3577 quoniam
580 3508 697 3563 confusa
710 3512 943 3582 estspeseJ'us.Et
983 3530 1062 3567 mum
1073 3529 1176 3576 meam,
1191 3533 1202 3561 ι
1218 3512 1303 3567 idest
1316 3511 1477 3566 Ecclesiam.
1495 3527 1508 3561 a
1526 3510 1563 3563 Ex
1578 3508 1622 3561 his
1637 3507 1685 3577 qui
1708 3505 1780 3559 mili·

171 3593 249 3659 peribit
264 3612 313 3649 rex
327 3595 363 3649 de
378 3595 462 3659 Gaza,
474 3601 503 3650 et
515 3597 635 3651 Ascalon
649 3614 705 3651 non
719 3597 944 3654 habitabiturlit
984 3607 1046 3656 tunt
1061 3602 1129 3655 mibi
1141 3605 1240 3655 euntes
1250 3608 1278 3655 et
1293 3605 1474 3663 revertentes,
1489 3619 1500 3645 n
1517 3597 1546 3651 id
1560 3598 1604 3650 est
1613 3593 1707 3665 angeli
1731 3593 1780 3664 qui

172 3682 256 3739 edebit
268 3688 417 3756 separator
435 3684 465 3738 in
487 3684 583 3738 dacto.
603 3703 615 3735 a
632 3684 702 3739 Cum
719 3685 827 3756 linquit!
843 3686 943 3741 viderit
984 3690 1054 3744 milri
1069 3689 1231 3744 deserviunt
1244 3689 1272 3743 in
1290 3688 1406 3742 diversis
1420 3684 1592 3748 ministeriis,
1604 3687 1718 3754 propter
1732 3695 1780 3734 eos
1829 3738 1832 3749 ι

171 3768 276 3837 bedan,
287 3780 318 3827 ct
326 3772 411 3835 Gaza,
419 3777 449 3827 et
460 3772 865 3843 noesron,quaesumciritates
875 3775 942 3829 Phi·
985 3779 1032 3849 qui
1047 3777 1240 3832 hereditatem
1262 3778 1376 3847 capiunt
1390 3775 1497 3839 salutis,
1516 3788 1635 3845 quorum
1650 3767 1780 3841 prasidio

172 3854 319 3924 istrorum,
335 3860 410 3930 quod
433 3860 535 3915 Ematb
556 3860 593 3915 sit
616 3860 645 3915 in
660 3861 788 3916 terminis
802 3862 942 3929 Damasci,
983 3864 1355 3928 vallaturEcclesia,dicente
1364 3860 1781 3925 Psalmistazslmmittetange·

174 3947 282 4019 tityrus
295 3953 326 4001 et
337 3947 424 4001 Sidon
437 3947 473 4002 ad
487 3963 548 4002 eam
563 3948 737 4013 transierint,
752 3965 856 4020 easque
870 3950 945 4004 vide·
984 3954 1028 4008 lus
1044 3952 1154 4008 Domini
1170 3952 1198 4005 iu
1213 3951 1331 4005 circuitu
1353 3951 1515 4005 timentium
1529 3965 1605 4003 eum.
1620 3971 1631 3995 ι
1646 3967 1657 3998 ι
1675 3947 1711 3999 Et
1723 3959 1780 3998 non

174 4032 214 4089 iu
220 4050 358 4107 possessas
371 4051 389 4089 a
401 4035 530 4096 Domino,
545 4035 680 4091 dolebunt
692 4052 725 4090 ac
738 4037 839 4091 timore
857 4038 946 4109 reple-
984 4040 1118 4096 transibit
1131 4039 1206 4094 ultra
1218 4054 1303 4109 super
1315 4054 1364 4092 eos
1379 4044 1499 4103 exactor,
1514 4056 1527 4090 s
1543 4037 1571 4091 id
1585 4038 1628 4089 est
1640 4032 1779 4098 diabolus,

175 4117 266 4191 lutor,
279 4126 349 4197 quia
362 4123 498 4179 videbunt
510 4141 587 4194 spem
603 4141 687 4196 quam
702 4125 732 4178 in
746 4125 829 4180 idolis
843 4142 945 4197 posue·
985 4130 1087 4198 dequo
1100 4127 1189 4182 isaias
1203 4145 1209 4180 ε
1225 4127 1396 4190 «Quomodo
1407 4127 1511 4198 quievit
1526 4129 1646 4189 exactor,
1663 4119 1782 4176 cessavit

176 4219 231 4280 runt,
252 4231 313 4270 esse
339 4213 495 4270 confusam.
511 4214 629 4267 Ascalon
653 4213 855 4280 interpretatur
873 4214 946 4284 ignis
985 4215 1143 4272 tributum?
1156 4233 1187 4268 »a
1203 4214 1275 4279 Quia
1285 4230 1359 4269 nunc
1370 4215 1426 4267 vidi
1437 4214 1466 4267 in
1477 4211 1655 4277 oculismeis‚
1668 4228 1681 4262 a
1693 4209 1780 4273 idest,

176 4294 292 4375 ignobilis.
311 4302 371 4358 sive
393 4301 566 4374 ponderata,
589 4302 672 4368 Gaza,
698 4303 778 4357 sortis
791 4310 842 4357 aut
855 4303 946 4374 impe·
986 4307 1080 4360 videre
1092 4304 1144 4358 teci
1155 4304 1306 4376 prophetas
1318 4320 1405 4358 meos.
1421 4301 1480 4373 Ipsi
1490 4302 1564 4356 eninr
1574 4298 1721 4355 suntoculi
1730 4298 1784 4352 Do-

177 4384 238 4455 n'un,
251 4391 376 4445 decaron
387 4394 493 4454 autem,
508 4389 621 4453 sterilis,
636 4389 694 4444 sive
708 4390 849 4444 eradicata
860 4409 866 4458 ;
879 4393 946 4446 Aao-
988 4394 1068 4453 mini,
1082 4409 1132 4464 per
1146 4409 1215 4462 quos
1230 4392 1308 4457 vidit,
1322 4391 1349 4445 id
1365 4397 1407 4446 est
1421 4389 1599 4447 aununtiavit
1609 4387 1782 4443 vocationem

176 4474 217 4537 tas,
226 4477 294 4549 ignia
306 4493 457 4550 generans,
479 4478 523 4532 vel
536 4477 610 4548 ignis
623 4479 726 4549 patrui,
743 4480 784 4533 vel
799 4478 872 4549 ignis
885 4495 947 4533 ma·
987 4482 1114 4553 gentium
1129 4485 1158 4535 et
1171 4480 1299 4534 Ecclesiae
1309 4479 1503 4536 securitatem.

178 4561 248 4621 mille.
261 4567 407 4623 lebusseus
421 4565 611 4630 conculcatus,
633 4566 773 4636 significat
791 4568 901 4621 animas
913 4582 946 4621 eo
1026 4570 1161 4624 «Exsulta
1178 4569 1254 4624 satis.
1267 4569 1323 4622 tilia
1333 4569 1410 4634 Sion,
1416 4566 1581 4638 Jubila,srlia
1595 4563 1780 4618 Hierusalem.

179 4652 529 4724 uuoadiatotodecepus.
540 4655 613 4708 Nam
620 4654 751 4719 Ascalon,
761 4655 789 4708 in
801 4671 857 4725 qua
864 4664 948 4709 antea
989 4661 1058 4714 Ecce
1066 4674 1115 4712 rex
1123 4663 1190 4711 tuus
1205 4657 1298 4710 veniet
1309 4656 1360 4710 tibi
1370 4658 1465 4727 justus
1476 4664 1505 4710 et
1517 4652 1782 4722 salrator-,ipsepau-

179 4733 446 4814 fututdiabolus,qui
458 4747 503 4797 est
512 4741 586 4811 ignis
594 4741 735 4812 ignobilis,
751 4748 779 4797 et
789 4743 824 4796 ad
837 4759 949 4797 mensu·
989 4762 1040 4817 per
1054 4750 1082 4799 et
1100 4745 1253 4800 ascendens
1278 4761 1364 4816 super
1389 4745 1499 4797 asinum
1519 4747 1548 4796 et
1571 4756 1656 4811 super
1674 4738 1783 4810 pullum

181 4837 225 4881 rau
235 4833 272 4886 vel
292 4831 403 4903 pondus
423 4835 589 4901 pervenerat
614 4835 801 4901 peccatorum,
821 4831 949 4885 videlicet
988 4834 1079 4888 tilium
1093 4834 1187 4888 asinae.
1200 4832 1267 4887 Haec
1281 4832 1481 4904 prophetiam
1498 4829 1649 4884 Matthaeus
1663 4842 1783 4898 evange·

181 4918 277 4980 sudum
284 4919 512 4992 populus,tirauit
524 4918 574 4973 tali
588 4934 690 4989 pavore
700 4919 947 4990 perterritaGaaa,
989 4921 1055 4976 lista
1071 4920 1193 4991 exponit,
1211 4919 1326 4990 impleta
1342 4918 1427 4973 estin
1443 4918 1596 4979 Salvatore,
1612 4915 1724 4987 quando
1737 4930 1784 4968 ve·

181 5013 226 5068 que
236 5007 309 5063 sortis
322 5008 425 5072 tuerat,
439 5012 467 5061 et
478 5006 531 5060 sibi
545 5006 693 5076 imperium
708 5007 871 5062 idololatria
883 5024 948 5077 pro·
989 5006 1544 5077 uitllierusalem,sedenssuperpullum
1554 5006 1786 5075 asimecxceptus
1896 4996 1898 5001 ’

182 5088 291 5162 mittebat,
306 5095 399 5151 doluit
409 5095 502 5161 nimis,
518 5110 605 5165 agens
619 5095 811 5166 penitentiam
824 5095 949 5166 priorum
991 5102 1057 5151 esta
1066 5096 1157 5151 turbis
1167 5112 1230 5149 curn
1241 5093 1619 5165 ramispalmarum,divinas
1629 5093 1682 5147 sibi
1688 5093 1786 5147 laudes

183 5178 427 5240 aebmmnccaron
438 5199 548 5255 quoque
561 5183 676 5248 sterilis,
687 5190 716 5236 et
725 5182 831 5254 absque
841 5183 890 5238 Dei
902 5201 950 5239 no·
990 5182 1784 5254 acclamantibus.Diciturergo:aExsultasatis,tlliaSion,

183 5262 236 5329 illia
245 5287 294 5327 uon
308 5272 415 5327 habens
429 5271 590 5343 spirituales
604 5271 686 5335 illios,
704 5272 844 5326 eradicata
858 5278 902 5327 est
914 5273 949 5327 ab
989 5273 1089 5344 Jubila,
1105 5272 1164 5326 illia
1177 5272 1364 5340 Hierusalem,
1376 5290 1388 5322 s
1399 5288 1460 5343 quae
1471 5289 1527 5327 una
1536 5272 1786 5326 estcivitas.«Ecce

185 5365 262 5425 more,
273 5378 327 5433 quo
341 5360 422 5431 quasi
430 5361 512 5414 tirma
526 5359 786 5425 radiceteusbatur,
801 5361 871 5415 Cum
883 5378 950 5431 ergo
991 5379 1038 5415 rex
1049 5368 1125 5425 tuus,
1135 5381 1145 5411 ι
1157 5360 1281 5415 omnium
1288 5360 1400 5416 vocibus
1410 5362 1610 5433 prophetarum
1621 5360 1785 5431 promissus,

184 5436 214 5495 ba
223 5447 335 5505 deitates
349 5449 456 5503 faedat
469 5449 633 5520 perterritae,
648 5464 718 5519 quas
730 5449 852 5503 diximus
876 5450 948 5520 tlgu-
994 5471 1004 5501 ι
1021 5449 1097 5502 venit
1111 5449 1172 5513 tibi,
1190 5470 1204 5501 a
1217 5449 1245 5503 id
1262 5456 1305 5505 est
1319 5456 1434 5521 propter
1449 5456 1485 5511 te,
1499 5457 1531 5505 ut
1543 5456 1572 5504 te
1586 5449 1695 5515 liberet,
1714 5468 1724 5499 r
1738 5450 1786 5518 ju-

184 5541 230 5588 lite
237 5546 338 5608 gentes,
352 5546 384 5593 et
396 5537 539 5593 doluerint
557 5553 590 5592 eo
613 5537 688 5609 quod
703 5553 767 5609 spes
778 5553 877 5592 earum
889 5537 951 5593 tru-
991 5544 1052 5593 stus
1067 5542 1097 5591 et
1109 5537 1241 5605 salvator,
1255 5556 1269 5591 a
1285 5539 1334 5609 qui
1344 5537 1483 5595 Hebraico
1497 5538 1601 5594 dicitur
1613 5539 1703 5602 lesus,
1715 5552 1786 5608 quo·
