<?xml version="1.0" encoding="UTF-8"?>
<!DOCTYPE html PUBLIC "-//W3C//DTD XHTML 1.0 Transitional//EN"
    "http://www.w3.org/TR/xhtml1/DTD/xhtml1-transitional.dtd">
<html xmlns="http://www.w3.org/1999/xhtml" xml:lang="en" lang="en">
 <head>
  <title>
</title>
<meta http-equiv="Content-Type" content="text/html;charset=utf-8" />
  <meta name='ocr-system' content='tesseract 3.04.00' />
  <meta name='ocr-capabilities' content='ocr_page ocr_carea ocr_par ocr_line ocrx_word'/>
</head>
<body>
  <div class='ocr_page' id='page_1' title='image "./patrologiaecurs31unkngoog_0107.png"; bbox 0 0 3818 6104; ppageno 0'>
   <div class='ocr_carea' id='block_1_1' title="bbox 145 226 1782 312">
    <p class='ocr_par' dir='ltr' id='par_1_1' title="bbox 145 226 1782 312">
     <span class='ocr_line' id='line_1_1' title="bbox 145 226 1782 312; baseline 0.004 -6"><span class='ocrx_word' id='word_1_1' title='bbox 145 248 200 310; x_wconf 79' lang='lat' dir='ltr'><strong>aaa</strong></span> <span class='ocrx_word' id='word_1_2' title='bbox 344 226 544 306; x_wconf 72' lang='lat' dir='ltr'><strong>&#39;alimonis</strong></span> <span class='ocrx_word' id='word_1_3' title='bbox 564 251 807 307; x_wconf 77' lang='lat' dir='ltr'><strong>antonnsmr.</strong></span> <span class='ocrx_word' id='word_1_4' title='bbox 831 248 1043 304; x_wconf 76' lang='lat' dir='ltr'><strong>aereaere.</strong></span> <span class='ocrx_word' id='word_1_5' title='bbox 1064 249 1156 303; x_wconf 81' lang='lat' dir='ltr'><strong>raas</strong></span> <span class='ocrx_word' id='word_1_6' title='bbox 1174 250 1197 303; x_wconf 85' lang='lat' dir='ltr'><strong>r.</strong></span> <span class='ocrx_word' id='word_1_7' title='bbox 1218 278 1253 291; x_wconf 87' lang='lat'><em>-</em></span> <span class='ocrx_word' id='word_1_8' title='bbox 1271 226 1458 305; x_wconf 74' lang='lat' dir='ltr'><strong>somnam.</strong></span> <span class='ocrx_word' id='word_1_9' title='bbox 1479 250 1572 308; x_wconf 79' lang='lat' dir='ltr'><strong>nina.</strong></span> <span class='ocrx_word' id='word_1_10' title='bbox 1730 254 1782 312; x_wconf 79' lang='lat' dir='ltr'><strong>eoi</strong></span> 
     </span>
    </p>
   </div>
   <div class='ocr_carea' id='block_1_2' title="bbox 133 371 1786 4608">
    <p class='ocr_par' dir='ltr' id='par_1_2' title="bbox 133 371 1786 4608">
     <span class='ocr_line' id='line_1_2' title="bbox 142 371 1783 445; baseline 0 -12"><span class='ocrx_word' id='word_1_11' title='bbox 142 384 214 439; x_wconf 85' lang='lat' dir='ltr'><strong>tum.</strong></span> <span class='ocrx_word' id='word_1_12' title='bbox 230 379 348 432; x_wconf 74' lang='lat' dir='ltr'><strong>Azotum</strong></span> <span class='ocrx_word' id='word_1_13' title='bbox 363 377 393 431; x_wconf 88' lang='lat' dir='ltr'><strong>in</strong></span> <span class='ocrx_word' id='word_1_14' title='bbox 407 375 524 431; x_wconf 86' lang='lat' dir='ltr'><strong>meridie</strong></span> <span class='ocrx_word' id='word_1_15' title='bbox 538 375 659 445; x_wconf 75' lang='lat' dir='ltr'><strong>ejicient,</strong></span> <span class='ocrx_word' id='word_1_16' title='bbox 678 379 705 427; x_wconf 90' lang='lat' dir='ltr'><strong>et</strong></span> <span class='ocrx_word' id='word_1_17' title='bbox 718 376 827 429; x_wconf 85' lang='lat' dir='ltr'><strong>Acaron</strong></span> <span class='ocrx_word' id='word_1_18' title='bbox 851 371 1065 441; x_wconf 73' lang='lat' dir='ltr'><strong>eradi-Aphetai</strong></span> <span class='ocrx_word' id='word_1_19' title='bbox 1078 371 1259 431; x_wconf 83' lang='lat' dir='ltr'><strong>convertitur,</strong></span> <span class='ocrx_word' id='word_1_20' title='bbox 1273 376 1302 425; x_wconf 86' lang='lat' dir='ltr'><strong>et</strong></span> <span class='ocrx_word' id='word_1_21' title='bbox 1311 372 1615 442; x_wconf 80' lang='lat' dir='ltr'><strong>eispranuntistmala</strong></span> <span class='ocrx_word' id='word_1_22' title='bbox 1625 382 1783 433; x_wconf 79' lang='lat' dir='ltr'><strong>venturaeo</strong></span> 
     </span>
     <span class='ocr_line' id='line_1_3' title="bbox 145 459 1784 537; baseline -0.004 -12"><span class='ocrx_word' id='word_1_23' title='bbox 145 463 501 533; x_wconf 80' lang='lat' dir='ltr'><strong>cabitur.»Tanm‚inquit.</strong></span> <span class='ocrx_word' id='word_1_24' title='bbox 511 463 565 517; x_wconf 88' lang='lat' dir='ltr'><strong>erit</strong></span> <span class='ocrx_word' id='word_1_25' title='bbox 575 461 942 516; x_wconf 84' lang='lat' dir='ltr'><strong>fortitudoChaldaiciexer-</strong></span> <span class='ocrx_word' id='word_1_26' title='bbox 983 459 1057 529; x_wconf 87' lang='lat' dir='ltr'><strong>quod</strong></span> <span class='ocrx_word' id='word_1_27' title='bbox 1074 459 1236 530; x_wconf 82' lang='lat' dir='ltr'>Babyloniis</span> <span class='ocrx_word' id='word_1_28' title='bbox 1249 460 1385 515; x_wconf 87' lang='lat' dir='ltr'><strong>auxilium</strong></span> <span class='ocrx_word' id='word_1_29' title='bbox 1400 461 1570 531; x_wconf 83' lang='lat' dir='ltr'><strong>praebuerint</strong></span> <span class='ocrx_word' id='word_1_30' title='bbox 1580 469 1680 518; x_wconf 79' lang='lat' dir='ltr'><strong>contm</strong></span> <span class='ocrx_word' id='word_1_31' title='bbox 1692 482 1784 537; x_wconf 84' lang='lat' dir='ltr'><strong>popu·</strong></span> 
     </span>
     <span class='ocr_line' id='line_1_4' title="bbox 145 547 1786 623; baseline -0.001 -12"><span class='ocrx_word' id='word_1_32' title='bbox 145 556 228 620; x_wconf 84' lang='lat' dir='ltr'><strong>citus,</strong></span> <span class='ocrx_word' id='word_1_33' title='bbox 244 562 276 609; x_wconf 91' lang='lat' dir='ltr'><strong>ut</strong></span> <span class='ocrx_word' id='word_1_34' title='bbox 290 554 375 610; x_wconf 89' lang='lat' dir='ltr'><strong>etiam</strong></span> <span class='ocrx_word' id='word_1_35' title='bbox 389 551 597 623; x_wconf 89' lang='lat' dir='ltr'><strong>potentissimas</strong></span> <span class='ocrx_word' id='word_1_36' title='bbox 617 551 699 604; x_wconf 86' lang='lat' dir='ltr'><strong>urbes</strong></span> <span class='ocrx_word' id='word_1_37' title='bbox 717 551 941 615; x_wconf 71' lang='lat' dir='ltr'><strong>philistinorum,</strong></span> <span class='ocrx_word' id='word_1_38' title='bbox 984 548 1041 599; x_wconf 90' lang='lat' dir='ltr'><strong>lum</strong></span> <span class='ocrx_word' id='word_1_39' title='bbox 1053 547 1112 607; x_wconf 83' lang='lat' dir='ltr'><strong>Dei.</strong></span> <span class='ocrx_word' id='word_1_40' title='bbox 1128 554 1156 601; x_wconf 88' lang='lat' dir='ltr'><strong>et</strong></span> <span class='ocrx_word' id='word_1_41' title='bbox 1169 564 1232 601; x_wconf 90' lang='lat' dir='ltr'><strong>cum</strong></span> <span class='ocrx_word' id='word_1_42' title='bbox 1244 547 1285 601; x_wconf 91' lang='lat' dir='ltr'><strong>eis</strong></span> <span class='ocrx_word' id='word_1_43' title='bbox 1299 549 1440 603; x_wconf 72' lang='lat' dir='ltr'><strong>civitatem</strong></span> <span class='ocrx_word' id='word_1_44' title='bbox 1456 551 1653 622; x_wconf 85' lang='lat' dir='ltr'><strong>templumque</strong></span> <span class='ocrx_word' id='word_1_45' title='bbox 1668 552 1786 609; x_wconf 86' lang='lat' dir='ltr'><strong>subrue·</strong></span> 
     </span>
     <span class='ocr_line' id='line_1_5' title="bbox 147 633 1785 715; baseline 0.001 -20"><span class='ocrx_word' id='word_1_46' title='bbox 147 662 208 715; x_wconf 81' lang='lat' dir='ltr'><strong>quae</strong></span> <span class='ocrx_word' id='word_1_47' title='bbox 218 643 298 703; x_wconf 82' lang='lat' dir='ltr'><strong>nobis</strong></span> <span class='ocrx_word' id='word_1_48' title='bbox 312 658 424 712; x_wconf 89' lang='lat' dir='ltr'><strong>semper</strong></span> <span class='ocrx_word' id='word_1_49' title='bbox 438 657 516 711; x_wconf 79' lang='lat' dir='ltr'><strong>aequo</strong></span> <span class='ocrx_word' id='word_1_50' title='bbox 530 640 683 693; x_wconf 80' lang='lat' dir='ltr'><strong>certamine</strong></span> <span class='ocrx_word' id='word_1_51' title='bbox 706 639 881 700; x_wconf 86' lang='lat' dir='ltr'><strong>restiterunt,</strong></span> <span class='ocrx_word' id='word_1_52' title='bbox 897 655 942 692; x_wconf 89' lang='lat' dir='ltr'><strong>ea·</strong></span> <span class='ocrx_word' id='word_1_53' title='bbox 983 633 1372 704; x_wconf 69' lang='lat' dir='ltr'><strong>rihtetinsultantescaptisl</strong></span> <span class='ocrx_word' id='word_1_54' title='bbox 1376 636 1461 691; x_wconf 82' lang='lat' dir='ltr'><strong>udaeis</strong></span> <span class='ocrx_word' id='word_1_55' title='bbox 1468 637 1557 691; x_wconf 88' lang='lat' dir='ltr'><strong>Deum</strong></span> <span class='ocrx_word' id='word_1_56' title='bbox 1570 637 1785 710; x_wconf 82' lang='lat' dir='ltr'><strong>blasphemare·</strong></span> 
     </span>
     <span class='ocr_line' id='line_1_6' title="bbox 146 723 1785 805; baseline -0.002 -19"><span class='ocrx_word' id='word_1_57' title='bbox 146 733 211 789; x_wconf 86' lang='lat' dir='ltr'><strong>dem</strong></span> <span class='ocrx_word' id='word_1_58' title='bbox 234 731 381 805; x_wconf 81' lang='lat' dir='ltr'><strong>captivitas</strong></span> <span class='ocrx_word' id='word_1_59' title='bbox 404 728 607 801; x_wconf 78' lang='lat' dir='ltr'><strong>apprehendat,</strong></span> <span class='ocrx_word' id='word_1_60' title='bbox 624 727 741 798; x_wconf 76' lang='lat' dir='ltr'><strong>blystice</strong></span> <span class='ocrx_word' id='word_1_61' title='bbox 770 727 854 790; x_wconf 82' lang='lat' dir='ltr'><strong>Gaza,</strong></span> <span class='ocrx_word' id='word_1_62' title='bbox 880 744 941 797; x_wconf 73' lang='lat' dir='ltr'><strong>quae</strong></span> <span class='ocrx_word' id='word_1_63' title='bbox 983 735 1057 777; x_wconf 88' lang='lat' dir='ltr'><strong>runt.</strong></span> <span class='ocrx_word' id='word_1_64' title='bbox 1075 723 1639 793; x_wconf 78' lang='lat' dir='ltr'><strong>hudiriopprobriumMoabllacciritas</strong></span> <span class='ocrx_word' id='word_1_65' title='bbox 1655 731 1785 784; x_wconf 78' lang='lat' dir='ltr'><strong>estAra-</strong></span> 
     </span>
     <span class='ocr_line' id='line_1_7' title="bbox 145 807 1785 891; baseline -0.002 -16"><span class='ocrx_word' id='word_1_66' title='bbox 145 816 495 891; x_wconf 77' lang='lat' dir='ltr'><strong>interpretaturfortitudo</strong></span> <span class='ocrx_word' id='word_1_67' title='bbox 522 817 657 885; x_wconf 70' lang='lat' dir='ltr'><strong>cinaeos</strong></span> <span class='ocrx_word' id='word_1_68' title='bbox 679 807 814 885; x_wconf 86' lang='lat' dir='ltr'><strong>&#39;designat</strong></span> <span class='ocrx_word' id='word_1_69' title='bbox 837 815 885 886; x_wconf 87' lang='lat' dir='ltr'><strong>qui</strong></span> <span class='ocrx_word' id='word_1_70' title='bbox 912 815 940 868; x_wconf 93' lang='lat' dir='ltr'><strong>in</strong></span> <span class='ocrx_word' id='word_1_71' title='bbox 983 813 1171 880; x_wconf 75' lang='lat' dir='ltr'><strong>bire,otnunc</strong></span> <span class='ocrx_word' id='word_1_72' title='bbox 1186 814 1341 884; x_wconf 78' lang='lat' dir='ltr'><strong>Areopolis,</strong></span> <span class='ocrx_word' id='word_1_73' title='bbox 1360 814 1389 868; x_wconf 92' lang='lat' dir='ltr'><strong>id</strong></span> <span class='ocrx_word' id='word_1_74' title='bbox 1404 821 1448 868; x_wconf 88' lang='lat' dir='ltr'><strong>est</strong></span> <span class='ocrx_word' id='word_1_75' title='bbox 1465 815 1565 869; x_wconf 82' lang='lat' dir='ltr'><strong>blartia</strong></span> <span class='ocrx_word' id='word_1_76' title='bbox 1589 816 1692 870; x_wconf 81' lang='lat' dir='ltr'><strong>civitas</strong></span> <span class='ocrx_word' id='word_1_77' title='bbox 1714 818 1785 872; x_wconf 85' lang='lat' dir='ltr'><strong>dioi-</strong></span> 
     </span>
     <span class='ocr_line' id='line_1_8' title="bbox 145 901 1785 979; baseline -0.001 -16"><span class='ocrx_word' id='word_1_78' title='bbox 145 909 246 963; x_wconf 87' lang='lat' dir='ltr'><strong>robore</strong></span> <span class='ocrx_word' id='word_1_79' title='bbox 261 906 384 979; x_wconf 86' lang='lat' dir='ltr'><strong>corporis</strong></span> <span class='ocrx_word' id='word_1_80' title='bbox 398 905 551 965; x_wconf 80' lang='lat' dir='ltr'><strong>confidunt.</strong></span> <span class='ocrx_word' id='word_1_81' title='bbox 566 912 595 957; x_wconf 90' lang='lat' dir='ltr'><strong>et</strong></span> <span class='ocrx_word' id='word_1_82' title='bbox 610 905 639 958; x_wconf 90' lang='lat' dir='ltr'><strong>in</strong></span> <span class='ocrx_word' id='word_1_83' title='bbox 654 904 780 959; x_wconf 70' lang='lat' dir='ltr'><strong>seculari</strong></span> <span class='ocrx_word' id='word_1_84' title='bbox 804 910 940 974; x_wconf 83' lang='lat' dir='ltr'><strong>potentia.</strong></span> <span class='ocrx_word' id='word_1_85' title='bbox 982 909 1039 954; x_wconf 90' lang='lat' dir='ltr'><strong>tur.</strong></span> <span class='ocrx_word' id='word_1_86' title='bbox 1063 902 1098 955; x_wconf 87' lang='lat' dir='ltr'><strong>Et</strong></span> <span class='ocrx_word' id='word_1_87' title='bbox 1122 901 1309 971; x_wconf 78' lang='lat' dir='ltr'><strong>blasphemias</strong></span> <span class='ocrx_word' id='word_1_88' title='bbox 1329 903 1451 957; x_wconf 88' lang='lat' dir='ltr'><strong>liliorum</strong></span> <span class='ocrx_word' id='word_1_89' title='bbox 1474 905 1578 969; x_wconf 76' lang='lat' dir='ltr'><strong>amon,</strong></span> <span class='ocrx_word' id='word_1_90' title='bbox 1593 921 1658 974; x_wconf 78' lang='lat' dir='ltr'><strong>qua</strong></span> <span class='ocrx_word' id='word_1_91' title='bbox 1681 912 1712 960; x_wconf 87' lang='lat' dir='ltr'><strong>et</strong></span> <span class='ocrx_word' id='word_1_92' title='bbox 1724 906 1785 978; x_wconf 85' lang='lat' dir='ltr'><strong>ipsa</strong></span> 
     </span>
     <span class='ocr_line' id='line_1_9' title="bbox 145 989 1784 1067; baseline -0.002 -16"><span class='ocrx_word' id='word_1_93' title='bbox 145 998 181 1055; x_wconf 90' lang='lat' dir='ltr'><strong>Hi</strong></span> <span class='ocrx_word' id='word_1_94' title='bbox 197 1014 264 1067; x_wconf 85' lang='lat' dir='ltr'><strong>ergo</strong></span> <span class='ocrx_word' id='word_1_95' title='bbox 278 997 459 1051; x_wconf 87' lang='lat' dir='ltr'><strong>destruentur</strong></span> <span class='ocrx_word' id='word_1_96' title='bbox 469 1000 498 1048; x_wconf 89' lang='lat' dir='ltr'><strong>et</strong></span> <span class='ocrx_word' id='word_1_97' title='bbox 511 994 546 1046; x_wconf 90' lang='lat' dir='ltr'><strong>ad</strong></span> <span class='ocrx_word' id='word_1_98' title='bbox 557 993 942 1062; x_wconf 81' lang='lat' dir='ltr'><strong>nihilumredigenturhsca-</strong></span> <span class='ocrx_word' id='word_1_99' title='bbox 982 990 1079 1042; x_wconf 79' lang='lat' dir='ltr'><strong>civitas</strong></span> <span class='ocrx_word' id='word_1_100' title='bbox 1105 989 1224 1051; x_wconf 72' lang='lat' dir='ltr'><strong>Aralrixe,</strong></span> <span class='ocrx_word' id='word_1_101' title='bbox 1252 1006 1327 1043; x_wconf 90' lang='lat' dir='ltr'><strong>nunc</strong></span> <span class='ocrx_word' id='word_1_102' title='bbox 1349 990 1546 1062; x_wconf 85' lang='lat' dir='ltr'><strong>Philadelphia</strong></span> <span class='ocrx_word' id='word_1_103' title='bbox 1577 998 1704 1047; x_wconf 86' lang='lat' dir='ltr'><strong>vocatur.</strong></span> <span class='ocrx_word' id='word_1_104' title='bbox 1724 994 1784 1049; x_wconf 88' lang='lat' dir='ltr'><strong>Uno</strong></span> 
     </span>
     <span class='ocr_line' id='line_1_10' title="bbox 144 1079 1785 1155; baseline -0.002 -15"><span class='ocrx_word' id='word_1_105' title='bbox 144 1088 191 1141; x_wconf 87' lang='lat' dir='ltr'><strong>lon</strong></span> <span class='ocrx_word' id='word_1_106' title='bbox 217 1086 421 1155; x_wconf 80' lang='lat' dir='ltr'><strong>interpretatur</strong></span> <span class='ocrx_word' id='word_1_107' title='bbox 448 1082 614 1153; x_wconf 87' lang='lat' dir='ltr'><strong>ponderata,</strong></span> <span class='ocrx_word' id='word_1_108' title='bbox 631 1083 671 1135; x_wconf 84' lang='lat' dir='ltr'><strong>vel</strong></span> <span class='ocrx_word' id='word_1_109' title='bbox 696 1082 769 1151; x_wconf 80' lang='lat' dir='ltr'><strong>ignis</strong></span> <span class='ocrx_word' id='word_1_110' title='bbox 791 1080 938 1137; x_wconf 82' lang='lat' dir='ltr'><strong>homicida.</strong></span> <span class='ocrx_word' id='word_1_111' title='bbox 983 1088 1076 1131; x_wconf 88' lang='lat' dir='ltr'><strong>autem</strong></span> <span class='ocrx_word' id='word_1_112' title='bbox 1092 1081 1206 1133; x_wconf 85' lang='lat' dir='ltr'><strong>nornine</strong></span> <span class='ocrx_word' id='word_1_113' title='bbox 1221 1086 1250 1131; x_wconf 87' lang='lat' dir='ltr'><strong>et</strong></span> <span class='ocrx_word' id='word_1_114' title='bbox 1264 1079 1341 1148; x_wconf 85' lang='lat' dir='ltr'><strong>ragio</strong></span> <span class='ocrx_word' id='word_1_115' title='bbox 1357 1085 1386 1132; x_wconf 89' lang='lat' dir='ltr'><strong>et</strong></span> <span class='ocrx_word' id='word_1_116' title='bbox 1400 1080 1498 1133; x_wconf 79' lang='lat' dir='ltr'><strong>civitas</strong></span> <span class='ocrx_word' id='word_1_117' title='bbox 1512 1087 1731 1151; x_wconf 72' lang='lat' dir='ltr'><strong>nuncupatur«</strong></span> <span class='ocrx_word' id='word_1_118' title='bbox 1750 1082 1785 1137; x_wconf 82' lang='lat' dir='ltr'><strong>Et</strong></span> 
     </span>
     <span class='ocr_line' id='line_1_11' title="bbox 143 1167 1784 1245; baseline -0.002 -16"><span class='ocrx_word' id='word_1_119' title='bbox 143 1178 304 1245; x_wconf 81' lang='lat' dir='ltr'><strong>peccatores</strong></span> <span class='ocrx_word' id='word_1_120' title='bbox 332 1171 467 1233; x_wconf 83' lang='lat' dir='ltr'><strong>insinuat,</strong></span> <span class='ocrx_word' id='word_1_121' title='bbox 484 1170 533 1242; x_wconf 91' lang='lat' dir='ltr'><strong>qui</strong></span> <span class='ocrx_word' id='word_1_122' title='bbox 553 1172 634 1240; x_wconf 84' lang='lat' dir='ltr'><strong>juxto</strong></span> <span class='ocrx_word' id='word_1_123' title='bbox 662 1187 823 1225; x_wconf 88' lang='lat' dir='ltr'><strong>mensuram</strong></span> <span class='ocrx_word' id='word_1_124' title='bbox 846 1171 941 1224; x_wconf 84' lang='lat' dir='ltr'><strong>scirni-</strong></span> <span class='ocrx_word' id='word_1_125' title='bbox 983 1167 1467 1237; x_wconf 81' lang='lat' dir='ltr'><strong>magnificatisuntsuperterminos</strong></span> <span class='ocrx_word' id='word_1_126' title='bbox 1477 1170 1670 1240; x_wconf 86' lang='lat' dir='ltr'><strong>eorumrqui,</strong></span> <span class='ocrx_word' id='word_1_127' title='bbox 1687 1170 1784 1240; x_wconf 79' lang='lat' dir='ltr'><strong>ejectis</strong></span> 
     </span>
     <span class='ocr_line' id='line_1_12' title="bbox 143 1255 1665 1333; baseline -0.002 -18"><span class='ocrx_word' id='word_1_128' title='bbox 143 1278 211 1321; x_wconf 90' lang='lat' dir='ltr'><strong>num</strong></span> <span class='ocrx_word' id='word_1_129' title='bbox 226 1259 437 1333; x_wconf 82' lang='lat' dir='ltr'><strong>judicabuntur,</strong></span> <span class='ocrx_word' id='word_1_130' title='bbox 454 1267 483 1313; x_wconf 90' lang='lat' dir='ltr'><strong>et</strong></span> <span class='ocrx_word' id='word_1_131' title='bbox 496 1259 593 1313; x_wconf 87' lang='lat' dir='ltr'><strong>eadem</strong></span> <span class='ocrx_word' id='word_1_132' title='bbox 614 1275 747 1312; x_wconf 81' lang='lat' dir='ltr'><strong>incusum</strong></span> <span class='ocrx_word' id='word_1_133' title='bbox 767 1274 824 1329; x_wconf 89' lang='lat' dir='ltr'><strong>qua</strong></span> <span class='ocrx_word' id='word_1_134' title='bbox 851 1258 940 1313; x_wconf 76' lang='lat' dir='ltr'><strong>utensi</strong></span> <span class='ocrx_word' id='word_1_135' title='bbox 981 1256 1046 1317; x_wconf 86' lang='lat' dir='ltr'><strong>illis,</strong></span> <span class='ocrx_word' id='word_1_136' title='bbox 1066 1255 1256 1309; x_wconf 83' lang='lat' dir='ltr'><strong>dilataverunt</strong></span> <span class='ocrx_word' id='word_1_137' title='bbox 1263 1257 1292 1311; x_wconf 94' lang='lat' dir='ltr'><strong>in</strong></span> <span class='ocrx_word' id='word_1_138' title='bbox 1306 1262 1384 1310; x_wconf 88' lang='lat' dir='ltr'><strong>terra</strong></span> <span class='ocrx_word' id='word_1_139' title='bbox 1397 1272 1495 1311; x_wconf 85' lang='lat' dir='ltr'><strong>eorum</strong></span> <span class='ocrx_word' id='word_1_140' title='bbox 1505 1257 1576 1311; x_wconf 78' lang='lat' dir='ltr'><strong>fines</strong></span> <span class='ocrx_word' id='word_1_141' title='bbox 1584 1274 1665 1312; x_wconf 89' lang='lat' dir='ltr'><strong>suos.</strong></span> 
     </span>
     <span class='ocr_line' id='line_1_13' title="bbox 143 1344 1780 1418; baseline 0.002 -17"><span class='ocrx_word' id='word_1_142' title='bbox 143 1356 210 1409; x_wconf 83' lang='lat' dir='ltr'><strong>sunt</strong></span> <span class='ocrx_word' id='word_1_143' title='bbox 220 1348 384 1407; x_wconf 87' lang='lat' dir='ltr'><strong>remetietur</strong></span> <span class='ocrx_word' id='word_1_144' title='bbox 404 1349 454 1411; x_wconf 83' lang='lat' dir='ltr'><strong>eis.</strong></span> <span class='ocrx_word' id='word_1_145' title='bbox 467 1354 496 1401; x_wconf 92' lang='lat' dir='ltr'><strong>et</strong></span> <span class='ocrx_word' id='word_1_146' title='bbox 519 1347 566 1418; x_wconf 90' lang='lat' dir='ltr'><strong>qui</strong></span> <span class='ocrx_word' id='word_1_147' title='bbox 591 1353 722 1401; x_wconf 86' lang='lat' dir='ltr'><strong>arserunt</strong></span> <span class='ocrx_word' id='word_1_148' title='bbox 741 1347 879 1401; x_wconf 87' lang='lat' dir='ltr'><strong>desiderio</strong></span> <span class='ocrx_word' id='word_1_149' title='bbox 898 1349 940 1401; x_wconf 82' lang='lat' dir='ltr'><strong>el&#39;·</strong></span> <span class='ocrx_word' id='word_1_150' title='bbox 1017 1364 1029 1395; x_wconf 80' lang='lat' dir='ltr'><strong>a</strong></span> <span class='ocrx_word' id='word_1_151' title='bbox 1053 1345 1203 1414; x_wconf 78' lang='lat' dir='ltr'><strong>Propterea</strong></span> <span class='ocrx_word' id='word_1_152' title='bbox 1217 1345 1277 1398; x_wconf 82' lang='lat' dir='ltr'><strong>viro</strong></span> <span class='ocrx_word' id='word_1_153' title='bbox 1292 1362 1354 1414; x_wconf 81' lang='lat' dir='ltr'><strong>ego,</strong></span> <span class='ocrx_word' id='word_1_154' title='bbox 1370 1344 1438 1399; x_wconf 90' lang='lat' dir='ltr'><strong>dicit</strong></span> <span class='ocrx_word' id='word_1_155' title='bbox 1452 1345 1590 1400; x_wconf 77' lang='lat' dir='ltr'><strong>Dominus</strong></span> <span class='ocrx_word' id='word_1_156' title='bbox 1604 1348 1780 1404; x_wconf 85' lang='lat' dir='ltr'><strong>exercituum</strong></span> 
     </span>
     <span class='ocr_line' id='line_1_14' title="bbox 142 1432 1781 1511; baseline -0.001 -16"><span class='ocrx_word' id='word_1_157' title='bbox 142 1438 278 1495; x_wconf 84' lang='lat' dir='ltr'><strong>fundendi</strong></span> <span class='ocrx_word' id='word_1_158' title='bbox 292 1436 447 1511; x_wconf 63' lang='lat' dir='ltr'><strong>sanguinis</strong></span> <span class='ocrx_word' id='word_1_159' title='bbox 464 1440 493 1491; x_wconf 88' lang='lat' dir='ltr'><strong>et</strong></span> <span class='ocrx_word' id='word_1_160' title='bbox 505 1436 599 1492; x_wconf 84' lang='lat' dir='ltr'><strong>studio</strong></span> <span class='ocrx_word' id='word_1_161' title='bbox 613 1436 819 1491; x_wconf 83' lang='lat' dir='ltr'><strong>scandalizandi</strong></span> <span class='ocrx_word' id='word_1_162' title='bbox 843 1442 872 1489; x_wconf 89' lang='lat' dir='ltr'><strong>et</strong></span> <span class='ocrx_word' id='word_1_163' title='bbox 893 1453 940 1490; x_wconf 87' lang='lat' dir='ltr'><strong>ne·</strong></span> <span class='ocrx_word' id='word_1_164' title='bbox 981 1433 1056 1486; x_wconf 87' lang='lat' dir='ltr'><strong>Deus</strong></span> <span class='ocrx_word' id='word_1_165' title='bbox 1068 1432 1165 1497; x_wconf 89' lang='lat' dir='ltr'><strong>Israel,</strong></span> <span class='ocrx_word' id='word_1_166' title='bbox 1182 1434 1250 1503; x_wconf 88' lang='lat' dir='ltr'><strong>quia</strong></span> <span class='ocrx_word' id='word_1_167' title='bbox 1262 1433 1343 1487; x_wconf 85' lang='lat' dir='ltr'><strong>bloab</strong></span> <span class='ocrx_word' id='word_1_168' title='bbox 1355 1439 1387 1487; x_wconf 92' lang='lat' dir='ltr'><strong>ut</strong></span> <span class='ocrx_word' id='word_1_169' title='bbox 1393 1434 1516 1488; x_wconf 80' lang='lat' dir='ltr'><strong>Sodoma</strong></span> <span class='ocrx_word' id='word_1_170' title='bbox 1526 1436 1624 1498; x_wconf 83' lang='lat' dir='ltr'><strong>erit,et</strong></span> <span class='ocrx_word' id='word_1_171' title='bbox 1632 1437 1781 1493; x_wconf 77' lang='lat' dir='ltr'><strong>liliidmon</strong></span> 
     </span>
     <span class='ocr_line' id='line_1_15' title="bbox 144 1521 1781 1601; baseline -0.002 -18"><span class='ocrx_word' id='word_1_172' title='bbox 144 1528 225 1585; x_wconf 81' lang='lat' dir='ltr'><strong>carrdi</strong></span> <span class='ocrx_word' id='word_1_173' title='bbox 239 1527 357 1583; x_wconf 87' lang='lat' dir='ltr'><strong>animas.</strong></span> <span class='ocrx_word' id='word_1_174' title='bbox 373 1526 408 1583; x_wconf 93' lang='lat' dir='ltr'><strong>Hi</strong></span> <span class='ocrx_word' id='word_1_175' title='bbox 426 1526 455 1581; x_wconf 94' lang='lat' dir='ltr'><strong>in</strong></span> <span class='ocrx_word' id='word_1_176' title='bbox 469 1526 614 1581; x_wconf 86' lang='lat' dir='ltr'><strong>desertum</strong></span> <span class='ocrx_word' id='word_1_177' title='bbox 629 1525 813 1581; x_wconf 75' lang='lat' dir='ltr'><strong>deducentur.</strong></span> <span class='ocrx_word' id='word_1_178' title='bbox 828 1525 947 1601; x_wconf 45' lang='lat' dir='ltr'><strong>ignibus,</strong></span> <span class='ocrx_word' id='word_1_179' title='bbox 981 1521 1060 1590; x_wconf 76' lang='lat' dir='ltr'><strong>quasi</strong></span> <span class='ocrx_word' id='word_1_180' title='bbox 1086 1521 1253 1575; x_wconf 87' lang='lat' dir='ltr'><strong>Gomorrha.</strong></span> <span class='ocrx_word' id='word_1_181' title='bbox 1271 1542 1283 1571; x_wconf 77' lang='lat' dir='ltr'><strong>s</strong></span> <span class='ocrx_word' id='word_1_182' title='bbox 1308 1521 1369 1575; x_wconf 84' lang='lat' dir='ltr'><strong>llos</strong></span> <span class='ocrx_word' id='word_1_183' title='bbox 1398 1524 1538 1592; x_wconf 88' lang='lat' dir='ltr'><strong>quomodo</strong></span> <span class='ocrx_word' id='word_1_184' title='bbox 1553 1525 1636 1593; x_wconf 85' lang='lat' dir='ltr'><strong>juxta</strong></span> <span class='ocrx_word' id='word_1_185' title='bbox 1657 1525 1781 1581; x_wconf 83' lang='lat' dir='ltr'><strong>litteram</strong></span> 
     </span>
     <span class='ocr_line' id='line_1_16' title="bbox 141 1609 1781 1690; baseline -0.001 -19"><span class='ocrx_word' id='word_1_186' title='bbox 141 1618 277 1690; x_wconf 82' lang='lat' dir='ltr'><strong>gehennae</strong></span> <span class='ocrx_word' id='word_1_187' title='bbox 298 1615 405 1670; x_wconf 78' lang='lat' dir='ltr'><strong>traditi.</strong></span> <span class='ocrx_word' id='word_1_188' title='bbox 427 1617 542 1675; x_wconf 84' lang='lat' dir='ltr'><strong>Azotos.</strong></span> <span class='ocrx_word' id='word_1_189' title='bbox 563 1631 624 1684; x_wconf 77' lang='lat' dir='ltr'><strong>quae</strong></span> <span class='ocrx_word' id='word_1_190' title='bbox 643 1614 845 1686; x_wconf 82' lang='lat' dir='ltr'><strong>interpretatur</strong></span> <span class='ocrx_word' id='word_1_191' title='bbox 865 1614 939 1683; x_wconf 83' lang='lat' dir='ltr'><strong>ignis</strong></span> <span class='ocrx_word' id='word_1_192' title='bbox 981 1613 1085 1663; x_wconf 85' lang='lat' dir='ltr'><strong>lactum</strong></span> <span class='ocrx_word' id='word_1_193' title='bbox 1100 1609 1145 1669; x_wconf 80' lang='lat' dir='ltr'><strong>sit,</strong></span> <span class='ocrx_word' id='word_1_194' title='bbox 1162 1610 1328 1680; x_wconf 80' lang='lat' dir='ltr'><strong>exponinon</strong></span> <span class='ocrx_word' id='word_1_195' title='bbox 1342 1617 1442 1680; x_wconf 88' lang='lat' dir='ltr'><strong>potest.</strong></span> <span class='ocrx_word' id='word_1_196' title='bbox 1459 1612 1557 1681; x_wconf 86' lang='lat' dir='ltr'><strong>Neque</strong></span> <span class='ocrx_word' id='word_1_197' title='bbox 1570 1613 1649 1667; x_wconf 90' lang='lat' dir='ltr'><strong>enim</strong></span> <span class='ocrx_word' id='word_1_198' title='bbox 1667 1613 1712 1670; x_wconf 86' lang='lat' dir='ltr'><strong>lue</strong></span> <span class='ocrx_word' id='word_1_199' title='bbox 1737 1632 1781 1670; x_wconf 87' lang='lat' dir='ltr'><strong>ur·</strong></span> 
     </span>
     <span class='ocr_line' id='line_1_17' title="bbox 140 1679 1781 1778; baseline -0.003 -15"><span class='ocrx_word' id='word_1_200' title='bbox 140 1706 341 1778; x_wconf 66' lang='lat' dir='ltr'><strong>generationis</strong></span> <span class='ocrx_word' id='word_1_201' title='bbox 353 1704 538 1775; x_wconf 84' lang='lat' dir='ltr'><strong>eosdesignat</strong></span> <span class='ocrx_word' id='word_1_202' title='bbox 550 1706 599 1775; x_wconf 90' lang='lat' dir='ltr'><strong>qui</strong></span> <span class='ocrx_word' id='word_1_203' title='bbox 611 1704 701 1758; x_wconf 76' lang='lat' dir='ltr'><strong>liberer</strong></span> <span class='ocrx_word' id='word_1_204' title='bbox 712 1704 741 1757; x_wconf 88' lang='lat' dir='ltr'><strong>in</strong></span> <span class='ocrx_word' id='word_1_205' title='bbox 752 1704 795 1757; x_wconf 88' lang='lat' dir='ltr'><strong>his</strong></span> <span class='ocrx_word' id='word_1_206' title='bbox 810 1703 938 1757; x_wconf 90' lang='lat' dir='ltr'><strong>incendio</strong></span> <span class='ocrx_word' id='word_1_207' title='bbox 950 1679 1029 1753; x_wconf 83' lang='lat' dir='ltr'><strong>Bbes</strong></span> <span class='ocrx_word' id='word_1_208' title='bbox 1046 1698 1261 1754; x_wconf 81' lang='lat' dir='ltr'><strong>suntsubrersae</strong></span> <span class='ocrx_word' id='word_1_209' title='bbox 1271 1700 1343 1753; x_wconf 90' lang='lat' dir='ltr'><strong>sicut</strong></span> <span class='ocrx_word' id='word_1_210' title='bbox 1359 1700 1480 1754; x_wconf 76' lang='lat' dir='ltr'><strong>Sodom</strong></span> <span class='ocrx_word' id='word_1_211' title='bbox 1496 1706 1523 1754; x_wconf 86' lang='lat' dir='ltr'><strong>et</strong></span> <span class='ocrx_word' id='word_1_212' title='bbox 1548 1701 1719 1769; x_wconf 81' lang='lat' dir='ltr'><strong>Gomorrha,</strong></span> <span class='ocrx_word' id='word_1_213' title='bbox 1736 1720 1781 1758; x_wconf 86' lang='lat' dir='ltr'><strong>na·</strong></span> 
     </span>
     <span class='ocr_line' id='line_1_18' title="bbox 141 1788 1778 1865; baseline -0.001 -16"><span class='ocrx_word' id='word_1_214' title='bbox 141 1796 250 1853; x_wconf 87' lang='lat' dir='ltr'><strong>ardent.</strong></span> <span class='ocrx_word' id='word_1_215' title='bbox 267 1793 328 1853; x_wconf 85' lang='lat' dir='ltr'><strong>Hos</strong></span> <span class='ocrx_word' id='word_1_216' title='bbox 341 1809 408 1865; x_wconf 89' lang='lat' dir='ltr'><strong>crgo</strong></span> <span class='ocrx_word' id='word_1_217' title='bbox 423 1792 452 1846; x_wconf 88' lang='lat' dir='ltr'><strong>iu</strong></span> <span class='ocrx_word' id='word_1_218' title='bbox 465 1792 593 1857; x_wconf 86' lang='lat' dir='ltr'><strong>meridie,</strong></span> <span class='ocrx_word' id='word_1_219' title='bbox 609 1792 637 1845; x_wconf 91' lang='lat' dir='ltr'><strong>id</strong></span> <span class='ocrx_word' id='word_1_220' title='bbox 653 1798 696 1845; x_wconf 89' lang='lat' dir='ltr'><strong>est</strong></span> <span class='ocrx_word' id='word_1_221' title='bbox 709 1798 807 1861; x_wconf 89' lang='lat' dir='ltr'><strong>aperta</strong></span> <span class='ocrx_word' id='word_1_222' title='bbox 821 1798 852 1846; x_wconf 88' lang='lat' dir='ltr'><strong>et.</strong></span> <span class='ocrx_word' id='word_1_223' title='bbox 865 1792 940 1846; x_wconf 87' lang='lat' dir='ltr'><strong>clam</strong></span> <span class='ocrx_word' id='word_1_224' title='bbox 981 1805 1035 1858; x_wconf 87' lang='lat' dir='ltr'><strong>que</strong></span> <span class='ocrx_word' id='word_1_225' title='bbox 1048 1796 1125 1842; x_wconf 87' lang='lat' dir='ltr'><strong>terra</strong></span> <span class='ocrx_word' id='word_1_226' title='bbox 1143 1805 1242 1842; x_wconf 86' lang='lat' dir='ltr'><strong>eorum</strong></span> <span class='ocrx_word' id='word_1_227' title='bbox 1266 1789 1409 1859; x_wconf 86' lang='lat' dir='ltr'><strong>sulphuris</strong></span> <span class='ocrx_word' id='word_1_228' title='bbox 1431 1788 1553 1843; x_wconf 86' lang='lat' dir='ltr'><strong>nubibus</strong></span> <span class='ocrx_word' id='word_1_229' title='bbox 1571 1794 1683 1858; x_wconf 87' lang='lat' dir='ltr'><strong>exusta,</strong></span> <span class='ocrx_word' id='word_1_230' title='bbox 1697 1797 1729 1847; x_wconf 83' lang='lat' dir='ltr'><strong>et</strong></span> <span class='ocrx_word' id='word_1_231' title='bbox 1749 1794 1778 1847; x_wconf 93' lang='lat' dir='ltr'><strong>in</strong></span> 
     </span>
     <span class='ocr_line' id='line_1_19' title="bbox 139 1875 1778 1954; baseline -0.004 -16"><span class='ocrx_word' id='word_1_232' title='bbox 139 1885 202 1949; x_wconf 83' lang='lat' dir='ltr'><strong>luce</strong></span> <span class='ocrx_word' id='word_1_233' title='bbox 218 1883 331 1954; x_wconf 87' lang='lat' dir='ltr'><strong>ejicient</strong></span> <span class='ocrx_word' id='word_1_234' title='bbox 343 1884 372 1936; x_wconf 90' lang='lat' dir='ltr'><strong>in</strong></span> <span class='ocrx_word' id='word_1_235' title='bbox 382 1880 513 1937; x_wconf 89' lang='lat' dir='ltr'><strong>tenebras</strong></span> <span class='ocrx_word' id='word_1_236' title='bbox 532 1881 694 1944; x_wconf 82' lang='lat' dir='ltr'><strong>exteriores,</strong></span> <span class='ocrx_word' id='word_1_237' title='bbox 712 1879 825 1951; x_wconf 86' lang='lat' dir='ltr'><strong>quando</strong></span> <span class='ocrx_word' id='word_1_238' title='bbox 849 1875 938 1935; x_wconf 88' lang='lat' dir='ltr'><strong>sancti</strong></span> <span class='ocrx_word' id='word_1_239' title='bbox 980 1877 1088 1930; x_wconf 87' lang='lat' dir='ltr'><strong>cineres</strong></span> <span class='ocrx_word' id='word_1_240' title='bbox 1102 1877 1266 1947; x_wconf 83' lang='lat' dir='ltr'><strong>farillasquc</strong></span> <span class='ocrx_word' id='word_1_241' title='bbox 1280 1894 1413 1931; x_wconf 85' lang='lat' dir='ltr'><strong>conversa</strong></span> <span class='ocrx_word' id='word_1_242' title='bbox 1431 1884 1483 1944; x_wconf 83' lang='lat' dir='ltr'><strong>est,</strong></span> <span class='ocrx_word' id='word_1_243' title='bbox 1503 1879 1553 1933; x_wconf 89' lang='lat' dir='ltr'><strong>sed</strong></span> <span class='ocrx_word' id='word_1_244' title='bbox 1577 1880 1674 1935; x_wconf 84' lang='lat' dir='ltr'><strong>adhue</strong></span> <span class='ocrx_word' id='word_1_245' title='bbox 1696 1881 1778 1936; x_wconf 77' lang='lat' dir='ltr'><strong>nrbes</strong></span> 
     </span>
     <span class='ocr_line' id='line_1_20' title="bbox 140 1965 1777 2044; baseline -0.001 -18"><span class='ocrx_word' id='word_1_246' title='bbox 140 1974 251 2044; x_wconf 85' lang='lat' dir='ltr'><strong>plenam</strong></span> <span class='ocrx_word' id='word_1_247' title='bbox 267 1971 405 2041; x_wconf 86' lang='lat' dir='ltr'><strong>recipient</strong></span> <span class='ocrx_word' id='word_1_248' title='bbox 425 1970 603 2027; x_wconf 81' lang='lat' dir='ltr'><strong>charitatem.</strong></span> <span class='ocrx_word' id='word_1_249' title='bbox 615 1971 734 2029; x_wconf 80' lang='lat' dir='ltr'><strong>Acarnn,</strong></span> <span class='ocrx_word' id='word_1_250' title='bbox 751 1985 814 2038; x_wconf 84' lang='lat' dir='ltr'><strong>qmu</strong></span> <span class='ocrx_word' id='word_1_251' title='bbox 833 1968 939 2023; x_wconf 86' lang='lat' dir='ltr'><strong>dieitur</strong></span> <span class='ocrx_word' id='word_1_252' title='bbox 979 1965 1184 2032; x_wconf 87' lang='lat' dir='ltr'><strong>inhabitantur,</strong></span> <span class='ocrx_word' id='word_1_253' title='bbox 1199 1965 1264 2019; x_wconf 90' lang='lat' dir='ltr'><strong>licet</strong></span> <span class='ocrx_word' id='word_1_254' title='bbox 1286 1966 1454 2036; x_wconf 87' lang='lat' dir='ltr'><strong>permutatis</strong></span> <span class='ocrx_word' id='word_1_255' title='bbox 1479 1967 1632 2033; x_wconf 75' lang='lat' dir='ltr'><strong>vocabulis,</strong></span> <span class='ocrx_word' id='word_1_256' title='bbox 1650 1974 1681 2022; x_wconf 89' lang='lat' dir='ltr'><strong>et</strong></span> <span class='ocrx_word' id='word_1_257' title='bbox 1702 1971 1777 2040; x_wconf 80' lang='lat' dir='ltr'><strong>regio</strong></span> 
     </span>
     <span class='ocr_line' id='line_1_21' title="bbox 139 2053 1779 2129; baseline 0 -15"><span class='ocrx_word' id='word_1_258' title='bbox 139 2061 274 2116; x_wconf 84' lang='lat' dir='ltr'><strong>sterilitas</strong></span> <span class='ocrx_word' id='word_1_259' title='bbox 288 2059 332 2113; x_wconf 81' lang='lat' dir='ltr'><strong>vel</strong></span> <span class='ocrx_word' id='word_1_260' title='bbox 345 2058 509 2119; x_wconf 84' lang='lat' dir='ltr'><strong>eradicatio,</strong></span> <span class='ocrx_word' id='word_1_261' title='bbox 524 2074 572 2111; x_wconf 88' lang='lat' dir='ltr'><strong>eos</strong></span> <span class='ocrx_word' id='word_1_262' title='bbox 583 2058 674 2128; x_wconf 85' lang='lat' dir='ltr'><strong>typice</strong></span> <span class='ocrx_word' id='word_1_263' title='bbox 684 2057 865 2127; x_wconf 83' lang='lat' dir='ltr'><strong>designatqui</strong></span> <span class='ocrx_word' id='word_1_264' title='bbox 877 2056 938 2109; x_wconf 90' lang='lat' dir='ltr'><strong>nul·</strong></span> <span class='ocrx_word' id='word_1_265' title='bbox 979 2053 1125 2106; x_wconf 89' lang='lat' dir='ltr'><strong>excolitur.</strong></span> <span class='ocrx_word' id='word_1_266' title='bbox 1131 2054 1202 2123; x_wconf 82' lang='lat' dir='ltr'><strong>Ergo</strong></span> <span class='ocrx_word' id='word_1_267' title='bbox 1209 2055 1245 2107; x_wconf 81' lang='lat' dir='ltr'><strong>at</strong></span> <span class='ocrx_word' id='word_1_268' title='bbox 1255 2054 1430 2123; x_wconf 86' lang='lat' dir='ltr'><strong>spiritualem</strong></span> <span class='ocrx_word' id='word_1_269' title='bbox 1438 2071 1552 2109; x_wconf 87' lang='lat' dir='ltr'><strong>sensum</strong></span> <span class='ocrx_word' id='word_1_270' title='bbox 1560 2058 1779 2129; x_wconf 76' lang='lat' dir='ltr'><strong>confugiendum</strong></span> 
     </span>
     <span class='ocr_line' id='line_1_22' title="bbox 137 2141 1778 2217; baseline 0.001 -16"><span class='ocrx_word' id='word_1_271' title='bbox 137 2149 180 2202; x_wconf 89' lang='lat' dir='ltr'><strong>los</strong></span> <span class='ocrx_word' id='word_1_272' title='bbox 190 2147 256 2200; x_wconf 90' lang='lat' dir='ltr'><strong>boni</strong></span> <span class='ocrx_word' id='word_1_273' title='bbox 272 2146 365 2217; x_wconf 87' lang='lat' dir='ltr'><strong>operis</strong></span> <span class='ocrx_word' id='word_1_274' title='bbox 375 2145 482 2200; x_wconf 81' lang='lat' dir='ltr'><strong>tructus</strong></span> <span class='ocrx_word' id='word_1_275' title='bbox 498 2145 674 2212; x_wconf 86' lang='lat' dir='ltr'><strong>habentes,et</strong></span> <span class='ocrx_word' id='word_1_276' title='bbox 688 2147 792 2199; x_wconf 77' lang='lat' dir='ltr'><strong>niultos</strong></span> <span class='ocrx_word' id='word_1_277' title='bbox 808 2162 938 2216; x_wconf 81' lang='lat' dir='ltr'><strong>perversa</strong></span> <span class='ocrx_word' id='word_1_278' title='bbox 977 2147 1030 2194; x_wconf 89' lang='lat' dir='ltr'><strong>cst.</strong></span> <span class='ocrx_word' id='word_1_279' title='bbox 1047 2141 1129 2195; x_wconf 77' lang='lat' dir='ltr'><strong>Moab</strong></span> <span class='ocrx_word' id='word_1_280' title='bbox 1143 2148 1172 2195; x_wconf 91' lang='lat' dir='ltr'><strong>et</strong></span> <span class='ocrx_word' id='word_1_281' title='bbox 1184 2144 1275 2195; x_wconf 82' lang='lat' dir='ltr'><strong>Arnon</strong></span> <span class='ocrx_word' id='word_1_282' title='bbox 1289 2142 1339 2197; x_wconf 90' lang='lat' dir='ltr'><strong>lilii</strong></span> <span class='ocrx_word' id='word_1_283' title='bbox 1348 2143 1464 2197; x_wconf 83' lang='lat' dir='ltr'><strong>luerunt</strong></span> <span class='ocrx_word' id='word_1_284' title='bbox 1477 2145 1539 2210; x_wconf 65' lang='lat' dir='ltr'><strong>lot</strong></span> <span class='ocrx_word' id='word_1_285' title='bbox 1550 2146 1586 2199; x_wconf 86' lang='lat' dir='ltr'><strong>de</strong></span> <span class='ocrx_word' id='word_1_286' title='bbox 1600 2146 1778 2204; x_wconf 85' lang='lat' dir='ltr'><strong>incestisnu·</strong></span> 
     </span>
     <span class='ocr_line' id='line_1_23' title="bbox 138 2230 1778 2304; baseline 0.001 -15"><span class='ocrx_word' id='word_1_287' title='bbox 138 2235 266 2289; x_wconf 88' lang='lat' dir='ltr'><strong>doctrina</strong></span> <span class='ocrx_word' id='word_1_288' title='bbox 279 2234 403 2287; x_wconf 79' lang='lat' dir='ltr'><strong>avellunt</strong></span> <span class='ocrx_word' id='word_1_289' title='bbox 413 2233 447 2287; x_wconf 90' lang='lat' dir='ltr'><strong>ab</strong></span> <span class='ocrx_word' id='word_1_290' title='bbox 460 2250 555 2287; x_wconf 88' lang='lat' dir='ltr'><strong>amore</strong></span> <span class='ocrx_word' id='word_1_291' title='bbox 567 2234 628 2287; x_wconf 89' lang='lat' dir='ltr'><strong>Dei.</strong></span> <span class='ocrx_word' id='word_1_292' title='bbox 645 2234 679 2287; x_wconf 93' lang='lat' dir='ltr'><strong>Hi</strong></span> <span class='ocrx_word' id='word_1_293' title='bbox 691 2249 801 2304; x_wconf 90' lang='lat' dir='ltr'><strong>quoque</strong></span> <span class='ocrx_word' id='word_1_294' title='bbox 813 2234 936 2288; x_wconf 85' lang='lat' dir='ltr'><strong>eradica·</strong></span> <span class='ocrx_word' id='word_1_295' title='bbox 977 2230 1043 2300; x_wconf 86' lang='lat' dir='ltr'><strong>ptiis</strong></span> <span class='ocrx_word' id='word_1_296' title='bbox 1061 2230 1199 2300; x_wconf 85' lang='lat' dir='ltr'><strong>generati.</strong></span> <span class='ocrx_word' id='word_1_297' title='bbox 1219 2231 1272 2284; x_wconf 91' lang='lat' dir='ltr'><strong>Lot</strong></span> <span class='ocrx_word' id='word_1_298' title='bbox 1295 2231 1500 2302; x_wconf 81' lang='lat' dir='ltr'><strong>interpretatur</strong></span> <span class='ocrx_word' id='word_1_299' title='bbox 1526 2234 1684 2302; x_wconf 85' lang='lat' dir='ltr'><strong>declinans,</strong></span> <span class='ocrx_word' id='word_1_300' title='bbox 1699 2236 1778 2291; x_wconf 76' lang='lat' dir='ltr'><strong>Moab</strong></span> 
     </span>
     <span class='ocr_line' id='line_1_24' title="bbox 140 2321 1778 2395; baseline 0.001 -17"><span class='ocrx_word' id='word_1_301' title='bbox 140 2323 244 2378; x_wconf 87' lang='lat' dir='ltr'><strong>buntur</strong></span> <span class='ocrx_word' id='word_1_302' title='bbox 256 2324 290 2376; x_wconf 91' lang='lat' dir='ltr'><strong>de</strong></span> <span class='ocrx_word' id='word_1_303' title='bbox 304 2328 382 2376; x_wconf 89' lang='lat' dir='ltr'><strong>terra</strong></span> <span class='ocrx_word' id='word_1_304' title='bbox 395 2321 557 2375; x_wconf 81' lang='lat' dir='ltr'><strong>virentium.</strong></span> <span class='ocrx_word' id='word_1_305' title='bbox 977 2335 1010 2371; x_wconf 85' lang='lat' dir='ltr'><strong>ex</strong></span> <span class='ocrx_word' id='word_1_306' title='bbox 1024 2327 1112 2389; x_wconf 89' lang='lat' dir='ltr'><strong>patre,</strong></span> <span class='ocrx_word' id='word_1_307' title='bbox 1132 2322 1223 2374; x_wconf 82' lang='lat' dir='ltr'><strong>Arnon</strong></span> <span class='ocrx_word' id='word_1_308' title='bbox 1234 2321 1355 2391; x_wconf 87' lang='lat' dir='ltr'><strong>populus</strong></span> <span class='ocrx_word' id='word_1_309' title='bbox 1370 2338 1459 2375; x_wconf 73' lang='lat' dir='ltr'><strong>nicus,</strong></span> <span class='ocrx_word' id='word_1_310' title='bbox 1473 2321 1529 2377; x_wconf 90' lang='lat' dir='ltr'><strong>Per</strong></span> <span class='ocrx_word' id='word_1_311' title='bbox 1546 2324 1599 2378; x_wconf 86' lang='lat' dir='ltr'><strong>hos</strong></span> <span class='ocrx_word' id='word_1_312' title='bbox 1613 2341 1682 2395; x_wconf 79' lang='lat' dir='ltr'><strong>ergo</strong></span> <span class='ocrx_word' id='word_1_313' title='bbox 1704 2326 1778 2380; x_wconf 88' lang='lat' dir='ltr'><strong>desi·</strong></span> 
     </span>
     <span class='ocr_line' id='line_1_25' title="bbox 175 2409 1779 2485; baseline 0.004 -19"><span class='ocrx_word' id='word_1_314' title='bbox 175 2413 248 2469; x_wconf 79' lang='lat' dir='ltr'><strong>«la</strong></span> <span class='ocrx_word' id='word_1_315' title='bbox 261 2411 310 2482; x_wconf 87' lang='lat' dir='ltr'><strong>qui</strong></span> <span class='ocrx_word' id='word_1_316' title='bbox 326 2410 459 2465; x_wconf 82' lang='lat' dir='ltr'><strong>habitatis</strong></span> <span class='ocrx_word' id='word_1_317' title='bbox 472 2410 627 2465; x_wconf 82' lang='lat' dir='ltr'><strong>funiculum</strong></span> <span class='ocrx_word' id='word_1_318' title='bbox 643 2411 738 2475; x_wconf 82' lang='lat' dir='ltr'><strong>maris,</strong></span> <span class='ocrx_word' id='word_1_319' title='bbox 750 2428 820 2481; x_wconf 85' lang='lat' dir='ltr'><strong>gens</strong></span> <span class='ocrx_word' id='word_1_320' title='bbox 844 2414 934 2483; x_wconf 79' lang='lat' dir='ltr'><strong>perdi·</strong></span> <span class='ocrx_word' id='word_1_321' title='bbox 976 2415 1100 2477; x_wconf 70' lang='lat' dir='ltr'><strong>artantur</strong></span> <span class='ocrx_word' id='word_1_322' title='bbox 1115 2409 1247 2471; x_wconf 75' lang='lat' dir='ltr'><strong>americi,</strong></span> <span class='ocrx_word' id='word_1_323' title='bbox 1257 2416 1285 2463; x_wconf 83' lang='lat' dir='ltr'><strong>et</strong></span> <span class='ocrx_word' id='word_1_324' title='bbox 1299 2427 1397 2464; x_wconf 74' lang='lat' dir='ltr'><strong>oroma</strong></span> <span class='ocrx_word' id='word_1_325' title='bbox 1410 2411 1490 2481; x_wconf 83' lang='lat' dir='ltr'><strong>gravi</strong></span> <span class='ocrx_word' id='word_1_326' title='bbox 1499 2413 1642 2484; x_wconf 74' lang='lat' dir='ltr'><strong>dogmatis</strong></span> <span class='ocrx_word' id='word_1_327' title='bbox 1655 2420 1779 2485; x_wconf 77' lang='lat' dir='ltr'><strong>reperto</strong></span> 
     </span>
     <span class='ocr_line' id='line_1_26' title="bbox 136 2499 1778 2569; baseline 0.001 -12"><span class='ocrx_word' id='word_1_328' title='bbox 136 2509 229 2557; x_wconf 86' lang='lat' dir='ltr'><strong>torum</strong></span> <span class='ocrx_word' id='word_1_329' title='bbox 258 2520 271 2555; x_wconf 77' lang='lat' dir='ltr'><strong>a</strong></span> <span class='ocrx_word' id='word_1_330' title='bbox 287 2500 415 2564; x_wconf 90' lang='lat' dir='ltr'><strong>Quatuor</strong></span> <span class='ocrx_word' id='word_1_331' title='bbox 433 2499 667 2569; x_wconf 85' lang='lat' dir='ltr'><strong>magnisnrbibas</strong></span> <span class='ocrx_word' id='word_1_332' title='bbox 679 2501 833 2555; x_wconf 68' lang='lat' dir='ltr'><strong>Palestinae</strong></span> <span class='ocrx_word' id='word_1_333' title='bbox 844 2502 935 2555; x_wconf 85' lang='lat' dir='ltr'><strong>nomi·</strong></span> <span class='ocrx_word' id='word_1_334' title='bbox 977 2514 1031 2556; x_wconf 89' lang='lat' dir='ltr'><strong>res,</strong></span> <span class='ocrx_word' id='word_1_335' title='bbox 1042 2499 1088 2568; x_wconf 92' lang='lat' dir='ltr'><strong>qui</strong></span> <span class='ocrx_word' id='word_1_336' title='bbox 1099 2499 1272 2553; x_wconf 85' lang='lat' dir='ltr'><strong>declinantes</strong></span> <span class='ocrx_word' id='word_1_337' title='bbox 1283 2516 1371 2554; x_wconf 87' lang='lat' dir='ltr'><strong>arere</strong></span> <span class='ocrx_word' id='word_1_338' title='bbox 1381 2501 1464 2555; x_wconf 87' lang='lat' dir='ltr'><strong>Patre</strong></span> <span class='ocrx_word' id='word_1_339' title='bbox 1479 2500 1546 2568; x_wconf 87' lang='lat' dir='ltr'><strong>Deo,</strong></span> <span class='ocrx_word' id='word_1_340' title='bbox 1561 2502 1628 2556; x_wconf 80' lang='lat' dir='ltr'><strong>facti</strong></span> <span class='ocrx_word' id='word_1_341' title='bbox 1639 2510 1708 2557; x_wconf 87' lang='lat' dir='ltr'><strong>sunt</strong></span> <span class='ocrx_word' id='word_1_342' title='bbox 1728 2502 1778 2559; x_wconf 89' lang='lat' dir='ltr'><strong>lilii</strong></span> 
     </span>
     <span class='ocr_line' id='line_1_27' title="bbox 134 2586 1778 2662; baseline 0.002 -19"><span class='ocrx_word' id='word_1_343' title='bbox 134 2589 219 2653; x_wconf 76' lang='lat' dir='ltr'><strong>natis,</strong></span> <span class='ocrx_word' id='word_1_344' title='bbox 232 2605 307 2650; x_wconf 78' lang='lat' dir='ltr'><strong>auno</strong></span> <span class='ocrx_word' id='word_1_345' title='bbox 323 2588 359 2642; x_wconf 88' lang='lat' dir='ltr'><strong>ad</strong></span> <span class='ocrx_word' id='word_1_346' title='bbox 373 2592 461 2641; x_wconf 84' lang='lat' dir='ltr'><strong>totam</strong></span> <span class='ocrx_word' id='word_1_347' title='bbox 473 2587 643 2657; x_wconf 84' lang='lat' dir='ltr'><strong>provinciam</strong></span> <span class='ocrx_word' id='word_1_348' title='bbox 654 2589 834 2657; x_wconf 86' lang='lat' dir='ltr'><strong>propheticus</strong></span> <span class='ocrx_word' id='word_1_349' title='bbox 845 2604 936 2642; x_wconf 88' lang='lat' dir='ltr'><strong>sermo</strong></span> <span class='ocrx_word' id='word_1_350' title='bbox 977 2586 1091 2650; x_wconf 85' lang='lat' dir='ltr'><strong>diaboli,</strong></span> <span class='ocrx_word' id='word_1_351' title='bbox 1109 2596 1137 2640; x_wconf 91' lang='lat' dir='ltr'><strong>et</strong></span> <span class='ocrx_word' id='word_1_352' title='bbox 1146 2588 1266 2641; x_wconf 86' lang='lat' dir='ltr'><strong>audiunt</strong></span> <span class='ocrx_word' id='word_1_353' title='bbox 1279 2589 1421 2642; x_wconf 88' lang='lat' dir='ltr'><strong>ullomino</strong></span> <span class='ocrx_word' id='word_1_354' title='bbox 1431 2608 1438 2644; x_wconf 89' lang='lat'>:</span> <span class='ocrx_word' id='word_1_355' title='bbox 1447 2607 1460 2641; x_wconf 81' lang='lat' dir='ltr'><strong>a</strong></span> <span class='ocrx_word' id='word_1_356' title='bbox 1470 2590 1525 2643; x_wconf 84' lang='lat' dir='ltr'><strong>Vos</strong></span> <span class='ocrx_word' id='word_1_357' title='bbox 1539 2606 1571 2644; x_wconf 91' lang='lat' dir='ltr'><strong>ex</strong></span> <span class='ocrx_word' id='word_1_358' title='bbox 1580 2591 1778 2662; x_wconf 86' lang='lat' dir='ltr'><strong>patrediabolo</strong></span> 
     </span>
     <span class='ocr_line' id='line_1_28' title="bbox 136 2676 1777 2749; baseline 0.001 -16"><span class='ocrx_word' id='word_1_359' title='bbox 136 2678 277 2749; x_wconf 81' lang='lat' dir='ltr'><strong>dirigitur,</strong></span> <span class='ocrx_word' id='word_1_360' title='bbox 294 2683 322 2731; x_wconf 88' lang='lat' dir='ltr'><strong>et</strong></span> <span class='ocrx_word' id='word_1_361' title='bbox 336 2676 498 2748; x_wconf 73' lang='lat' dir='ltr'><strong>praedicitur</strong></span> <span class='ocrx_word' id='word_1_362' title='bbox 512 2676 587 2746; x_wconf 92' lang='lat' dir='ltr'><strong>quod</strong></span> <span class='ocrx_word' id='word_1_363' title='bbox 601 2684 630 2730; x_wconf 88' lang='lat' dir='ltr'><strong>et</strong></span> <span class='ocrx_word' id='word_1_364' title='bbox 639 2677 692 2747; x_wconf 84' lang='lat' dir='ltr'><strong>ipsi</strong></span> <span class='ocrx_word' id='word_1_365' title='bbox 707 2677 754 2747; x_wconf 89' lang='lat' dir='ltr'><strong>qui</strong></span> <span class='ocrx_word' id='word_1_366' title='bbox 767 2678 936 2746; x_wconf 77' lang='lat' dir='ltr'><strong>juxtamare</strong></span> <span class='ocrx_word' id='word_1_367' title='bbox 977 2676 1055 2738; x_wconf 77' lang='lat' dir='ltr'><strong>estis,</strong></span> <span class='ocrx_word' id='word_1_368' title='bbox 1070 2695 1081 2726; x_wconf 82' lang='lat' dir='ltr'><strong>s</strong></span> <span class='ocrx_word' id='word_1_369' title='bbox 1099 2684 1127 2729; x_wconf 89' lang='lat' dir='ltr'><strong>ot</strong></span> <span class='ocrx_word' id='word_1_370' title='bbox 1146 2692 1196 2729; x_wconf 90' lang='lat' dir='ltr'><strong>nec</strong></span> <span class='ocrx_word' id='word_1_371' title='bbox 1207 2679 1266 2747; x_wconf 88' lang='lat' dir='ltr'><strong>jam</strong></span> <span class='ocrx_word' id='word_1_372' title='bbox 1282 2678 1402 2747; x_wconf 87' lang='lat' dir='ltr'><strong>populas</strong></span> <span class='ocrx_word' id='word_1_373' title='bbox 1416 2684 1484 2732; x_wconf 91' lang='lat' dir='ltr'><strong>sunt</strong></span> <span class='ocrx_word' id='word_1_374' title='bbox 1499 2679 1558 2744; x_wconf 85' lang='lat' dir='ltr'><strong>Dei,</strong></span> <span class='ocrx_word' id='word_1_375' title='bbox 1575 2680 1636 2733; x_wconf 87' lang='lat' dir='ltr'><strong>nati</strong></span> <span class='ocrx_word' id='word_1_376' title='bbox 1651 2680 1681 2734; x_wconf 92' lang='lat' dir='ltr'><strong>in</strong></span> <span class='ocrx_word' id='word_1_377' title='bbox 1699 2686 1777 2735; x_wconf 85' lang='lat' dir='ltr'><strong>tene·</strong></span> 
     </span>
     <span class='ocr_line' id='line_1_29' title="bbox 137 2763 1778 2843; baseline 0.002 -22"><span class='ocrx_word' id='word_1_378' title='bbox 137 2766 304 2827; x_wconf 85' lang='lat' dir='ltr'><strong>habitabant</strong></span> <span class='ocrx_word' id='word_1_379' title='bbox 318 2764 448 2819; x_wconf 69' lang='lat' dir='ltr'><strong>vastandi</strong></span> <span class='ocrx_word' id='word_1_380' title='bbox 459 2765 526 2817; x_wconf 91' lang='lat' dir='ltr'><strong>siut.</strong></span> <span class='ocrx_word' id='word_1_381' title='bbox 542 2763 615 2827; x_wconf 84' lang='lat' dir='ltr'><strong>Quid</strong></span> <span class='ocrx_word' id='word_1_382' title='bbox 631 2766 838 2834; x_wconf 82' lang='lat' dir='ltr'><strong>verosequitur.</strong></span> <span class='ocrx_word' id='word_1_383' title='bbox 851 2765 937 2819; x_wconf 76' lang='lat' dir='ltr'><strong>«ller-</strong></span> <span class='ocrx_word' id='word_1_384' title='bbox 977 2763 1061 2843; x_wconf 85' lang='lat' dir='ltr'><strong>brosa</strong></span> <span class='ocrx_word' id='word_1_385' title='bbox 1073 2766 1214 2834; x_wconf 85' lang='lat' dir='ltr'><strong>spelunca.</strong></span> <span class='ocrx_word' id='word_1_386' title='bbox 1234 2766 1270 2819; x_wconf 90' lang='lat' dir='ltr'><strong>Hi</strong></span> <span class='ocrx_word' id='word_1_387' title='bbox 1284 2783 1351 2836; x_wconf 83' lang='lat' dir='ltr'><strong>ergo</strong></span> <span class='ocrx_word' id='word_1_388' title='bbox 1366 2766 1505 2821; x_wconf 87' lang='lat' dir='ltr'><strong>insultant</strong></span> <span class='ocrx_word' id='word_1_389' title='bbox 1525 2767 1702 2838; x_wconf 82' lang='lat' dir='ltr'><strong>simplicitati</strong></span> <span class='ocrx_word' id='word_1_390' title='bbox 1731 2770 1778 2824; x_wconf 80' lang='lat' dir='ltr'><strong>Ec·</strong></span> 
     </span>
     <span class='ocr_line' id='line_1_30' title="bbox 136 2852 1777 2927; baseline 0.002 -18"><span class='ocrx_word' id='word_1_391' title='bbox 136 2852 934 2923; x_wconf 81' lang='lat' dir='ltr'><strong>bumllominisupervos,Char;aan,terraPhilistinorum‚</strong></span> <span class='ocrx_word' id='word_1_392' title='bbox 977 2853 1078 2916; x_wconf 77' lang='lat' dir='ltr'><strong>clesim,</strong></span> <span class='ocrx_word' id='word_1_393' title='bbox 1094 2859 1123 2907; x_wconf 91' lang='lat' dir='ltr'><strong>et</strong></span> <span class='ocrx_word' id='word_1_394' title='bbox 1138 2855 1320 2923; x_wconf 82' lang='lat' dir='ltr'><strong>magnificant</strong></span> <span class='ocrx_word' id='word_1_395' title='bbox 1343 2872 1374 2909; x_wconf 89' lang='lat' dir='ltr'><strong>se</strong></span> <span class='ocrx_word' id='word_1_396' title='bbox 1396 2872 1481 2925; x_wconf 85' lang='lat' dir='ltr'><strong>super</strong></span> <span class='ocrx_word' id='word_1_397' title='bbox 1495 2856 1631 2910; x_wconf 82' lang='lat' dir='ltr'><strong>terminos</strong></span> <span class='ocrx_word' id='word_1_398' title='bbox 1646 2859 1720 2927; x_wconf 73' lang='lat' dir='ltr'><strong>eius,</strong></span> <span class='ocrx_word' id='word_1_399' title='bbox 1739 2859 1777 2912; x_wconf 77' lang='lat' dir='ltr'><strong>ta·</strong></span> 
     </span>
     <span class='ocr_line' id='line_1_31' title="bbox 136 2940 1777 3014; baseline 0.002 -16"><span class='ocrx_word' id='word_1_400' title='bbox 136 2949 165 3001; x_wconf 86' lang='lat' dir='ltr'><strong>et</strong></span> <span class='ocrx_word' id='word_1_401' title='bbox 177 2943 337 3013; x_wconf 87' lang='lat' dir='ltr'><strong>disperdam</strong></span> <span class='ocrx_word' id='word_1_402' title='bbox 352 2947 380 2995; x_wconf 88' lang='lat' dir='ltr'><strong>te</strong></span> <span class='ocrx_word' id='word_1_403' title='bbox 391 2942 441 3008; x_wconf 91' lang='lat' dir='ltr'><strong>ita,</strong></span> <span class='ocrx_word' id='word_1_404' title='bbox 457 2947 551 2995; x_wconf 88' lang='lat' dir='ltr'><strong>utnon</strong></span> <span class='ocrx_word' id='word_1_405' title='bbox 560 2941 598 2994; x_wconf 90' lang='lat' dir='ltr'><strong>sit</strong></span> <span class='ocrx_word' id='word_1_406' title='bbox 608 2940 806 3003; x_wconf 80' lang='lat' dir='ltr'><strong>inhabitator.»</strong></span> <span class='ocrx_word' id='word_1_407' title='bbox 814 2942 937 2995; x_wconf 90' lang='lat' dir='ltr'><strong>ostemlit</strong></span> <span class='ocrx_word' id='word_1_408' title='bbox 977 2942 1083 2995; x_wconf 73' lang='lat' dir='ltr'><strong>cientes</strong></span> <span class='ocrx_word' id='word_1_409' title='bbox 1098 2950 1198 2997; x_wconf 87' lang='lat' dir='ltr'><strong>contra</strong></span> <span class='ocrx_word' id='word_1_410' title='bbox 1213 2944 1265 2996; x_wconf 90' lang='lat' dir='ltr'><strong>hoc</strong></span> <span class='ocrx_word' id='word_1_411' title='bbox 1276 2944 1349 3014; x_wconf 87' lang='lat' dir='ltr'><strong>quod</strong></span> <span class='ocrx_word' id='word_1_412' title='bbox 1359 2944 1491 2997; x_wconf 86' lang='lat' dir='ltr'><strong>Salomon</strong></span> <span class='ocrx_word' id='word_1_413' title='bbox 1506 2944 1591 2999; x_wconf 89' lang='lat' dir='ltr'><strong>dicit:</strong></span> <span class='ocrx_word' id='word_1_414' title='bbox 1605 2966 1617 2996; x_wconf 82' lang='lat' dir='ltr'><strong>s</strong></span> <span class='ocrx_word' id='word_1_415' title='bbox 1632 2946 1676 3000; x_wconf 85' lang='lat' dir='ltr'><strong>Ne</strong></span> <span class='ocrx_word' id='word_1_416' title='bbox 1687 2953 1777 3001; x_wconf 83' lang='lat' dir='ltr'><strong>trans·</strong></span> 
     </span>
     <span class='ocr_line' id='line_1_32' title="bbox 135 3029 1776 3104; baseline 0.001 -18"><span class='ocrx_word' id='word_1_417' title='bbox 135 3029 936 3101; x_wconf 75' lang='lat' dir='ltr'><strong>Philiathaeoscheuanaeoscsse,minaturqueeisprophe·</strong></span> <span class='ocrx_word' id='word_1_418' title='bbox 975 3031 1113 3099; x_wconf 80' lang='lat' dir='ltr'><strong>gradiaris</strong></span> <span class='ocrx_word' id='word_1_419' title='bbox 1138 3031 1275 3085; x_wconf 87' lang='lat' dir='ltr'><strong>terminos</strong></span> <span class='ocrx_word' id='word_1_420' title='bbox 1305 3048 1375 3102; x_wconf 91' lang='lat' dir='ltr'><strong>quos</strong></span> <span class='ocrx_word' id='word_1_421' title='bbox 1398 3038 1553 3103; x_wconf 86' lang='lat' dir='ltr'><strong>posuerunt</strong></span> <span class='ocrx_word' id='word_1_422' title='bbox 1574 3039 1670 3104; x_wconf 69' lang='lat' dir='ltr'><strong>rastros</strong></span> <span class='ocrx_word' id='word_1_423' title='bbox 1693 3036 1776 3091; x_wconf 74' lang='lat' dir='ltr'><strong>tui.»</strong></span> 
     </span>
     <span class='ocr_line' id='line_1_33' title="bbox 136 3118 1778 3197; baseline 0.005 -25"><span class='ocrx_word' id='word_1_424' title='bbox 136 3118 251 3188; x_wconf 87' lang='lat' dir='ltr'><strong>taquod</strong></span> <span class='ocrx_word' id='word_1_425' title='bbox 265 3119 420 3175; x_wconf 86' lang='lat' dir='ltr'><strong>adtantam</strong></span> <span class='ocrx_word' id='word_1_426' title='bbox 436 3118 545 3172; x_wconf 82' lang='lat' dir='ltr'><strong>venturi</strong></span> <span class='ocrx_word' id='word_1_427' title='bbox 560 3118 617 3171; x_wconf 89' lang='lat' dir='ltr'><strong>sint</strong></span> <span class='ocrx_word' id='word_1_428' title='bbox 629 3118 933 3182; x_wconf 84' lang='lat' dir='ltr'><strong>vastitatem,uturbes</strong></span> <span class='ocrx_word' id='word_1_429' title='bbox 978 3120 1105 3190; x_wconf 84' lang='lat' dir='ltr'><strong>Hisergo</strong></span> <span class='ocrx_word' id='word_1_430' title='bbox 1118 3119 1171 3174; x_wconf 87' lang='lat' dir='ltr'><strong>sub</strong></span> <span class='ocrx_word' id='word_1_431' title='bbox 1185 3122 1306 3190; x_wconf 68' lang='lat' dir='ltr'><strong>quartam</strong></span> <span class='ocrx_word' id='word_1_432' title='bbox 1321 3123 1526 3177; x_wconf 81' lang='lat' dir='ltr'><strong>contestatione</strong></span> <span class='ocrx_word' id='word_1_433' title='bbox 1554 3125 1778 3197; x_wconf 86' lang='lat' dir='ltr'><strong>minatur‚quod</strong></span> 
     </span>
     <span class='ocr_line' id='line_1_34' title="bbox 136 3206 1780 3284; baseline 0.004 -21"><span class='ocrx_word' id='word_1_434' title='bbox 136 3206 376 3267; x_wconf 76' lang='lat' dir='ltr'><strong>munitissimam</strong></span> <span class='ocrx_word' id='word_1_435' title='bbox 391 3206 473 3261; x_wconf 81' lang='lat' dir='ltr'><strong>osilia</strong></span> <span class='ocrx_word' id='word_1_436' title='bbox 488 3212 632 3276; x_wconf 82' lang='lat' dir='ltr'><strong>pastorum</strong></span> <span class='ocrx_word' id='word_1_437' title='bbox 646 3212 804 3263; x_wconf 79' lang='lat' dir='ltr'><strong>vertantur:</strong></span> <span class='ocrx_word' id='word_1_438' title='bbox 977 3209 1052 3263; x_wconf 87' lang='lat' dir='ltr'><strong>sicut</strong></span> <span class='ocrx_word' id='word_1_439' title='bbox 1065 3210 1120 3264; x_wconf 79' lang='lat' dir='ltr'><strong>illae</strong></span> <span class='ocrx_word' id='word_1_440' title='bbox 1135 3210 1262 3264; x_wconf 86' lang='lat' dir='ltr'><strong>civitates</strong></span> <span class='ocrx_word' id='word_1_441' title='bbox 1285 3210 1424 3265; x_wconf 86' lang='lat' dir='ltr'><strong>subrersm</strong></span> <span class='ocrx_word' id='word_1_442' title='bbox 1447 3218 1513 3265; x_wconf 90' lang='lat' dir='ltr'><strong>sunt</strong></span> <span class='ocrx_word' id='word_1_443' title='bbox 1527 3214 1724 3284; x_wconf 80' lang='lat' dir='ltr'><strong>corporaliter,</strong></span> <span class='ocrx_word' id='word_1_444' title='bbox 1738 3214 1780 3269; x_wconf 84' lang='lat' dir='ltr'><strong>sie</strong></span> 
     </span>
     <span class='ocr_line' id='line_1_35' title="bbox 171 3292 1778 3373; baseline 0.006 -26"><span class='ocrx_word' id='word_1_445' title='bbox 171 3294 233 3349; x_wconf 79' lang='lat' dir='ltr'><strong>«Et</strong></span> <span class='ocrx_word' id='word_1_446' title='bbox 247 3292 454 3349; x_wconf 83' lang='lat' dir='ltr'><strong>eritluuiculas</strong></span> <span class='ocrx_word' id='word_1_447' title='bbox 479 3293 566 3346; x_wconf 89' lang='lat' dir='ltr'><strong>maris</strong></span> <span class='ocrx_word' id='word_1_448' title='bbox 591 3293 704 3363; x_wconf 86' lang='lat' dir='ltr'><strong>requies</strong></span> <span class='ocrx_word' id='word_1_449' title='bbox 730 3301 875 3364; x_wconf 86' lang='lat' dir='ltr'><strong>pastorum</strong></span> <span class='ocrx_word' id='word_1_450' title='bbox 905 3302 934 3348; x_wconf 87' lang='lat' dir='ltr'><strong>et</strong></span> <span class='ocrx_word' id='word_1_451' title='bbox 978 3297 1023 3352; x_wconf 84' lang='lat' dir='ltr'><strong>isti</strong></span> <span class='ocrx_word' id='word_1_452' title='bbox 1039 3304 1106 3352; x_wconf 90' lang='lat' dir='ltr'><strong>sunt</strong></span> <span class='ocrx_word' id='word_1_453' title='bbox 1120 3298 1297 3352; x_wconf 81' lang='lat' dir='ltr'><strong>subvertendi</strong></span> <span class='ocrx_word' id='word_1_454' title='bbox 1313 3304 1419 3353; x_wconf 87' lang='lat' dir='ltr'><strong>aeterna</strong></span> <span class='ocrx_word' id='word_1_455' title='bbox 1440 3300 1632 3366; x_wconf 86' lang='lat' dir='ltr'><strong>damnatione,</strong></span> <span class='ocrx_word' id='word_1_456' title='bbox 1649 3302 1778 3373; x_wconf 73' lang='lat' dir='ltr'><strong>etignis,</strong></span> 
     </span>
     <span class='ocr_line' id='line_1_36' title="bbox 135 3381 1781 3458; baseline 0.003 -20"><span class='ocrx_word' id='word_1_457' title='bbox 135 3383 222 3453; x_wconf 76' lang='lat' dir='ltr'><strong>caulae</strong></span> <span class='ocrx_word' id='word_1_458' title='bbox 236 3398 378 3454; x_wconf 84' lang='lat' dir='ltr'><strong>pecorum,</strong></span> <span class='ocrx_word' id='word_1_459' title='bbox 394 3389 422 3437; x_wconf 91' lang='lat' dir='ltr'><strong>et</strong></span> <span class='ocrx_word' id='word_1_460' title='bbox 434 3382 488 3435; x_wconf 89' lang='lat' dir='ltr'><strong>erit</strong></span> <span class='ocrx_word' id='word_1_461' title='bbox 502 3381 645 3435; x_wconf 72' lang='lat' dir='ltr'><strong>funiculus</strong></span> <span class='ocrx_word' id='word_1_462' title='bbox 657 3383 777 3451; x_wconf 75' lang='lat' dir='ltr'><strong>eiusqui</strong></span> <span class='ocrx_word' id='word_1_463' title='bbox 791 3399 936 3437; x_wconf 84' lang='lat' dir='ltr'><strong>remanse-</strong></span> <span class='ocrx_word' id='word_1_464' title='bbox 978 3386 1107 3454; x_wconf 86' lang='lat' dir='ltr'><strong>sulphur,</strong></span> <span class='ocrx_word' id='word_1_465' title='bbox 1123 3403 1155 3440; x_wconf 89' lang='lat' dir='ltr'><strong>ac</strong></span> <span class='ocrx_word' id='word_1_466' title='bbox 1181 3387 1297 3457; x_wconf 83' lang='lat' dir='ltr'><strong>spiritus</strong></span> <span class='ocrx_word' id='word_1_467' title='bbox 1318 3386 1515 3456; x_wconf 83' lang='lat' dir='ltr'><strong>procellarnm,</strong></span> <span class='ocrx_word' id='word_1_468' title='bbox 1527 3388 1566 3442; x_wconf 88' lang='lat' dir='ltr'><strong>sit</strong></span> <span class='ocrx_word' id='word_1_469' title='bbox 1591 3404 1658 3458; x_wconf 79' lang='lat' dir='ltr'><strong>pars</strong></span> <span class='ocrx_word' id='word_1_470' title='bbox 1685 3388 1781 3445; x_wconf 81' lang='lat' dir='ltr'><strong>calicis</strong></span> 
     </span>
     <span class='ocr_line' id='line_1_37' title="bbox 134 3470 1782 3546; baseline 0.005 -20"><span class='ocrx_word' id='word_1_471' title='bbox 134 3472 195 3529; x_wconf 91' lang='lat' dir='ltr'><strong>rint</strong></span> <span class='ocrx_word' id='word_1_472' title='bbox 203 3472 238 3527; x_wconf 85' lang='lat' dir='ltr'><strong>de</strong></span> <span class='ocrx_word' id='word_1_473' title='bbox 251 3471 335 3527; x_wconf 88' lang='lat' dir='ltr'><strong>domo</strong></span> <span class='ocrx_word' id='word_1_474' title='bbox 348 3472 363 3527; x_wconf 86' lang='lat' dir='ltr'>J</span> <span class='ocrx_word' id='word_1_475' title='bbox 368 3471 432 3535; x_wconf 91' lang='lat' dir='ltr'><strong>uda,</strong></span> <span class='ocrx_word' id='word_1_476' title='bbox 449 3490 462 3521; x_wconf 81' lang='lat' dir='ltr'><strong>o</strong></span> <span class='ocrx_word' id='word_1_477' title='bbox 479 3470 699 3525; x_wconf 85' lang='lat' dir='ltr'><strong>idestChanaan</strong></span> <span class='ocrx_word' id='word_1_478' title='bbox 714 3471 756 3524; x_wconf 88' lang='lat' dir='ltr'><strong>rel</strong></span> <span class='ocrx_word' id='word_1_479' title='bbox 769 3470 937 3525; x_wconf 73' lang='lat' dir='ltr'><strong>philisthiim</strong></span> <span class='ocrx_word' id='word_1_480' title='bbox 979 3491 1086 3527; x_wconf 88' lang='lat' dir='ltr'><strong>eorum.</strong></span> <span class='ocrx_word' id='word_1_481' title='bbox 1102 3474 1219 3528; x_wconf 87' lang='lat' dir='ltr'><strong>Siccitas</strong></span> <span class='ocrx_word' id='word_1_482' title='bbox 1234 3475 1378 3546; x_wconf 84' lang='lat' dir='ltr'><strong>spinarum</strong></span> <span class='ocrx_word' id='word_1_483' title='bbox 1392 3482 1420 3530; x_wconf 86' lang='lat' dir='ltr'><strong>et</strong></span> <span class='ocrx_word' id='word_1_484' title='bbox 1438 3476 1529 3530; x_wconf 79' lang='lat' dir='ltr'><strong>acervi</strong></span> <span class='ocrx_word' id='word_1_485' title='bbox 1542 3476 1617 3542; x_wconf 87' lang='lat' dir='ltr'><strong>salis,</strong></span> <span class='ocrx_word' id='word_1_486' title='bbox 1634 3482 1665 3533; x_wconf 88' lang='lat' dir='ltr'><strong>et</strong></span> <span class='ocrx_word' id='word_1_487' title='bbox 1687 3478 1782 3534; x_wconf 68' lang='lat' dir='ltr'><strong>desen</strong></span> 
     </span>
     <span class='ocr_line' id='line_1_38' title="bbox 138 3558 1782 3633; baseline 0.005 -20"><span class='ocrx_word' id='word_1_488' title='bbox 138 3561 207 3617; x_wconf 83' lang='lat' dir='ltr'><strong>albi</strong></span> <span class='ocrx_word' id='word_1_489' title='bbox 221 3567 371 3632; x_wconf 83' lang='lat' dir='ltr'><strong>pascentur</strong></span> <span class='ocrx_word' id='word_1_490' title='bbox 385 3559 415 3612; x_wconf 91' lang='lat' dir='ltr'><strong>in</strong></span> <span class='ocrx_word' id='word_1_491' title='bbox 433 3558 561 3613; x_wconf 88' lang='lat' dir='ltr'><strong>domibus</strong></span> <span class='ocrx_word' id='word_1_492' title='bbox 574 3558 729 3623; x_wconf 72' lang='lat' dir='ltr'><strong>ascalonis,</strong></span> <span class='ocrx_word' id='word_1_493' title='bbox 746 3558 781 3611; x_wconf 88' lang='lat' dir='ltr'><strong>ad</strong></span> <span class='ocrx_word' id='word_1_494' title='bbox 792 3576 936 3630; x_wconf 81' lang='lat' dir='ltr'><strong>vesperam</strong></span> <span class='ocrx_word' id='word_1_495' title='bbox 977 3568 1037 3615; x_wconf 89' lang='lat' dir='ltr'><strong>tum</strong></span> <span class='ocrx_word' id='word_1_496' title='bbox 1053 3564 1184 3633; x_wconf 87' lang='lat' dir='ltr'><strong>usquein</strong></span> <span class='ocrx_word' id='word_1_497' title='bbox 1198 3573 1376 3618; x_wconf 67' lang='lat' dir='ltr'><strong>aetornum.»</strong></span> <span class='ocrx_word' id='word_1_498' title='bbox 1408 3565 1494 3620; x_wconf 82' lang='lat' dir='ltr'><strong>Recte</strong></span> <span class='ocrx_word' id='word_1_499' title='bbox 1517 3565 1641 3620; x_wconf 79' lang='lat' dir='ltr'><strong>haretici</strong></span> <span class='ocrx_word' id='word_1_500' title='bbox 1667 3567 1782 3622; x_wconf 83' lang='lat' dir='ltr'><strong>siccitas</strong></span> 
     </span>
     <span class='ocr_line' id='line_1_39' title="bbox 136 3647 1781 3725; baseline 0.005 -23"><span class='ocrx_word' id='word_1_501' title='bbox 136 3649 321 3721; x_wconf 87' lang='lat' dir='ltr'><strong>requiescent.</strong></span> <span class='ocrx_word' id='word_1_502' title='bbox 341 3668 354 3701; x_wconf 81' lang='lat' dir='ltr'><strong>r</strong></span> <span class='ocrx_word' id='word_1_503' title='bbox 383 3648 511 3717; x_wconf 75' lang='lat' dir='ltr'><strong>Cumque</strong></span> <span class='ocrx_word' id='word_1_504' title='bbox 536 3647 586 3702; x_wconf 83' lang='lat' dir='ltr'><strong>filii</strong></span> <span class='ocrx_word' id='word_1_505' title='bbox 609 3647 682 3701; x_wconf 89' lang='lat' dir='ltr'><strong>luda</strong></span> <span class='ocrx_word' id='word_1_506' title='bbox 706 3647 810 3701; x_wconf 87' lang='lat' dir='ltr'><strong>rerersi</strong></span> <span class='ocrx_word' id='word_1_507' title='bbox 832 3647 938 3702; x_wconf 78' lang='lat' dir='ltr'><strong>fuerint</strong></span> <span class='ocrx_word' id='word_1_508' title='bbox 978 3652 1123 3721; x_wconf 85' lang='lat' dir='ltr'><strong>spinarum</strong></span> <span class='ocrx_word' id='word_1_509' title='bbox 1138 3658 1282 3717; x_wconf 79' lang='lat' dir='ltr'><strong>vocantur,</strong></span> <span class='ocrx_word' id='word_1_510' title='bbox 1295 3652 1363 3722; x_wconf 90' lang='lat' dir='ltr'><strong>quia</strong></span> <span class='ocrx_word' id='word_1_511' title='bbox 1376 3654 1552 3725; x_wconf 75' lang='lat' dir='ltr'><strong>velutspinae</strong></span> <span class='ocrx_word' id='word_1_512' title='bbox 1566 3655 1781 3711; x_wconf 82' lang='lat' dir='ltr'><strong>lacerantsem·</strong></span> 
     </span>
     <span class='ocr_line' id='line_1_40' title="bbox 136 3735 1784 3816; baseline 0.006 -25"><span class='ocrx_word' id='word_1_513' title='bbox 136 3737 343 3809; x_wconf 81' lang='lat' dir='ltr'><strong>deesptiritale</strong></span> <span class='ocrx_word' id='word_1_514' title='bbox 355 3736 409 3791; x_wconf 88' lang='lat' dir='ltr'><strong>sub</strong></span> <span class='ocrx_word' id='word_1_515' title='bbox 422 3735 576 3791; x_wconf 88' lang='lat' dir='ltr'><strong>Zorobahel</strong></span> <span class='ocrx_word' id='word_1_516' title='bbox 595 3742 624 3789; x_wconf 87' lang='lat' dir='ltr'><strong>et</strong></span> <span class='ocrx_word' id='word_1_517' title='bbox 651 3736 717 3791; x_wconf 88' lang='lat' dir='ltr'><strong>Jesu</strong></span> <span class='ocrx_word' id='word_1_518' title='bbox 736 3742 765 3789; x_wconf 91' lang='lat' dir='ltr'><strong>et</strong></span> <span class='ocrx_word' id='word_1_519' title='bbox 787 3737 934 3797; x_wconf 83' lang='lat' dir='ltr'><strong>Nehemia.</strong></span> <span class='ocrx_word' id='word_1_520' title='bbox 977 3757 1028 3810; x_wconf 82' lang='lat' dir='ltr'><strong>par</strong></span> <span class='ocrx_word' id='word_1_521' title='bbox 1040 3746 1068 3793; x_wconf 86' lang='lat' dir='ltr'><strong>et</strong></span> <span class='ocrx_word' id='word_1_522' title='bbox 1082 3740 1387 3795; x_wconf 86' lang='lat' dir='ltr'><strong>discinduntunitatem</strong></span> <span class='ocrx_word' id='word_1_523' title='bbox 1399 3742 1539 3806; x_wconf 51' lang='lat' dir='ltr'><strong>Ecclesia</strong></span> <span class='ocrx_word' id='word_1_524' title='bbox 1552 3751 1718 3801; x_wconf 77' lang='lat' dir='ltr'><strong>arescentes</strong></span> <span class='ocrx_word' id='word_1_525' title='bbox 1731 3760 1784 3816; x_wconf 79' lang='lat' dir='ltr'><strong>per</strong></span> 
     </span>
     <span class='ocr_line' id='line_1_41' title="bbox 137 3824 1780 3903; baseline 0.005 -23"><span class='ocrx_word' id='word_1_526' title='bbox 137 3826 229 3881; x_wconf 87' lang='lat' dir='ltr'><strong>omnis</strong></span> <span class='ocrx_word' id='word_1_527' title='bbox 244 3832 320 3879; x_wconf 91' lang='lat' dir='ltr'><strong>terra</strong></span> <span class='ocrx_word' id='word_1_528' title='bbox 333 3825 558 3888; x_wconf 74' lang='lat' dir='ltr'><strong>philistinorum,</strong></span> <span class='ocrx_word' id='word_1_529' title='bbox 579 3824 625 3896; x_wconf 84' lang='lat' dir='ltr'><strong>qui</strong></span> <span class='ocrx_word' id='word_1_530' title='bbox 640 3825 668 3878; x_wconf 92' lang='lat' dir='ltr'><strong>in</strong></span> <span class='ocrx_word' id='word_1_531' title='bbox 683 3824 845 3894; x_wconf 78' lang='lat' dir='ltr'><strong>captivitate</strong></span> <span class='ocrx_word' id='word_1_532' title='bbox 860 3832 937 3880; x_wconf 89' lang='lat' dir='ltr'><strong>tene·</strong></span> <span class='ocrx_word' id='word_1_533' title='bbox 977 3828 1151 3898; x_wconf 77' lang='lat' dir='ltr'><strong>impietatem</strong></span> <span class='ocrx_word' id='word_1_534' title='bbox 1167 3846 1257 3895; x_wconf 88' lang='lat' dir='ltr'><strong>suam,</strong></span> <span class='ocrx_word' id='word_1_535' title='bbox 1275 3829 1351 3883; x_wconf 88' lang='lat' dir='ltr'><strong>etad</strong></span> <span class='ocrx_word' id='word_1_536' title='bbox 1370 3830 1441 3883; x_wconf 88' lang='lat' dir='ltr'><strong>nihil</strong></span> <span class='ocrx_word' id='word_1_537' title='bbox 1452 3830 1529 3902; x_wconf 72' lang='lat' dir='ltr'><strong>aliud</strong></span> <span class='ocrx_word' id='word_1_538' title='bbox 1544 3831 1604 3901; x_wconf 88' lang='lat' dir='ltr'><strong>apti</strong></span> <span class='ocrx_word' id='word_1_539' title='bbox 1618 3848 1704 3903; x_wconf 87' lang='lat' dir='ltr'><strong>quarn</strong></span> <span class='ocrx_word' id='word_1_540' title='bbox 1713 3833 1780 3888; x_wconf 89' lang='lat' dir='ltr'><strong>utin</strong></span> 
     </span>
     <span class='ocr_line' id='line_1_42' title="bbox 136 3913 1782 3991; baseline 0.004 -21"><span class='ocrx_word' id='word_1_541' title='bbox 136 3916 250 3975; x_wconf 83' lang='lat' dir='ltr'><strong>bantur.</strong></span> <span class='ocrx_word' id='word_1_542' title='bbox 264 3915 321 3971; x_wconf 88' lang='lat' dir='ltr'><strong>erit</strong></span> <span class='ocrx_word' id='word_1_543' title='bbox 334 3931 431 3971; x_wconf 86' lang='lat' dir='ltr'><strong>eorum</strong></span> <span class='ocrx_word' id='word_1_544' title='bbox 447 3913 595 3985; x_wconf 85' lang='lat' dir='ltr'><strong>possessio,</strong></span> <span class='ocrx_word' id='word_1_545' title='bbox 612 3920 640 3968; x_wconf 89' lang='lat' dir='ltr'><strong>et</strong></span> <span class='ocrx_word' id='word_1_546' title='bbox 667 3914 708 3967; x_wconf 83' lang='lat' dir='ltr'><strong>sic</strong></span> <span class='ocrx_word' id='word_1_547' title='bbox 735 3914 789 3967; x_wconf 88' lang='lat' dir='ltr'><strong>erit</strong></span> <span class='ocrx_word' id='word_1_548' title='bbox 811 3914 934 3980; x_wconf 84' lang='lat' dir='ltr'><strong>deserta,</strong></span> <span class='ocrx_word' id='word_1_549' title='bbox 977 3917 1070 3986; x_wconf 86' lang='lat' dir='ltr'><strong>ignem</strong></span> <span class='ocrx_word' id='word_1_550' title='bbox 1091 3917 1241 3971; x_wconf 90' lang='lat' dir='ltr'><strong>mittantur</strong></span> <span class='ocrx_word' id='word_1_551' title='bbox 1253 3927 1400 3973; x_wconf 78' lang='lat' dir='ltr'><strong>aternum.</strong></span> <span class='ocrx_word' id='word_1_552' title='bbox 1419 3918 1476 3990; x_wconf 89' lang='lat' dir='ltr'><strong>Ipsi</strong></span> <span class='ocrx_word' id='word_1_553' title='bbox 1488 3936 1601 3991; x_wconf 85' lang='lat' dir='ltr'><strong>quoque</strong></span> <span class='ocrx_word' id='word_1_554' title='bbox 1610 3934 1679 3975; x_wconf 85' lang='lat' dir='ltr'><strong>suut</strong></span> <span class='ocrx_word' id='word_1_555' title='bbox 1688 3923 1782 3977; x_wconf 66' lang='lat' dir='ltr'><strong>acervi</strong></span> 
     </span>
     <span class='ocr_line' id='line_1_43' title="bbox 136 4002 1780 4079; baseline 0.004 -20"><span class='ocrx_word' id='word_1_556' title='bbox 136 4009 169 4059; x_wconf 92' lang='lat' dir='ltr'><strong>ut</strong></span> <span class='ocrx_word' id='word_1_557' title='bbox 177 4010 306 4076; x_wconf 86' lang='lat' dir='ltr'><strong>pastores</strong></span> <span class='ocrx_word' id='word_1_558' title='bbox 320 4004 355 4059; x_wconf 91' lang='lat' dir='ltr'><strong>de</strong></span> <span class='ocrx_word' id='word_1_559' title='bbox 370 4004 495 4074; x_wconf 85' lang='lat' dir='ltr'><strong>reliquiis</strong></span> <span class='ocrx_word' id='word_1_560' title='bbox 510 4003 669 4058; x_wconf 74' lang='lat' dir='ltr'><strong>iudaeorum</strong></span> <span class='ocrx_word' id='word_1_561' title='bbox 688 4002 719 4055; x_wconf 91' lang='lat' dir='ltr'><strong>in</strong></span> <span class='ocrx_word' id='word_1_562' title='bbox 733 4003 870 4057; x_wconf 77' lang='lat' dir='ltr'><strong>Ascalone</strong></span> <span class='ocrx_word' id='word_1_563' title='bbox 884 4019 936 4056; x_wconf 91' lang='lat' dir='ltr'><strong>no·</strong></span> <span class='ocrx_word' id='word_1_564' title='bbox 977 4005 1053 4071; x_wconf 89' lang='lat' dir='ltr'><strong>salis,</strong></span> <span class='ocrx_word' id='word_1_565' title='bbox 1070 4006 1137 4076; x_wconf 86' lang='lat' dir='ltr'><strong>quia</strong></span> <span class='ocrx_word' id='word_1_566' title='bbox 1151 4006 1226 4060; x_wconf 90' lang='lat' dir='ltr'><strong>relut</strong></span> <span class='ocrx_word' id='word_1_567' title='bbox 1240 4007 1281 4061; x_wconf 87' lang='lat' dir='ltr'><strong>sal</strong></span> <span class='ocrx_word' id='word_1_568' title='bbox 1296 4007 1465 4062; x_wconf 82' lang='lat' dir='ltr'><strong>infatuatum</strong></span> <span class='ocrx_word' id='word_1_569' title='bbox 1480 4009 1668 4079; x_wconf 78' lang='lat' dir='ltr'><strong>projiciuntur</strong></span> <span class='ocrx_word' id='word_1_570' title='bbox 1677 4010 1714 4065; x_wconf 84' lang='lat' dir='ltr'><strong>de</strong></span> <span class='ocrx_word' id='word_1_571' title='bbox 1727 4011 1780 4066; x_wconf 77' lang='lat' dir='ltr'><strong>Ee·</strong></span> 
     </span>
     <span class='ocr_line' id='line_1_44' title="bbox 135 4091 1781 4169; baseline 0.003 -22"><span class='ocrx_word' id='word_1_572' title='bbox 135 4093 273 4149; x_wconf 85' lang='lat' dir='ltr'><strong>bilissima</strong></span> <span class='ocrx_word' id='word_1_573' title='bbox 288 4093 431 4162; x_wconf 87' lang='lat' dir='ltr'><strong>qnondam</strong></span> <span class='ocrx_word' id='word_1_574' title='bbox 444 4091 512 4145; x_wconf 88' lang='lat' dir='ltr'><strong>urbe</strong></span> <span class='ocrx_word' id='word_1_575' title='bbox 524 4108 625 4161; x_wconf 81' lang='lat' dir='ltr'><strong>greges</strong></span> <span class='ocrx_word' id='word_1_576' title='bbox 640 4107 705 4144; x_wconf 89' lang='lat' dir='ltr'><strong>suos</strong></span> <span class='ocrx_word' id='word_1_577' title='bbox 717 4098 780 4160; x_wconf 86' lang='lat' dir='ltr'><strong>post</strong></span> <span class='ocrx_word' id='word_1_578' title='bbox 789 4091 935 4145; x_wconf 89' lang='lat' dir='ltr'><strong>meridiem</strong></span> <span class='ocrx_word' id='word_1_579' title='bbox 977 4094 1071 4159; x_wconf 82' lang='lat' dir='ltr'><strong>alesia,</strong></span> <span class='ocrx_word' id='word_1_580' title='bbox 1087 4099 1115 4147; x_wconf 86' lang='lat' dir='ltr'><strong>et</strong></span> <span class='ocrx_word' id='word_1_581' title='bbox 1127 4093 1162 4147; x_wconf 93' lang='lat' dir='ltr'><strong>ab</strong></span> <span class='ocrx_word' id='word_1_582' title='bbox 1176 4094 1306 4149; x_wconf 89' lang='lat' dir='ltr'><strong>omnibus</strong></span> <span class='ocrx_word' id='word_1_583' title='bbox 1325 4097 1537 4153; x_wconf 85' lang='lat' dir='ltr'><strong>conculcantur.</strong></span> <span class='ocrx_word' id='word_1_584' title='bbox 1553 4095 1614 4151; x_wconf 88' lang='lat' dir='ltr'><strong>Hos</strong></span> <span class='ocrx_word' id='word_1_585' title='bbox 1629 4114 1700 4169; x_wconf 82' lang='lat' dir='ltr'><strong>ergo</strong></span> <span class='ocrx_word' id='word_1_586' title='bbox 1714 4116 1781 4153; x_wconf 80' lang='lat' dir='ltr'><strong>‹re-</strong></span> 
     </span>
     <span class='ocr_line' id='line_1_45' title="bbox 135 4178 1780 4257; baseline 0.005 -23"><span class='ocrx_word' id='word_1_587' title='bbox 135 4180 240 4235; x_wconf 83' lang='lat' dir='ltr'><strong>saciant</strong></span> <span class='ocrx_word' id='word_1_588' title='bbox 253 4180 429 4239; x_wconf 86' lang='lat' dir='ltr'><strong>accumbere.</strong></span> <span class='ocrx_word' id='word_1_589' title='bbox 446 4180 505 4233; x_wconf 89' lang='lat' dir='ltr'><strong>lloc</strong></span> <span class='ocrx_word' id='word_1_590' title='bbox 518 4185 612 4233; x_wconf 86' lang='lat' dir='ltr'><strong>autem</strong></span> <span class='ocrx_word' id='word_1_591' title='bbox 629 4178 687 4243; x_wconf 83' lang='lat' dir='ltr'><strong>liet,</strong></span> <span class='ocrx_word' id='word_1_592' title='bbox 705 4200 717 4230; x_wconf 78' lang='lat' dir='ltr'><strong>s</strong></span> <span class='ocrx_word' id='word_1_593' title='bbox 733 4179 799 4249; x_wconf 90' lang='lat' dir='ltr'><strong>quia</strong></span> <span class='ocrx_word' id='word_1_594' title='bbox 813 4181 937 4234; x_wconf 84' lang='lat' dir='ltr'><strong>visitabit</strong></span> <span class='ocrx_word' id='word_1_595' title='bbox 977 4183 1171 4253; x_wconf 83' lang='lat' dir='ltr'><strong>liquiapopuli</strong></span> <span class='ocrx_word' id='word_1_596' title='bbox 1182 4183 1235 4236; x_wconf 89' lang='lat' dir='ltr'><strong>mei</strong></span> <span class='ocrx_word' id='word_1_597' title='bbox 1244 4182 1489 4254; x_wconf 80' lang='lat' dir='ltr'><strong>‹liripientillos.et</strong></span> <span class='ocrx_word' id='word_1_598' title='bbox 1496 4185 1600 4239; x_wconf 84' lang='lat' dir='ltr'><strong>residui</strong></span> <span class='ocrx_word' id='word_1_599' title='bbox 1608 4187 1704 4257; x_wconf 84' lang='lat' dir='ltr'><strong>gentis</strong></span> <span class='ocrx_word' id='word_1_600' title='bbox 1711 4203 1780 4243; x_wconf 69' lang='lat' dir='ltr'><strong>et</strong></span> 
     </span>
     <span class='ocr_line' id='line_1_46' title="bbox 135 4265 1777 4345; baseline 0.007 -25"><span class='ocrx_word' id='word_1_601' title='bbox 135 4268 329 4329; x_wconf 86' lang='lat' dir='ltr'><strong>eosDominus</strong></span> <span class='ocrx_word' id='word_1_602' title='bbox 346 4267 421 4321; x_wconf 84' lang='lat' dir='ltr'><strong>Deus</strong></span> <span class='ocrx_word' id='word_1_603' title='bbox 441 4283 548 4330; x_wconf 84' lang='lat' dir='ltr'><strong>corum,</strong></span> <span class='ocrx_word' id='word_1_604' title='bbox 569 4273 598 4319; x_wconf 91' lang='lat' dir='ltr'><strong>et</strong></span> <span class='ocrx_word' id='word_1_605' title='bbox 616 4274 722 4321; x_wconf 75' lang='lat' dir='ltr'><strong>avertet</strong></span> <span class='ocrx_word' id='word_1_606' title='bbox 743 4265 1160 4342; x_wconf 77' lang='lat' dir='ltr'><strong>captivitatemDpossidebunt</strong></span> <span class='ocrx_word' id='word_1_607' title='bbox 1174 4288 1232 4336; x_wconf 87' lang='lat' dir='ltr'><strong>eos,</strong></span> <span class='ocrx_word' id='word_1_608' title='bbox 1246 4272 1298 4326; x_wconf 90' lang='lat' dir='ltr'><strong>hoc</strong></span> <span class='ocrx_word' id='word_1_609' title='bbox 1313 4273 1353 4326; x_wconf 87' lang='lat' dir='ltr'><strong>eis</strong></span> <span class='ocrx_word' id='word_1_610' title='bbox 1368 4273 1479 4328; x_wconf 82' lang='lat' dir='ltr'><strong>eveniet</strong></span> <span class='ocrx_word' id='word_1_611' title='bbox 1488 4290 1540 4344; x_wconf 92' lang='lat' dir='ltr'><strong>pro</strong></span> <span class='ocrx_word' id='word_1_612' title='bbox 1566 4274 1702 4345; x_wconf 82' lang='lat' dir='ltr'><strong>superbia</strong></span> <span class='ocrx_word' id='word_1_613' title='bbox 1715 4292 1777 4341; x_wconf 78' lang='lat' dir='ltr'><strong>sua.</strong></span> 
     </span>
     <span class='ocr_line' id='line_1_47' title="bbox 136 4353 1780 4436; baseline 0.007 -28"><span class='ocrx_word' id='word_1_614' title='bbox 136 4370 244 4409; x_wconf 87' lang='lat' dir='ltr'><strong>eorum.</strong></span> <span class='ocrx_word' id='word_1_615' title='bbox 258 4372 271 4407; x_wconf 79' lang='lat' dir='ltr'><strong>s</strong></span> <span class='ocrx_word' id='word_1_616' title='bbox 284 4355 342 4409; x_wconf 89' lang='lat' dir='ltr'><strong>lloc</strong></span> <span class='ocrx_word' id='word_1_617' title='bbox 347 4354 428 4423; x_wconf 85' lang='lat' dir='ltr'><strong>juxta</strong></span> <span class='ocrx_word' id='word_1_618' title='bbox 437 4353 602 4407; x_wconf 85' lang='lat' dir='ltr'><strong>historiam:</strong></span> <span class='ocrx_word' id='word_1_619' title='bbox 618 4355 759 4424; x_wconf 86' lang='lat' dir='ltr'><strong>spirituali</strong></span> <span class='ocrx_word' id='word_1_620' title='bbox 768 4374 831 4410; x_wconf 88' lang='lat' dir='ltr'><strong>vero</strong></span> <span class='ocrx_word' id='word_1_621' title='bbox 839 4373 931 4423; x_wconf 89' lang='lat' dir='ltr'><strong>sensu,</strong></span> <span class='ocrx_word' id='word_1_622' title='bbox 976 4361 1043 4431; x_wconf 88' lang='lat' dir='ltr'><strong>quia</strong></span> <span class='ocrx_word' id='word_1_623' title='bbox 1058 4360 1322 4430; x_wconf 76' lang='lat' dir='ltr'><strong>blasphemaverunt</strong></span> <span class='ocrx_word' id='word_1_624' title='bbox 1344 4368 1372 4416; x_wconf 91' lang='lat' dir='ltr'><strong>et</strong></span> <span class='ocrx_word' id='word_1_625' title='bbox 1396 4362 1569 4432; x_wconf 81' lang='lat' dir='ltr'><strong>magnificati</strong></span> <span class='ocrx_word' id='word_1_626' title='bbox 1598 4371 1668 4419; x_wconf 89' lang='lat' dir='ltr'><strong>sunt</strong></span> <span class='ocrx_word' id='word_1_627' title='bbox 1694 4381 1780 4436; x_wconf 83' lang='lat' dir='ltr'><strong>super</strong></span> 
     </span>
     <span class='ocr_line' id='line_1_48' title="bbox 134 4441 1779 4520; baseline 0.007 -23"><span class='ocrx_word' id='word_1_628' title='bbox 134 4443 262 4499; x_wconf 80' lang='lat' dir='ltr'><strong>civitates</strong></span> <span class='ocrx_word' id='word_1_629' title='bbox 276 4441 489 4497; x_wconf 74' lang='lat' dir='ltr'><strong>philistinorum</strong></span> <span class='ocrx_word' id='word_1_630' title='bbox 506 4445 935 4515; x_wconf 79' lang='lat' dir='ltr'><strong>quarumprmnuntiaturintrr-</strong></span> <span class='ocrx_word' id='word_1_631' title='bbox 976 4450 1110 4520; x_wconf 89' lang='lat' dir='ltr'><strong>populum</strong></span> <span class='ocrx_word' id='word_1_632' title='bbox 1126 4450 1237 4503; x_wconf 83' lang='lat' dir='ltr'><strong>Domini</strong></span> <span class='ocrx_word' id='word_1_633' title='bbox 1266 4451 1450 4504; x_wconf 86' lang='lat' dir='ltr'><strong>exercituum.</strong></span> <span class='ocrx_word' id='word_1_634' title='bbox 1465 4450 1613 4507; x_wconf 86' lang='lat' dir='ltr'><strong>Horribilis</strong></span> <span class='ocrx_word' id='word_1_635' title='bbox 1639 4452 1779 4509; x_wconf 78' lang='lat' dir='ltr'><strong>Domum</strong></span> 
     </span>
     <span class='ocr_line' id='line_1_49' title="bbox 133 4530 1777 4608; baseline 0.007 -21"><span class='ocrx_word' id='word_1_636' title='bbox 133 4532 201 4601; x_wconf 79' lang='lat' dir='ltr'><strong>itus,</strong></span> <span class='ocrx_word' id='word_1_637' title='bbox 212 4530 373 4605; x_wconf 87' lang='lat' dir='ltr'><strong>superbiam</strong></span> <span class='ocrx_word' id='word_1_638' title='bbox 387 4530 535 4600; x_wconf 77' lang='lat' dir='ltr'><strong>gentilium</strong></span> <span class='ocrx_word' id='word_1_639' title='bbox 548 4531 707 4601; x_wconf 81' lang='lat' dir='ltr'><strong>designant,</strong></span> <span class='ocrx_word' id='word_1_640' title='bbox 713 4534 794 4603; x_wconf 86' lang='lat' dir='ltr'><strong>juxta</strong></span> <span class='ocrx_word' id='word_1_641' title='bbox 804 4536 935 4605; x_wconf 70' lang='lat' dir='ltr'><strong>praeposi·</strong></span> <span class='ocrx_word' id='word_1_642' title='bbox 977 4556 1062 4608; x_wconf 90' lang='lat' dir='ltr'><strong>super</strong></span> <span class='ocrx_word' id='word_1_643' title='bbox 1073 4555 1120 4592; x_wconf 85' lang='lat' dir='ltr'><strong>eos</strong></span> <span class='ocrx_word' id='word_1_644' title='bbox 1135 4544 1164 4592; x_wconf 86' lang='lat' dir='ltr'><strong>et.</strong></span> <span class='ocrx_word' id='word_1_645' title='bbox 1174 4538 1332 4592; x_wconf 84' lang='lat' dir='ltr'><strong>attenuabit</strong></span> <span class='ocrx_word' id='word_1_646' title='bbox 1343 4555 1441 4593; x_wconf 85' lang='lat' dir='ltr'><strong>ornnes</strong></span> <span class='ocrx_word' id='word_1_647' title='bbox 1456 4540 1624 4606; x_wconf 78' lang='lat' dir='ltr'><strong>deosterrss,</strong></span> <span class='ocrx_word' id='word_1_648' title='bbox 1635 4548 1667 4597; x_wconf 83' lang='lat' dir='ltr'><strong>et</strong></span> <span class='ocrx_word' id='word_1_649' title='bbox 1676 4544 1777 4599; x_wconf 82' lang='lat' dir='ltr'><strong>adora·</strong></span> 
     </span>
    </p>
   </div>
   <div class='ocr_carea' id='block_1_3' title="bbox 41 4612 1776 4701">
    <p class='ocr_par' dir='ltr' id='par_1_3' title="bbox 41 4612 1776 4701">
     <span class='ocr_line' id='line_1_50' title="bbox 41 4612 1776 4701; baseline 0.005 -25"><span class='ocrx_word' id='word_1_650' title='bbox 41 4630 45 4637; x_wconf 89' lang='lat'><strong><em>‘</em></strong></span> <span class='ocrx_word' id='word_1_651' title='bbox 133 4612 343 4677; x_wconf 74' lang='lat' dir='ltr'><strong>tamnominum</strong></span> <span class='ocrx_word' id='word_1_652' title='bbox 358 4619 631 4689; x_wconf 81' lang='lat' dir='ltr'><strong>interpretationem.</strong></span> <span class='ocrx_word' id='word_1_653' title='bbox 650 4621 684 4674; x_wconf 88' lang='lat' dir='ltr'><strong>lli</strong></span> <span class='ocrx_word' id='word_1_654' title='bbox 699 4628 765 4676; x_wconf 85' lang='lat' dir='ltr'><strong>sunt</strong></span> <span class='ocrx_word' id='word_1_655' title='bbox 775 4623 935 4679; x_wconf 83' lang='lat' dir='ltr'><strong>habitantes</strong></span> <span class='ocrx_word' id='word_1_656' title='bbox 978 4628 1048 4681; x_wconf 94' lang='lat' dir='ltr'><strong>bunt</strong></span> <span class='ocrx_word' id='word_1_657' title='bbox 1061 4645 1125 4681; x_wconf 87' lang='lat' dir='ltr'><strong>eum</strong></span> <span class='ocrx_word' id='word_1_658' title='bbox 1141 4627 1190 4680; x_wconf 88' lang='lat' dir='ltr'><strong>riri</strong></span> <span class='ocrx_word' id='word_1_659' title='bbox 1201 4627 1307 4682; x_wconf 89' lang='lat' dir='ltr'><strong>deloco</strong></span> <span class='ocrx_word' id='word_1_660' title='bbox 1318 4645 1481 4695; x_wconf 89' lang='lat' dir='ltr'><strong>suo,ornnes</strong></span> <span class='ocrx_word' id='word_1_661' title='bbox 1496 4629 1607 4693; x_wconf 79' lang='lat' dir='ltr'><strong>insulse,</strong></span> <span class='ocrx_word' id='word_1_662' title='bbox 1617 4632 1776 4701; x_wconf 75' lang='lat' dir='ltr'><strong>gentium</strong></span> 
     </span>
    </p>
   </div>
   <div class='ocr_carea' id='block_1_4' title="bbox 127 4708 1821 5586">
    <p class='ocr_par' dir='ltr' id='par_1_4' title="bbox 127 4708 1821 5586">
     <span class='ocr_line' id='line_1_51' title="bbox 132 4708 1779 4792; baseline 0.008 -29"><span class='ocrx_word' id='word_1_663' title='bbox 132 4709 161 4766; x_wconf 91' lang='lat' dir='ltr'><strong>in</strong></span> <span class='ocrx_word' id='word_1_664' title='bbox 182 4710 305 4765; x_wconf 85' lang='lat' dir='ltr'><strong>lbniculo</strong></span> <span class='ocrx_word' id='word_1_665' title='bbox 321 4709 418 4765; x_wconf 84' lang='lat' dir='ltr'><strong>maris.</strong></span> <span class='ocrx_word' id='word_1_666' title='bbox 439 4708 504 4779; x_wconf 87' lang='lat' dir='ltr'><strong>quia</strong></span> <span class='ocrx_word' id='word_1_667' title='bbox 517 4708 634 4762; x_wconf 86' lang='lat' dir='ltr'><strong>diversis</strong></span> <span class='ocrx_word' id='word_1_668' title='bbox 656 4709 786 4764; x_wconf 84' lang='lat' dir='ltr'><strong>lluctibus</strong></span> <span class='ocrx_word' id='word_1_669' title='bbox 807 4729 934 4768; x_wconf 86' lang='lat' dir='ltr'><strong>errorum</strong></span> <span class='ocrx_word' id='word_1_670' title='bbox 977 4716 1227 4770; x_wconf 89' lang='lat' dir='ltr'><strong>llocestdoctores</strong></span> <span class='ocrx_word' id='word_1_671' title='bbox 1250 4720 1278 4768; x_wconf 91' lang='lat' dir='ltr'><strong>ct</strong></span> <span class='ocrx_word' id='word_1_672' title='bbox 1293 4716 1490 4786; x_wconf 68' lang='lat' dir='ltr'><strong>predicatores</strong></span> <span class='ocrx_word' id='word_1_673' title='bbox 1519 4717 1657 4783; x_wconf 70' lang='lat' dir='ltr'><strong>vertutis,</strong></span> <span class='ocrx_word' id='word_1_674' title='bbox 1674 4719 1723 4792; x_wconf 90' lang='lat' dir='ltr'><strong>qni</strong></span> <span class='ocrx_word' id='word_1_675' title='bbox 1750 4726 1779 4775; x_wconf 84' lang='lat' dir='ltr'><strong>at</strong></span> 
     </span>
     <span class='ocr_line' id='line_1_52' title="bbox 131 4800 1776 4881; baseline 0.007 -28"><span class='ocrx_word' id='word_1_676' title='bbox 131 4800 300 4859; x_wconf 81' lang='lat' dir='ltr'><strong>tunduntur.</strong></span> <span class='ocrx_word' id='word_1_677' title='bbox 323 4800 472 4855; x_wconf 77' lang='lat' dir='ltr'><strong>tissiraam</strong></span> <span class='ocrx_word' id='word_1_678' title='bbox 486 4814 554 4869; x_wconf 84' lang='lat' dir='ltr'><strong>ergo</strong></span> <span class='ocrx_word' id='word_1_679' title='bbox 569 4814 665 4853; x_wconf 88' lang='lat' dir='ltr'><strong>eorum</strong></span> <span class='ocrx_word' id='word_1_680' title='bbox 683 4801 825 4870; x_wconf 86' lang='lat' dir='ltr'><strong>superbia,</strong></span> <span class='ocrx_word' id='word_1_681' title='bbox 836 4802 937 4857; x_wconf 88' lang='lat' dir='ltr'><strong>domus</strong></span> <span class='ocrx_word' id='word_1_682' title='bbox 977 4806 1075 4858; x_wconf 85' lang='lat' dir='ltr'><strong>lalsam</strong></span> <span class='ocrx_word' id='word_1_683' title='bbox 1089 4805 1286 4858; x_wconf 81' lang='lat' dir='ltr'><strong>lrmretieorum</strong></span> <span class='ocrx_word' id='word_1_684' title='bbox 1307 4805 1452 4860; x_wconf 89' lang='lat' dir='ltr'><strong>scientiam</strong></span> <span class='ocrx_word' id='word_1_685' title='bbox 1471 4806 1630 4874; x_wconf 62' lang='lat' dir='ltr'><strong>destruunt,</strong></span> <span class='ocrx_word' id='word_1_686' title='bbox 1644 4814 1678 4863; x_wconf 82' lang='lat' dir='ltr'><strong>et</strong></span> <span class='ocrx_word' id='word_1_687' title='bbox 1688 4808 1776 4881; x_wconf 74' lang='lat' dir='ltr'><strong>impin</strong></span> 
     </span>
     <span class='ocr_line' id='line_1_53' title="bbox 133 4887 1268 4964; baseline 0.004 -22"><span class='ocrx_word' id='word_1_688' title='bbox 133 4888 207 4945; x_wconf 80' lang='lat' dir='ltr'><strong>tuda</strong></span> <span class='ocrx_word' id='word_1_689' title='bbox 221 4888 274 4943; x_wconf 91' lang='lat' dir='ltr'><strong>hoc</strong></span> <span class='ocrx_word' id='word_1_690' title='bbox 289 4894 331 4943; x_wconf 82' lang='lat' dir='ltr'><strong>est</strong></span> <span class='ocrx_word' id='word_1_691' title='bbox 345 4904 411 4943; x_wconf 87' lang='lat' dir='ltr'><strong>rera</strong></span> <span class='ocrx_word' id='word_1_692' title='bbox 425 4888 553 4944; x_wconf 84' lang='lat' dir='ltr'><strong>Ecclesia</strong></span> <span class='ocrx_word' id='word_1_693' title='bbox 567 4887 705 4943; x_wconf 84' lang='lat' dir='ltr'><strong>confessio</strong></span> <span class='ocrx_word' id='word_1_694' title='bbox 720 4890 748 4943; x_wconf 90' lang='lat' dir='ltr'><strong>in</strong></span> <span class='ocrx_word' id='word_1_695' title='bbox 764 4907 860 4944; x_wconf 88' lang='lat' dir='ltr'><strong>eorum</strong></span> <span class='ocrx_word' id='word_1_696' title='bbox 874 4893 937 4946; x_wconf 89' lang='lat' dir='ltr'><strong>loca</strong></span> <span class='ocrx_word' id='word_1_697' title='bbox 976 4896 1110 4964; x_wconf 82' lang='lat' dir='ltr'><strong>dogmata</strong></span> <span class='ocrx_word' id='word_1_698' title='bbox 1122 4894 1268 4963; x_wconf 89' lang='lat' dir='ltr'><strong>diripiunt.</strong></span> 
     </span>
     <span class='ocr_line' id='line_1_54' title="bbox 133 4966 1821 5056; baseline 0.007 -25"><span class='ocrx_word' id='word_1_699' title='bbox 133 4966 233 5046; x_wconf 75' lang='lat' dir='ltr'><strong>incipit</strong></span> <span class='ocrx_word' id='word_1_700' title='bbox 242 4975 379 5043; x_wconf 88' lang='lat' dir='ltr'><strong>habitare,</strong></span> <span class='ocrx_word' id='word_1_701' title='bbox 395 4978 462 5031; x_wconf 90' lang='lat' dir='ltr'><strong>dum</strong></span> <span class='ocrx_word' id='word_1_702' title='bbox 474 4995 524 5047; x_wconf 91' lang='lat' dir='ltr'><strong>pro</strong></span> <span class='ocrx_word' id='word_1_703' title='bbox 535 4977 682 5049; x_wconf 85' lang='lat' dir='ltr'><strong>impietate</strong></span> <span class='ocrx_word' id='word_1_704' title='bbox 695 4979 820 5033; x_wconf 84' lang='lat' dir='ltr'><strong>succedit</strong></span> <span class='ocrx_word' id='word_1_705' title='bbox 835 4981 934 5050; x_wconf 85' lang='lat' dir='ltr'><strong>pietas,</strong></span> <span class='ocrx_word' id='word_1_706' title='bbox 1015 5004 1025 5033; x_wconf 76' lang='grc' dir='ltr'>ι</span> <span class='ocrx_word' id='word_1_707' title='bbox 1044 4983 1099 5037; x_wconf 88' lang='lat' dir='ltr'><strong>Sed</strong></span> <span class='ocrx_word' id='word_1_708' title='bbox 1113 4989 1142 5037; x_wconf 92' lang='lat' dir='ltr'><strong>et</strong></span> <span class='ocrx_word' id='word_1_709' title='bbox 1148 4983 1345 5054; x_wconf 84' lang='lat' dir='ltr'><strong>rosAEthiopes</strong></span> <span class='ocrx_word' id='word_1_710' title='bbox 1359 4984 1498 5041; x_wconf 85' lang='lat' dir='ltr'><strong>interlecti</strong></span> <span class='ocrx_word' id='word_1_711' title='bbox 1507 4985 1602 5056; x_wconf 87' lang='lat' dir='ltr'><strong>gladio</strong></span> <span class='ocrx_word' id='word_1_712' title='bbox 1611 5001 1678 5041; x_wconf 78' lang='lat' dir='ltr'><strong>areo</strong></span> <span class='ocrx_word' id='word_1_713' title='bbox 1687 4986 1777 5053; x_wconf 71' lang='lat' dir='ltr'><strong>eritis,</strong></span> <span class='ocrx_word' id='word_1_714' title='bbox 1818 5028 1821 5033; x_wconf 84' lang='lat'>-</span> 
     </span>
     <span class='ocr_line' id='line_1_55' title="bbox 132 5063 1777 5147; baseline 0.008 -30"><span class='ocrx_word' id='word_1_715' title='bbox 132 5063 302 5133; x_wconf 82' lang='lat' dir='ltr'><strong>injustitiam</strong></span> <span class='ocrx_word' id='word_1_716' title='bbox 325 5065 449 5119; x_wconf 83' lang='lat' dir='ltr'><strong>extrudit</strong></span> <span class='ocrx_word' id='word_1_717' title='bbox 462 5067 582 5134; x_wconf 80' lang='lat' dir='ltr'><strong>justitia.</strong></span> <span class='ocrx_word' id='word_1_718' title='bbox 607 5066 768 5138; x_wconf 86' lang='lat' dir='ltr'><strong>superbiam</strong></span> <span class='ocrx_word' id='word_1_719' title='bbox 788 5069 933 5125; x_wconf 89' lang='lat' dir='ltr'><strong>humilitas</strong></span> <span class='ocrx_word' id='word_1_720' title='bbox 974 5082 1003 5125; x_wconf 87' lang='lat' dir='ltr'><strong>et</strong></span> <span class='ocrx_word' id='word_1_721' title='bbox 1016 5071 1147 5124; x_wconf 88' lang='lat' dir='ltr'><strong>extendet</strong></span> <span class='ocrx_word' id='word_1_722' title='bbox 1162 5088 1278 5125; x_wconf 86' lang='lat' dir='ltr'><strong>manum</strong></span> <span class='ocrx_word' id='word_1_723' title='bbox 1292 5089 1372 5126; x_wconf 87' lang='lat' dir='ltr'><strong>suam</strong></span> <span class='ocrx_word' id='word_1_724' title='bbox 1386 5090 1473 5144; x_wconf 83' lang='lat' dir='ltr'><strong>super</strong></span> <span class='ocrx_word' id='word_1_725' title='bbox 1486 5074 1658 5144; x_wconf 82' lang='lat' dir='ltr'><strong>aquilonem,</strong></span> <span class='ocrx_word' id='word_1_726' title='bbox 1676 5080 1777 5147; x_wconf 80' lang='lat' dir='ltr'><strong>etper·</strong></span> 
     </span>
     <span class='ocr_line' id='line_1_56' title="bbox 132 5150 1778 5232; baseline 0.009 -27"><span class='ocrx_word' id='word_1_727' title='bbox 132 5150 186 5207; x_wconf 90' lang='lat' dir='ltr'><strong>sibi</strong></span> <span class='ocrx_word' id='word_1_728' title='bbox 200 5150 363 5209; x_wconf 85' lang='lat' dir='ltr'><strong>substernit.</strong></span> <span class='ocrx_word' id='word_1_729' title='bbox 973 5159 1021 5213; x_wconf 86' lang='lat' dir='ltr'><strong>det</strong></span> <span class='ocrx_word' id='word_1_730' title='bbox 1037 5161 1125 5213; x_wconf 80' lang='lat' dir='ltr'><strong>Assur</strong></span> <span class='ocrx_word' id='word_1_731' title='bbox 1137 5179 1142 5212; x_wconf 91' lang='lat'>:</span> <span class='ocrx_word' id='word_1_732' title='bbox 1160 5166 1188 5214; x_wconf 90' lang='lat' dir='ltr'><strong>ct</strong></span> <span class='ocrx_word' id='word_1_733' title='bbox 1202 5168 1288 5231; x_wconf 89' lang='lat' dir='ltr'><strong>ponet</strong></span> <span class='ocrx_word' id='word_1_734' title='bbox 1299 5163 1456 5232; x_wconf 85' lang='lat' dir='ltr'><strong>speciosam</strong></span> <span class='ocrx_word' id='word_1_735' title='bbox 1469 5163 1498 5216; x_wconf 89' lang='lat' dir='ltr'><strong>in</strong></span> <span class='ocrx_word' id='word_1_736' title='bbox 1507 5163 1732 5221; x_wconf 84' lang='lat' dir='ltr'><strong>solitudinemet</strong></span> <span class='ocrx_word' id='word_1_737' title='bbox 1748 5165 1778 5219; x_wconf 86' lang='lat' dir='ltr'><strong>in</strong></span> 
     </span>
     <span class='ocr_line' id='line_1_57' title="bbox 170 5238 1779 5321; baseline 0.009 -28"><span class='ocrx_word' id='word_1_738' title='bbox 170 5238 296 5295; x_wconf 80' lang='lat' dir='ltr'><strong>«Audivi</strong></span> <span class='ocrx_word' id='word_1_739' title='bbox 310 5238 491 5310; x_wconf 90' lang='lat' dir='ltr'><strong>opprobrium</strong></span> <span class='ocrx_word' id='word_1_740' title='bbox 515 5241 598 5296; x_wconf 82' lang='lat' dir='ltr'><strong>bloah</strong></span> <span class='ocrx_word' id='word_1_741' title='bbox 611 5249 640 5298; x_wconf 86' lang='lat' dir='ltr'><strong>et</strong></span> <span class='ocrx_word' id='word_1_742' title='bbox 655 5244 843 5316; x_wconf 89' lang='lat' dir='ltr'><strong>blasphemias</strong></span> <span class='ocrx_word' id='word_1_743' title='bbox 858 5247 931 5300; x_wconf 89' lang='lat' dir='ltr'><strong>lilio-</strong></span> <span class='ocrx_word' id='word_1_744' title='bbox 974 5247 1089 5309; x_wconf 81' lang='lat' dir='ltr'><strong>invium,</strong></span> <span class='ocrx_word' id='word_1_745' title='bbox 1103 5256 1131 5303; x_wconf 90' lang='lat' dir='ltr'><strong>et</strong></span> <span class='ocrx_word' id='word_1_746' title='bbox 1147 5250 1226 5320; x_wconf 86' lang='lat' dir='ltr'><strong>quasi</strong></span> <span class='ocrx_word' id='word_1_747' title='bbox 1240 5250 1397 5321; x_wconf 86' lang='lat' dir='ltr'><strong>desertum,</strong></span> <span class='ocrx_word' id='word_1_748' title='bbox 1413 5258 1442 5306; x_wconf 88' lang='lat' dir='ltr'><strong>et</strong></span> <span class='ocrx_word' id='word_1_749' title='bbox 1453 5251 1631 5307; x_wconf 83' lang='lat' dir='ltr'><strong>accubabunt</strong></span> <span class='ocrx_word' id='word_1_750' title='bbox 1640 5254 1672 5307; x_wconf 91' lang='lat' dir='ltr'><strong>in</strong></span> <span class='ocrx_word' id='word_1_751' title='bbox 1683 5253 1779 5309; x_wconf 84' lang='lat' dir='ltr'><strong>medio</strong></span> 
     </span>
     <span class='ocr_line' id='line_1_58' title="bbox 131 5328 1778 5412; baseline 0.009 -30"><span class='ocrx_word' id='word_1_752' title='bbox 131 5345 194 5383; x_wconf 91' lang='lat' dir='ltr'><strong>rum</strong></span> <span class='ocrx_word' id='word_1_753' title='bbox 205 5330 379 5398; x_wconf 78' lang='lat' dir='ltr'><strong>Amemquae</strong></span> <span class='ocrx_word' id='word_1_754' title='bbox 393 5328 933 5403; x_wconf 79' lang='lat' dir='ltr'><strong>exprobmremntpopulomeo.»rra·</strong></span> <span class='ocrx_word' id='word_1_755' title='bbox 974 5338 1035 5405; x_wconf 83' lang='lat' dir='ltr'><strong>ejus</strong></span> <span class='ocrx_word' id='word_1_756' title='bbox 1047 5355 1156 5407; x_wconf 77' lang='lat' dir='ltr'><strong>greges,</strong></span> <span class='ocrx_word' id='word_1_757' title='bbox 1172 5355 1268 5393; x_wconf 82' lang='lat' dir='ltr'><strong>omnes</strong></span> <span class='ocrx_word' id='word_1_758' title='bbox 1282 5340 1376 5395; x_wconf 81' lang='lat' dir='ltr'><strong>bestia</strong></span> <span class='ocrx_word' id='word_1_759' title='bbox 1398 5341 1536 5412; x_wconf 86' lang='lat' dir='ltr'><strong>gentium,</strong></span> <span class='ocrx_word' id='word_1_760' title='bbox 1552 5342 1778 5398; x_wconf 79' lang='lat' dir='ltr'><strong>otonocrotnlus</strong></span> 
     </span>
     <span class='ocr_line' id='line_1_59' title="bbox 128 5415 1779 5498; baseline 0.008 -26"><span class='ocrx_word' id='word_1_761' title='bbox 128 5418 208 5472; x_wconf 90' lang='lat' dir='ltr'><strong>dicta</strong></span> <span class='ocrx_word' id='word_1_762' title='bbox 227 5415 306 5470; x_wconf 87' lang='lat' dir='ltr'><strong>clade</strong></span> <span class='ocrx_word' id='word_1_763' title='bbox 320 5417 542 5481; x_wconf 75' lang='lat' dir='ltr'><strong>I&#39;alaestinmum,</strong></span> <span class='ocrx_word' id='word_1_764' title='bbox 559 5426 587 5471; x_wconf 93' lang='lat' dir='ltr'><strong>et</strong></span> <span class='ocrx_word' id='word_1_765' title='bbox 602 5423 766 5476; x_wconf 84' lang='lat' dir='ltr'><strong>exterminio</strong></span> <span class='ocrx_word' id='word_1_766' title='bbox 786 5424 930 5480; x_wconf 71' lang='lat' dir='ltr'><strong>civitatum</strong></span> <span class='ocrx_word' id='word_1_767' title='bbox 973 5430 1001 5479; x_wconf 86' lang='lat' dir='ltr'><strong>et</strong></span> <span class='ocrx_word' id='word_1_768' title='bbox 1015 5426 1779 5498; x_wconf 70' lang='lat' dir='ltr'><strong>ericiusintiminibusajusmorabuntur.»Haesimus</strong></span> 
     </span>
     <span class='ocr_line' id='line_1_60' title="bbox 127 5507 1776 5586; baseline 0.015 -31"><span class='ocrx_word' id='word_1_769' title='bbox 127 5507 205 5567; x_wconf 84' lang='lat' dir='ltr'><strong>illius</strong></span> <span class='ocrx_word' id='word_1_770' title='bbox 219 5514 314 5575; x_wconf 77' lang='lat' dir='ltr'><strong>terra,</strong></span> <span class='ocrx_word' id='word_1_771' title='bbox 332 5522 407 5563; x_wconf 87' lang='lat' dir='ltr'><strong>nunc</strong></span> <span class='ocrx_word' id='word_1_772' title='bbox 421 5513 518 5561; x_wconf 86' lang='lat' dir='ltr'><strong>contra</strong></span> <span class='ocrx_word' id='word_1_773' title='bbox 537 5507 619 5563; x_wconf 82' lang='lat' dir='ltr'><strong>bloub</strong></span> <span class='ocrx_word' id='word_1_774' title='bbox 634 5524 664 5564; x_wconf 82' lang='lat' dir='ltr'><strong>ct</strong></span> <span class='ocrx_word' id='word_1_775' title='bbox 672 5510 745 5565; x_wconf 80' lang='lat' dir='ltr'><strong>filios</strong></span> <span class='ocrx_word' id='word_1_776' title='bbox 761 5513 853 5569; x_wconf 58' lang='lat' dir='ltr'><strong>:truon</strong></span> <span class='ocrx_word' id='word_1_777' title='bbox 871 5531 933 5585; x_wconf 83' lang='lat' dir='ltr'><strong>pro-</strong></span> <span class='ocrx_word' id='word_1_778' title='bbox 973 5532 1034 5586; x_wconf 79' lang='lat' dir='ltr'><strong>quac</strong></span> <span class='ocrx_word' id='word_1_779' title='bbox 1049 5516 1083 5570; x_wconf 88' lang='lat' dir='ltr'><strong>de</strong></span> <span class='ocrx_word' id='word_1_780' title='bbox 1093 5517 1265 5573; x_wconf 86' lang='lat' dir='ltr'><strong>Philisthiim</strong></span> <span class='ocrx_word' id='word_1_781' title='bbox 1276 5517 1394 5574; x_wconf 69' lang='lat' dir='ltr'><strong>ethloab</strong></span> <span class='ocrx_word' id='word_1_782' title='bbox 1407 5526 1437 5576; x_wconf 70' lang='lat' dir='ltr'><strong>et</strong></span> <span class='ocrx_word' id='word_1_783' title='bbox 1448 5519 1516 5576; x_wconf 83' lang='lat' dir='ltr'><strong>liliis</strong></span> <span class='ocrx_word' id='word_1_784' title='bbox 1525 5520 1618 5576; x_wconf 71' lang='lat' dir='ltr'><strong>Aaron</strong></span> <span class='ocrx_word' id='word_1_785' title='bbox 1627 5519 1776 5586; x_wconf 66' lang='lat' dir='ltr'><strong>ditum,</strong></span> 
     </span>
    </p>
   </div>
   <div class='ocr_carea' id='block_1_5' title="bbox 0 0 1914 6104">
    <p class='ocr_par' dir='ltr' id='par_1_5' title="bbox 0 0 1914 6104">
     <span class='ocr_line' id='line_1_61' title="bbox 0 0 1914 6104; baseline 0 0"><span class='ocrx_word' id='word_1_786' title='bbox 0 0 1914 6104; x_wconf 95' lang='lat' dir='ltr'><strong> </strong></span> 
     </span>
    </p>
   </div>
  </div>
 </body>
</html>
