3840 6098
138 213 207 276 1055
356 217 545 274 autumus
562 216 808 278 umuuusrhr.
824 218 943 279 uP1so.
963 218 1042 278 OPP.
1057 218 1150 278 PARS
1163 220 1186 279 1.
1203 246 1237 260 -
1252 217 1436 276 commus.
1455 219 1549 276 BIBL.
1704 214 1768 273 1056

136 360 306 418 dicatoribus
315 364 561 431 convenit,0hrirti
568 365 653 418 bonus
663 357 966 436 odorsoniusaluonh
977 365 1037 437 ipse
1051 365 1193 420 hominem
1204 364 1339 418 creavcrit
1351 368 1401 418 aut
1409 369 1499 434 regat,
1511 363 1560 418 sed
1568 379 1625 436 quo
1632 378 1717 433 super
1725 377 1770 416 eos

137 449 179 521 11),
195 451 236 505 sic
251 454 409 507 econtrario
432 453 493 508 istis
522 453 642 524 erit,pro
657 452 735 506 suavi
750 454 835 508 odore
852 454 933 509 letor.
975 455 1195 510 dominationem
1208 453 1477 524 exerceat,quossibi
1490 471 1542 525 per
1554 457 1701 525 peccatum
1716 467 1771 505 ser-

174 542 208 595 Et
219 543 354 596 trabebant
370 545 469 596 loricas
481 545 552 596 sicat
568 544 667 596 loricas
682 545 797 610 ferreos.
820 544 875 596 Por
893 543 935 598 lo·
975 560 1023 599 vos
1046 544 1160 599 addicit.
1185 545 1237 600 Oui
1252 559 1351 596 horren
1372 542 1503 599 Hebro-icc
1528 544 1674 606 labbadon,
1691 541 1772 596 Gracc

137 628 211 683 ricas
220 629 367 684 obfirmata
377 631 681 702 etduraperversorum
692 631 838 685 hominum
851 632 936 686 corda
978 639 1071 687 notem
1091 637 1238 702 appolpon,
1256 634 1349 687 Latine
1368 637 1461 685 autom
1477 633 1556 687 habet
1572 646 1674 685 nornen
1689 634 1774 684 ester-

139 723 344 786 monstrantur,
361 720 608 791 quiasicutbomo
635 720 721 774 lorica
745 721 881 778 munitur.
903 738 938 775 ne
979 725 1101 776 mr'nnns.
1125 722 1204 787 Quod
1227 722 1255 775 in
1272 720 1439 792 quibusdam
1469 719 1613 775 codicibus
1638 718 1775 773 invenitur

138 806 241 862 ictibus
255 808 374 863 telorum
390 810 562 872 vulneretur,
576 808 617 862 ita
629 809 670 863 illi
685 825 736 863 sua
750 808 938 864 obstinatione
979 809 1113 882 scripturn
1124 810 1246 876 abadon,
1256 809 1303 863 ubi
1312 809 1549 880 scilicetprimum
1559 814 1602 863 est
1612 824 1641 875 a,
1652 806 1702 862 sed
1709 806 1774 860 salso

137 895 314 958 muniuntur,
326 896 471 967 nesogitta
481 897 606 952 veritatis
617 897 652 951 ad
667 897 752 951 corda
766 898 878 952 illorum
893 914 938 952 re·
979 900 1115 971 scriptum
1128 905 1180 966 est,
1188 905 1215 954 et
1225 899 1291 953 vitio
1302 899 1354 953 scri
1359 899 1447 970 ptoris
1461 898 1582 966 sactum;
1597 896 1648 951 sed
1656 895 1775 967 primum

136 983 208 1048 niat,
221 988 249 1038 et
267 984 308 1039 ita
322 983 476 1039 detendunt
494 985 650 1056 pertidiam,
670 985 743 1040 sicut
757 986 854 1041 tideles
868 986 938 1040 veri·
973 988 1016 1070 ¹ibi
1025 989 1185 1060 ponendum
1196 990 1218 1055 I,
1230 1002 1258 1043 et
1267 986 1405 1042 labbadon
1419 987 1580 1053 dicendum,
1592 987 1668 1041 sicut
1679 984 1775 1039 beatus

136 1075 236 1139 tatem,
248 1074 344 1144 sicque
357 1073 503 1128 mendacio
514 1074 611 1140 dediti,
625 1080 810 1130 contemnunt
824 1075 937 1129 obedire
979 1076 1167 1149 Hieronymus
1185 1077 1252 1131 dicit
1274 1077 1304 1130 in
1319 1075 1464 1131 Hebraicis
1479 1072 1771 1146 interpretationibus.

136 1159 302 1215 veritati.Et
311 1162 556 1234 notandumquam
571 1167 638 1234 apta
652 1164 689 1217 sit
700 1163 896 1218 haereticorum
905 1163 933 1216 in
975 1165 1048 1229 Quid
1065 1166 1101 1220 sit
1112 1173 1207 1220 autem
1225 1165 1360 1220 Hebraico
1374 1164 1522 1229 labbadon,
1535 1164 1633 1219 Graece
1647 1163 1775 1234 apollyon

136 1248 257 1320 singulis
265 1251 410 1322 speciebus
419 1268 479 1305 corn
483 1251 652 1323 paratio,qui
663 1257 690 1306 et
701 1252 729 1305 in
739 1253 854 1307 locustis
867 1252 934 1306 elati
974 1253 1140 1327 exprimitur
1163 1271 1226 1308 cum
1242 1254 1380 1315 subditur,
1394 1254 1493 1308 Latine
1506 1252 1593 1308 habet
1608 1266 1712 1305 nomen
1736 1266 1777 1303 cx-

139 1343 168 1393 ct
193 1341 268 1409 vani,
293 1346 322 1394 et
342 1341 371 1394 in
395 1340 490 1395 caudis
514 1340 690 1411 scorpionum
706 1342 846 1407 venenati,
862 1347 890 1396 et
904 1342 935 1395 in
977 1343 1142 1396 terminans.
1150 1344 1182 1397 In
1195 1343 1239 1396 his
1250 1343 1353 1413 quippe
1364 1341 1524 1396 nominibus
1533 1340 1664 1395 diabolus
1673 1339 1777 1393 iutelli-

139 1427 218 1497 equis
229 1428 364 1484 lasciviae
372 1429 444 1494 vani,
457 1435 486 1483 et
495 1429 523 1483 in
534 1430 658 1483 humana
668 1430 736 1484 facie
757 1429 936 1485 simulatione
977 1430 1064 1500 gitur,
1078 1431 1126 1502 qui
1139 1431 1267 1484 homines
1285 1430 1463 1497 exterminat,
1479 1429 1507 1483 id
1518 1433 1651 1483 estextra
1660 1427 1776 1498 patriam

139 1515 242 1577 callidi,
255 1521 283 1570 et
293 1516 321 1571 in
329 1517 435 1588 capillis
451 1516 599 1572 mulierum
614 1518 738 1573 moribus
747 1520 935 1591 incompositi,
979 1520 1119 1573 coelestem
1130 1520 1294 1590 emittit,qui
1305 1519 1427 1573 audituri
1439 1523 1524 1573 sunt:
1548 1512 1682 1572 discedite
1697 1533 1714 1568 n
1728 1532 1775 1578 rue,

140 1605 207 1658 etin
231 1605 362 1660 dentibus
376 1606 489 1660 leonum
507 1607 597 1670 fetidi,
614 1613 643 1661 et
664 1608 693 1662 in
716 1608 811 1663 loricis
839 1608 937 1663 terreis
978 1611 1128 1674 maledicti,
1142 1611 1173 1661 in
1186 1612 1278 1676 ionem
1293 1614 1426 1662 aternum
1438 1608 1548 1676 (Metili.
1568 1603 1779 1667 xxv).E1termi·

138 1692 222 1747 corde
235 1699 370 1748 notantur
384 1695 493 1766 perfidi.
510 1697 543 1750 Et
557 1713 608 1750 uon
621 1697 736 1750 uturum
753 1713 851 1752 curum
866 1701 937 1752 sicut
950 1696 1121 1772 ssnubuntur
1136 1697 1210 1751 enim
1235 1695 1343 1766 injusti,
1365 1696 1466 1767 quibus
1479 1695 1533 1748 hoc
1548 1695 1669 1758 dicetur,
1685 1692 1713 1748 id
1740 1697 1780 1745 est

139 1799 191 1837 uon
204 1799 480 1854 curronmequornm
492 1787 647 1839 inultorum
658 1791 834 1840 currentium
844 1789 881 1840 oct
889 1788 941 1841 bct·
982 1786 1131 1855 ejicientur
1151 1784 1186 1839 ab
1206 1785 1281 1839 omni
1307 1784 1442 1838 societate
1461 1790 1635 1837 sanctorum.
1652 1782 1780 1851 legimus

140 1873 208 1927 lnm.
222 1872 301 1937 Quod
316 1874 446 1944 superius
460 1891 509 1946 per
523 1876 635 1940 caudas,
652 1875 704 1929 hoc
719 1875 884 1946 designatur
895 1876 940 1929 hic
981 1875 1055 1928 anim
1067 1875 1096 1928 in
1106 1873 1265 1944 Evangelio,
1283 1873 1356 1944 quod
1368 1888 1570 1943 supercrucem
1585 1871 1702 1925 Domini
1716 1869 1781 1924 scri·

139 1976 190 2031 per
205 1961 264 2015 alas
284 1963 467 2028 locustarum,
483 1963 512 2017 id
527 1969 569 2017 est
584 1965 710 2034 potentia
730 1965 938 2031 haereticorum,
981 1968 1060 2034 ptum
1082 1964 1175 2017 tuerat
1191 1963 1297 2029 Graece,
1312 1961 1447 2016 llebraice
1462 1967 1491 2015 ct
1510 1961 1622 2026 Latine,
1639 1960 1707 2030 quia
1731 1960 1782 2012 iste

137 2049 182 2104 rel
196 2050 323 2106 doctrina
333 2052 431 2117 electa,
448 2068 532 2123 quam
548 2052 601 2123 ipsi
617 2053 733 2123 eligunt.
752 2053 877 2118 Quarum
891 2071 940 2108 vox
981 2057 1038 2105 tres
1049 2052 1151 2122 lingum
1162 2057 1229 2106 tunc
1239 2051 1387 2121 vigebant:
1407 2053 1457 2105 Hic
1467 2054 1507 2104 cst
1519 2051 1598 2104 lesus
1618 2049 1783 2103 coaluim-

140 2139 225 2193 ctiam
241 2139 312 2194 bene
322 2140 421 2194 similis
436 2140 539 2195 dicitur
553 2159 559 2194 :
576 2141 704 2195 curribus
724 2159 860 2213 equorum
876 2160 940 2197 cur·
981 2135 1169 2210 mrrntllcttb.
1186 2146 1279 2208 xxva).
1302 2141 1344 2194 ltu
1368 2145 1397 2193 et
1420 2139 1465 2193 bic
1490 2154 1595 2192 nomen
1611 2136 1726 2202 diaboli,
1741 2135 1785 2207 qui

139 2225 263 2279 rentium
276 2227 305 2280 in
320 2225 434 2281 bellum.
451 2229 523 2281 Nam
542 2244 642 2283 currus
657 2229 768 2299 quando
784 2246 801 2282 a
823 2229 940 2284 stabulis
981 2229 1132 2283 novissimo
1144 2235 1270 2300 tempore
1286 2229 1425 2300 perditum
1440 2227 1583 2282 hominem
1595 2225 1780 2296 ingredietur,

139 2312 287 2384 prodeunt,
313 2314 394 2369 divisi
421 2315 588 2370 abinvicem
612 2323 640 2370 ct
665 2318 785 2388 sejuncti
809 2318 939 2373 incedere
982 2320 1085 2390 quique
1100 2335 1130 2372 se
1145 2318 1289 2373 Christum
1307 2335 1368 2372 csse
1388 2317 1549 2380 mentietur,
1565 2315 1659 2370 tribus
1682 2314 1783 2384 linguis

139 2401 232 2455 solent
240 2418 384 2475 usquequo
394 2403 429 2457 ad
441 2404 532 2459 locum
546 2406 708 2459 certaminis
719 2407 863 2460 venientes
872 2423 940 2461 con·
981 2408 1155 2478 exprimitur.
1168 2407 1221 2472 Qui
1229 2412 1304 2461 recte
1316 2406 1504 2461 exterminans
1514 2404 1629 2468 dicitur,
1640 2403 1785 2473 quiasicut

137 2490 303 2561 jungantur,
327 2498 354 2547 et
375 2492 436 2563 pari
451 2497 514 2547 voto
528 2499 674 2564 pugnent:
698 2496 742 2548 lta
761 2502 790 2549 et
813 2495 938 2549 haeretici
981 2496 1092 2551 Christo
1109 2495 1307 2566 congregandi,
1324 2495 1364 2548 sio
1383 2480 1495 2548 diabolo
1518 2492 1653 2562 congruit
1681 2505 1781 2544 nomen
1802 2491 1810 2524 ¹

140 2579 306 2652 semetipsos
320 2579 457 2648 dividunt,
467 2585 496 2636 et
507 2583 663 2636 contrarios
681 2583 733 2637 sibi
749 2600 859 2638 errores
874 2601 939 2655 pro·
981 2585 1194 2640 exterminandi.
1212 2585 1292 2639 Unde
1305 2590 1370 2638 est:
1391 2585 1444 2651 Oui
1459 2599 1514 2637 non
1534 2583 1642 2649 collinit
1666 2596 1778 2644 triacum,

138 2667 243 2735 ierunt,
258 2668 333 2723 verbi
342 2671 434 2739 gratia
446 2687 452 2722 :
465 2671 601 2725 Photinus
617 2677 701 2742 negat
711 2672 856 2726 Christum
873 2679 939 2728 ante
980 2677 1084 2744 sparqit
1099 2675 1209 2744 (narrt.
1224 2688 1284 2738 xm.

138 2755 257 2811 Mariam
267 2757 363 2823 fuisse,
379 2759 429 2812 sed
444 2775 476 2813 ex
491 2760 552 2831 ipsa
565 2759 679 2815 initium
693 2760 762 2815 dicit
780 2777 844 2815 eum
861 2777 939 2815 sum·
1022 2763 1060 2817 Vn
1071 2764 1251 2827 nnurnobiit,
1265 2768 1288 2815 et
1300 2776 1355 2815 ecce
1370 2763 1485 2814 uerriont
1495 2759 1587 2812 adh-nc
1599 2758 1656 2810 duo
1677 2773 1714 2809 ra
1725 2761 1783 2823 post

138 2844 237 2917 psisse,
255 2854 283 2900 et
303 2863 398 2901 verum
427 2863 528 2919 corpus
551 2847 683 2903 habuisse
709 2850 841 2917 Econtra,
856 2850 939 2904 llrius
980 2853 1047 2909 hnc.
1062 2852 1195 2922 Legimus
1210 2867 1296 2922 supra
1306 2849 1379 2921 quod
1389 2849 1485 2919 aquila
1493 2847 1589 2901 volans
1597 2861 1650 2917 per
1662 2845 1782 2899 medium

138 2932 207 2988 dicit
221 2951 286 2990 eum
302 2940 367 2990 ante
382 2937 484 2991 saecula
506 2941 605 2992 natum
634 2942 663 2991 et
687 2945 846 2993 creaturam
866 2954 937 2993 esse.
981 2940 1153 3006 coelum,trin
1162 2958 1202 2994 rae
1213 2938 1441 3010 pradixittutura
1452 2950 1671 3007 quorumunum
1679 2932 1779 2987 abiisse

138 3021 276 3078 Similiter
290 3030 318 3079 et
332 3025 426 3079 crateri
441 3024 533 3079 varios
549 3027 686 3080 mendacii
702 3027 850 3082 inveniunt
864 2988 970 3081 erro·C
980 3027 1148 3082 describitur
1160 3027 1188 3081 in
1204 3027 1365 3081 narratione
1374 3023 1603 3096 praecedenti,rel
1620 3023 1652 3077 in
1666 3021 1778 3075 tribula-

137 3126 183 3164 res
198 3113 277 3166 valde
292 3112 345 3166 sibi
360 3113 534 3168 contrarios:
550 3115 599 3168 sed
612 3116 740 3186 quamvis
755 3117 829 3170 inter
842 3133 871 3170 se
885 3117 940 3170 dis·
979 3117 1056 3171 tione
1071 3134 1132 3186 quae
1148 3116 1220 3170 facta
1234 3124 1277 3170 est
1298 3114 1472 3186 temporibus
1493 3119 1657 3167 sanctorum
1680 3117 1780 3181 marty·

137 3198 258 3266 uideant,
272 3207 368 3256 tamen
382 3201 553 3256 unanimiter
572 3210 670 3258 contra
685 3205 823 3260 unitatem
844 3205 940 3259 Eccle-
980 3222 1054 3267 rum,
1072 3205 1163 3259 adhuc
1179 3221 1244 3259 vero
1268 3205 1323 3258 dno
1339 3211 1446 3258 restare
1467 3203 1602 3258 dicuntur
1631 3199 1779 3266 narranda,

137 3285 185 3343 siae
199 3295 336 3359 pugnant.
980 3294 1022 3348 rel
1035 3294 1190 3368 posteriore
1205 3299 1331 3363 tempore
1344 3291 1394 3346 sub
1409 3291 1575 3346 antichristo
1590 3287 1782 3361 adimplenda·

173 3377 206 3430 Et
222 3378 358 3434 trabebant
370 3381 473 3434 candos
487 3385 592 3437 sinaites
605 3384 791 3450 scorpionum,
806 3387 830 3435 ct
848 3384 939 3435 ucrrlei
1015 3384 1048 3436 Et
1073 3387 1163 3435 sectus
1186 3385 1301 3449 nupcias
1318 3381 1383 3434 tubo
1398 3383 1506 3441 cecinit,
1523 3385 1547 3433 et
1576 3381 1678 3433 orrdini
1697 3394 1779 3432 unctu

135 3471 216 3519 erurrt
234 3470 266 3520 in
281 3469 376 3523 condis
391 3485 499 3538 corum,
511 3477 536 3526 et
547 3476 666 3540 potestus
679 3487 777 3524 eurum
788 3487 881 3524 nocero
892 3471 937 3524 lxo·
979 3487 1116 3524 concines
1130 3472 1260 3524 cornibus
1270 3471 1468 3534 ultorisonrci,
1485 3470 1557 3536 qnod
1570 3473 1608 3521 est
1619 3473 1685 3521 ante
1695 3468 1780 3520 oeulos

136 3557 260 3610 crinibus
272 3560 409 3612 iacinthus
420 3560 608 3629 quia-quc.Per
619 3558 935 3630 caudas,utsupradic-
975 3561 1025 3613 Dei
1047 3561 1163 3613 dicentis
1177 3564 1249 3612 rectu
1275 3560 1371 3624 capelo
1391 3559 1441 3625 qui
1464 3557 1541 3609 habet
1568 3556 1691 3609 tubam:
1708 3555 1780 3610 Sutor

134 3646 196 3697 tum
210 3649 262 3711 est,
275 3652 401 3716 potentin
417 3649 578 3720 temporalis
590 3649 768 3719 intelligitur,
784 3665 834 3719 per
849 3664 933 3718 quam
978 3650 1231 3718 quotuorrtnpelos,
1245 3649 1295 3715 qni
1304 3648 1416 3713 altinati
1426 3651 1491 3698 sunt
1506 3647 1537 3697 in
1549 3646 1672 3713 nornine
1685 3660 1780 3711 manno

134 3737 237 3787 nocent
251 3736 453 3805 conjungentes
467 3754 518 3792 suo
530 3739 619 3792 errori
633 3738 775 3808 principes
787 3738 869 3806 hujus
888 3753 937 3791 sae·
977 3737 1126 3805 Euphrate.
1139 3736 1235 3789 Altare
1245 3734 1386 3804 significat
1397 3732 1559 3798 Ecclesiam,
1570 3732 1606 3786 do
1616 3750 1674 3804 qua
1689 3731 1776 3787 tumus

135 3821 201 3876 culi.
212 3822 317 3877 Verum
331 3825 405 3895 quod
420 3827 549 3896 superius
564 3827 656 3881 tuerat
670 3826 891 3896 praetermissum
902 3827 937 3880 de
978 3824 1202 3896 compunctionis
1223 3822 1259 3876 ad
1273 3824 1361 3877 Deum
1380 3820 1520 3892 dirigitur.
1537 3822 1614 3875 Bene
1630 3822 1721 3875 altare
1733 3837 1779 3875 au·

134 3910 230 3966 caudis
245 3913 434 3983 scorpionum,
448 3915 493 3968 hic
507 3915 672 3985 adjungitur
684 3932 749 3970 cum
763 3914 885 3970 dicitur:
902 3913 937 3969 Et
978 3930 1058 3968 rcum
1072 3913 1185 3978 dicitur,
1202 3912 1268 3983 quia
1279 3910 1401 3983 protecto
1419 3909 1542 3964 Ecclesia
1557 3911 1704 3980 justorum
1715 3925 1780 3964 sem-

135 3998 225 4054 aculei
238 4000 269 4053 in
283 4001 379 4056 caudis
390 4019 497 4057 eorum.
514 4004 586 4068 Quid
601 4003 638 4058 sit
654 4005 767 4058 aculeus
787 4005 815 4057 in
837 4003 936 4058 caudis
977 4003 1089 4073 piterna
1100 4001 1239 4071 sapientia
1249 4000 1417 4066 illustratur,
1430 3999 1464 4052 de
1477 4015 1533 4070 qua
1545 3999 1683 4053 Salomon
1697 3999 1775 4052 dicit:

135 4087 316 4151 locustarum,
331 4091 435 4145 Paulus
446 4093 559 4162 exponit
572 4110 635 4146 cum
650 4093 736 4150 dicit:
756 4095 805 4147 hor
814 4098 851 4146 esi
862 4108 936 4145 rnors
977 4090 1101 4161 Accipite
1110 4088 1277 4160 sapientiam
1287 4089 1359 4141 sicut
1368 4104 1480 4141 aurum.
1499 4089 1584 4141 Recte
1594 4104 1708 4159 quoque
1719 4093 1778 4141 ante

134 4181 250 4232 uictoria
266 4185 324 4245 tuo,
341 4182 390 4234 ubi
402 4186 439 4234 est
454 4186 565 4235 aculens
589 4188 653 4236 tuns
664 4188 675 4235 t
688 4184 827 4237 Stimulos
842 4186 935 4235 antem
977 4179 1071 4233 oculos
1084 4178 1134 4232 Dei
1151 4194 1212 4232 esse
1225 4177 1336 4238 dicitur,
1349 4176 1546 4247 quiasuperno
1564 4184 1696 4246 respectu
1711 4191 1779 4229 sem·

136 4270 234 4320 mortis
251 4271 392 4334 peccatum
404 4273 442 4321 est
458 4271 486 4338 (l
494 4270 554 4323 Cor.
572 4273 630 4335 εν).
650 4271 768 4324 Constat
788 4286 855 4339 ergo
871 4270 937 4340 quia
947 4283 1026 4361 Dpcr
1039 4267 1206 4331 illustratur,
1222 4264 1297 4318 unde
1310 4264 1340 4319 in
1355 4263 1470 4334 psalmis
1485 4263 1590 4316 dicitur
1606 4280 1612 4314 :
1635 4262 1717 4318 Oculi
1729 4265 1777 4317 lto-

135 4353 227 4407 omnis
241 4355 354 4409 illorum
379 4357 505 4426 potentia
520 4363 547 4411 et
559 4374 637 4412 error
661 4366 689 4413 et
714 4365 857 4430 peccatum
883 4364 934 4412 est.
978 4358 1052 4408 ruini
1064 4370 1147 4422 snper
1151 4358 1242 4422 justos
1254 4356 1339 4424 (Prot.
1352 4352 1455 4421 xxxin).
1471 4352 1561 4420 Hujus
1572 4352 1779 4405 altariscornua

135 4439 216 4506 Quod
244 4443 380 4514 sequitur,
396 4450 521 4515 potestas
534 4433 631 4501 aarum
655 4464 755 4502 nocero
776 4447 937 4502 hominibus
978 4450 1045 4498 sunt
1057 4458 1155 4496 omnes
1171 4441 1377 4512 praedicatores.
1392 4440 1471 4496 Unde
1490 4445 1519 4493 et
1533 4439 1563 4492 in
1577 4440 1780 4510 VeteriTesta·

135 4531 278 4587 mensibus
288 4532 422 4604 quinque,
437 4535 559 4605 repetita
569 4538 711 4591 sententia
725 4542 776 4600 est,
788 4552 838 4607 per
852 4553 937 4607 quam
978 4537 1073 4586 mento
1083 4548 1156 4602 saepe
1165 4530 1283 4600 legimus
1294 4529 1460 4600 sanguinem
1471 4544 1556 4599 super
1568 4544 1680 4583 cornua
1688 4526 1779 4583 altaris

135 4637 257 4692 praesens
272 4622 329 4676 rita
344 4621 446 4677 iterato
463 4623 638 4695 exprimitur.
665 4627 699 4679 Et
714 4641 800 4695 supra
821 4624 935 4696 quidem
976 4621 1099 4691 positum
1111 4637 1117 4672 :
1128 4619 1439 4690 significabanturenim
1450 4617 1779 4688 inhocsanctimartyres

101 4705 110 4712 ‘
134 4716 302 4782 potestatem
316 4712 429 4767 locustae
444 4713 585 4783 accepisse
598 4704 769 4777 referuntur,
786 4717 817 4766 ut
832 4711 936 4765 mensi·
977 4709 1090 4779 proprio
1106 4708 1243 4778 sanguine
1259 4707 1455 4778 pertundendi.
1471 4707 1565 4761 Unum
1579 4707 1632 4760 hoc
1643 4723 1732 4761 cornu
1746 4705 1781 4758 al·

134 4797 186 4853 bus
207 4800 332 4872 quinque
358 4801 486 4855 homiues
511 4802 678 4868 cruciarent,
694 4818 745 4855 noc
765 4817 813 4856 eos
828 4800 937 4853 occide·
976 4797 1047 4851 taris
1061 4797 1106 4850 hic
1131 4797 1291 4867 specialiter
1310 4797 1442 4867 positum,
1467 4794 1604 4848 debemus
1625 4795 1781 4866 intelligere

133 4893 206 4941 rent.
218 4889 269 4942 Hic
281 4905 347 4943 vero
361 4889 525 4944 eorumdem
544 4890 683 4944 mensium
706 4905 824 4944 numero
838 4903 939 4942 nocere
979 4885 1131 4940 Dominum
1141 4887 1237 4940 Jesum
1248 4884 1393 4939 Christum
1403 4883 1588 4937 mediatorem
1600 4883 1652 4938 Dei
1662 4882 1782 4938 athomi·

137 4976 296 5031 hominibus
317 4977 479 5033 facultatem
511 4978 615 5032 habere
638 4978 831 5050 perhibentur.
854 4976 934 5041 Quod
976 4990 1055 5039 num,
1071 4975 1119 5044 qui
1132 4975 1264 5046 praecepit
1279 4980 1357 5028 sexto
1372 4973 1482 5044 angelo,
1494 4972 1522 5026 id
1534 4978 1579 5027 est
1593 4975 1674 5028 omni
1690 4973 1781 5029 Eccle-

135 5064 232 5135 utiquc
243 5064 282 5118 ibi
293 5065 427 5132 debonis,
443 5067 488 5120 hic
501 5083 564 5121 vero
575 5068 609 5120 de
627 5067 708 5120 malis
719 5066 934 5136 intelligendum
977 5064 1035 5129 siae,
1052 5069 1084 5117 ut
1097 5063 1186 5117 solvat
1201 5068 1322 5134 quatuor
1344 5061 1469 5132 angelos,
1495 5078 1545 5132 per
1566 5078 1639 5133 quos
1665 5069 1782 5135 quatuor

136 5152 257 5223 estquis
272 5157 299 5206 et
313 5153 376 5208 illos
392 5156 527 5217 cruciant,
541 5155 589 5209 sed
605 5171 661 5210 non
688 5155 840 5210 occidunt:
867 5154 936 5208 istos
978 5168 1067 5223 regna
1092 5151 1267 5223 principalia,
1286 5157 1314 5206 et
1333 5156 1455 5221 quatuor
1482 5155 1639 5220 potestates
1669 5151 1780 5205 illorum

135 5258 199 5298 vero
214 5260 271 5298 hon
288 5244 422 5309 cruciant,
439 5246 489 5299 scd
502 5246 627 5300 nocendo
643 5245 795 5316 perimunt.
979 5247 1064 5312 atque
1079 5257 1162 5294 omne
1178 5257 1278 5312 corpus
1298 5238 1402 5294 diaboli
1416 5239 1594 5309 intelligitur.
1619 5240 1710 5294 Solvit
1723 5254 1783 5294 vero

171 5331 202 5385 m
217 5332 352 5387 habebunt
361 5349 443 5401 super
455 5350 482 5386 se
493 5349 582 5400 repom
597 5337 727 5401 orinatum
738 5334 840 5402 abyssi.
852 5332 884 5387 ld
895 5337 937 5386 cst
978 5330 1101 5385 Ecclesia
1112 5338 1234 5400 quatuor
1248 5329 1373 5399 angelos,
1386 5328 1414 5381 id
1426 5334 1470 5382 est
1487 5344 1586 5382 omnes
1601 5328 1746 5383 daemones
1758 5328 1784 5381 in

136 5419 289 5488 diabolum,
307 5421 355 5492 qui
376 5428 420 5476 est
443 5423 574 5495 princeps
591 5422 717 5477 omnium
741 5421 934 5494 reproborum,
978 5419 1069 5490 capite
1082 5435 1168 5485 suo,a
1179 5434 1234 5489 quo
1245 5418 1350 5471 audivit
1365 5418 1394 5470 in
1405 5417 1488 5471 Petro
1503 5418 1708 5486 :Quodcunque
1719 5421 1785 5485 tioc-

134 5506 194 5577 ipse
216 5518 260 5563 est
272 5525 322 5566 rex
335 5526 420 5582 super
434 5526 533 5566 omnes
556 5509 629 5566 filios
643 5509 791 5583 superbia,
810 5526 867 5565 non
882 5526 937 5581 quo
978 5512 1050 5564 ueris
1061 5508 1446 5578 superterr·om,crittinctum
1457 5510 1481 5560 et
1489 5509 1520 5561 in
1527 5505 1784 5578 reimbertum-1).
