3840 6098
133 103 198 163 673
357 113 374 126 ⁸
441 111 635 173 EXPOSITIO
654 113 695 171 ΙΝ
714 110 791 169 ΕΡΡ.
812 110 841 167 S.
862 107 981 167 enimi.
1000 138 1037 153 -
1055 110 1095 167 IN
1113 110 1226 169 EPIST.
1247 110 1295 169 du
1314 109 1443 168 oddar.
1732 115 1786 171 eie

177 231 253 287 Cam
266 237 360 289 autem
368 237 477 305 placuit
490 243 516 294 ec·
526 244 635 311 pairac,
650 241 679 296 id
693 237 793 311 estqui
807 255 853 294 me
867 235 1044 307 secitAipse
1058 237 1209 308 Apostolus
1221 237 1345 293 ostendit
1362 235 1439 301 alibi,
1455 235 1505 293 ubi
1518 236 1646 310 loquitur
1660 238 1785 311 deligat

132 320 222 375 nasci
238 339 272 377 ex
287 329 515 393 uteromaterno,
526 331 569 385 vel
579 331 625 402 qui
636 331 719 387 mein
734 328 945 411 praesentiusue
986 331 1015 380 et
1029 327 1098 381 Sara
1116 327 1186 387 [Gal.
1203 331 1238 394 ιν)
1258 347 1263 382 ;
1279 330 1339 383 Hac
1354 330 1438 391 emin,
1454 326 1556 398 inquit,
1572 332 1638 382 sant
1651 329 1705 382 dim
1723 331 1783 384 Tes-

134 417 814 486 seerepaeit,etseparavitcariteromatrr'senee,
827 417 861 470 ad
874 434 945 487 prae-
987 421 1118 477 ternanta,
1147 421 1175 471 et
1196 417 1267 472 Siue
1288 433 1366 470 errori-v
1390 422 1427 470 cst
1448 420 1478 471 ia
1501 419 1615 472 Arabia.
1632 416 1785 474 Damascus

135 496 317 554 dicationem
334 501 475 572 Evangelii
487 507 541 567 sui,
553 507 637 561 velex
649 512 729 561 utero
741 505 848 567 matris,
862 504 889 557 id
903 507 946 557 est
984 520 1061 573 vcra,
1077 522 1138 576 qum
1151 506 1354 576 interpretatur
1366 509 1532 573 sanquinem
1547 508 1689 562 bibensvel
1699 511 1786 576 effua-

138 601 172 640 ex
187 589 333 643 consortio
349 590 503 663 Synagogae
519 610 563 647 me
577 594 722 659 abstraxit,
738 600 762 648 et
780 596 884 647 cecavit
895 608 945 661 per
985 594 1062 661 (lens,
1078 595 1144 664 quia
1156 594 1194 649 ihi
1210 595 1372 649 interfectus
1387 600 1430 649 est
1443 594 1515 649 Abel
1526 612 1541 650 a
1553 595 1632 657 Cain,
1644 596 1693 651 ubi
1707 602 1786 669 post·

139 679 269 743 aratiam
282 695 373 739 suain,
395 680 490 747 idest,
512 698 561 753 per
579 683 799 738 misericordiam
815 698 893 736 suam
908 682 944 735 ad
985 698 1018 736 ea
1045 683 1190 738 aedificavit
1212 701 1308 738 servus
1322 684 1441 738 abrahe
1465 684 1543 738 illam
1563 685 1716 755 civitatem,
1736 701 1785 741 vo-

141 765 328 836 Evangelium
342 785 424 823 suum
434 771 651 841 predicandum,
662 774 943 827 utreretaretFilium
985 786 1051 824 cans
1067 788 1129 825 eain
1145 772 1180 825 de
1195 773 1309 826 nomine
1325 752 1375 827 suo
1391 773 1715 843 Damascum,signidcat
1726 776 1785 830 No·

142 859 272 909 suumin
287 872 338 923 me,
352 858 435 912 idest
448 861 702 932 pevmegentihus.
723 864 752 916 d't
772 863 944 927 craapctize·
984 875 1049 912 vum
1065 860 1276 914 Testamentum
1300 860 1348 914 uhi
1371 861 1531 916 continetur
1554 862 1645 933 passio
1666 862 1782 918 Christi.
1831 916 1836 927 ,

144 957 202 997 ram
219 947 305 1000 illurn
316 949 346 1000 ie
359 950 485 1014 pentibus
495 954 636 1016 continua,
649 951 677 1004 id
691 957 734 1005 est
748 967 810 1005 eum
827 949 945 1018 placuis·
984 946 1061 1001 Abiit
1088 965 1154 1018 crgo
1179 950 1328 1021 Apostolus
1350 949 1380 1003 in
1403 948 1545 1016 Arabiam,
1562 951 1628 1021 quia
1642 956 1785 1008 scrutatus

144 1036 186 1087 set
196 1033 257 1087 Deo
270 1035 348 1090 Patri
358 1042 391 1091 ut
408 1038 546 1093 revelaret
565 1040 667 1093 Filium
690 1055 772 1095 suum
792 1056 843 1110 per
856 1056 901 1093 me
915 1039 945 1093 in
985 1036 1076 1106 legem
1095 1043 1124 1091 et
1137 1038 1297 1109 prophetas,
1323 1037 1362 1093 ibi
1383 1037 1491 1093 invenit
1506 1040 1647 1095 Christum
1662 1041 1785 1112 promis·

144 1121 287 1192 gentibue,
300 1140 356 1178 reon
368 1130 493 1195 aceretem*
501 1132 583 1181 carmi
594 1134 620 1183 et
634 1132 779 1196 seri-paint,
795 1128 823 1182 id
839 1132 945 1182 estnon
986 1142 1058 1192 sum,
1075 1132 1240 1181 nontamen
1256 1126 1364 1182 datum.
1388 1128 1527 1183 Reversus
1546 1136 1589 1184 est
1602 1131 1782 1198 Damascum,

145 1213 277 1266 consensi
288 1213 317 1267 in
319 1215 461 1284 judaismo
470 1233 599 1272 manere:
612 1219 654 1272 vel
668 1234 723 1272 non
733 1217 858 1288 acquievi
868 1217 946 1272 carni
987 1215 1054 1286 quia
1067 1216 1181 1270 transiit
1190 1216 1226 1271 ad
1240 1216 1432 1287 Evangelium,
1442 1217 1490 1271 uhi
1501 1218 1646 1273 Christum
1653 1221 1713 1290 jam
1722 1237 1785 1292 pas·

146 1305 174 1355 et
193 1302 338 1372 sanguini,
354 1303 382 1357 id
398 1310 442 1359 est
460 1305 564 1360 Scribis
585 1312 614 1360 et
630 1307 778 1362 Pharisaeis
792 1307 827 1361 de
845 1305 946 1379 quihus
987 1321 1049 1359 sum
1064 1304 1181 1372 invenit,
1198 1312 1227 1359 et
1241 1305 1361 1360 credidit
1375 1306 1404 1360 in
1419 1323 1494 1361 eum.

145 1396 226 1445 ortus
241 1392 491 1465 sum‚licetaliquis
502 1397 642 1467 apostolos
654 1397 723 1451 velit
735 1396 945 1468 intelligi,quod
1022 1394 1121 1448 Diebus
1135 1396 1303 1462 quindecim.
1321 1395 1529 1459 Quindenarius
1544 1413 1681 1453 numerus
1696 1399 1785 1471 perti-

144 1480 249 1536 ialsum
264 1482 425 1538 estsseatus
436 1483 623 1556 Hieronymus
637 1486 678 1540 ita
693 1487 767 1541 hune
777 1486 945 1540 versiculum
986 1486 1035 1536 net
1047 1482 1083 1536 ad
1094 1483 1181 1537 Vetus
1195 1482 1407 1538 Testamentum
1422 1488 1451 1538 et
1464 1484 1582 1552 Novum,
1606 1493 1722 1559 propter
1740 1504 1786 1544 se-

144 1569 246 1624 dividit
252 1572 405 1626 secundum
415 1572 501 1626 istum
516 1590 638 1628 sensum.
650 1574 750 1629 Petrus
761 1574 865 1644 aliique
880 1553 976 1644 apo·B
987 1571 1145 1641 ptenarium
1159 1589 1309 1628 numerum
1317 1578 1345 1627 et
1358 1573 1531 1629 octonarium
1544 1594 1550 1641 ;
1565 1578 1786 1648 septenariusad

145 1659 221 1725 stoli,
238 1664 388 1730 postquam
407 1660 496 1715 vocati
510 1668 576 1717 sunt
590 1679 607 1717 a
619 1663 749 1730 Domino,
773 1680 830 1717 non
848 1663 944 1718 statim
985 1661 1072 1715 Vetus
1087 1661 1299 1721 Testamentum
1313 1663 1435 1718 retertur
1445 1670 1560 1735 propter
1575 1664 1731 1733 sabbatum,
1740 1684 1785 1722 oc·

145 1748 265 1820 profecti
277 1755 345 1803 sunt
359 1750 519 1821 praedicare,
536 1753 585 1806 sed
603 1769 694 1824 neque
708 1759 773 1824 post
787 1769 943 1808 ressurrec-
984 1751 1110 1805 tonarius
1125 1751 1161 1805 ad
1180 1752 1299 1819 Novum,
1326 1759 1442 1824 propter
1457 1754 1633 1808 Dominicam
1655 1772 1785 1812 resurre-

144 1837 251 1892 tionem
258 1839 328 1908 ejus,
335 1840 621 1912 usquequoSpiritum
628 1847 942 1914 sanctumacceperunt,
984 1838 1116 1902 ctionem,
1133 1855 1194 1910 quae
1210 1846 1307 1896 octava
1321 1841 1367 1895 die
1377 1840 1543 1896 celebratur.
1562 1843 1675 1914 asquia
1694 1846 1785 1916 Apos-

143 1926 264 1998 ideoque
275 1929 356 1999 quasi
366 1930 484 1984 multam
496 1948 602 1985 moram
613 1932 856 1987 focerunt.Paulus
867 1949 942 2000 vero,
984 1928 1058 1982 tolus
1072 1928 1200 1983 doctrina
1214 1930 1324 1984 Veteris
1339 1937 1368 1984 et
1383 1931 1452 1985 Novi
1471 1931 1645 1987 Testamenti
1659 1934 1784 2004 repletus

144 2016 241 2071 statim
256 2021 289 2072 ut
301 2016 456 2089 baptizatus
468 2024 519 2086 est,
528 2020 589 2075 sine
599 2021 694 2091 aliqua
710 2039 789 2076 mora
799 2022 943 2093 ingressus
984 2017 1126 2081 erot.idoo
1139 2034 1195 2072 non
1209 2017 1333 2089 indiguit
1346 2019 1467 2090 amplius
1482 2037 1597 2074 manere
1611 2038 1674 2075 oum
1686 2022 1781 2089 Petro,

143 2104 324 2177 Synagogam
346 2108 517 2175 Judaaorum,
541 2109 626 2180 cmpit
648 2110 757 2180 publice
781 2111 941 2182 praedicare.
984 2105 1038 2159 nisi
1054 2107 1213 2177 quindecim
1228 2108 1335 2163 dicbus.

142 2194 351 2250 Potesttamen
366 2198 439 2251 etad
456 2199 603 2268 sequentia
612 2200 704 2270 jungi,
717 2200 791 2271 quod
804 2200 871 2254 dicit
881 2216 944 2255 con·
1019 2196 1053 2248 Et
1072 2198 1174 2250 iterum
1191 2213 1315 2251 resersus
1327 2214 1390 2252 seru
1403 2200 1580 2263 Deraescum,
1603 2206 1667 2268 ete,
1694 2217 1784 2274 usque

141 2283 241 2349 tinuo;
266 2285 315 2339 sed
339 2286 439 2341 melius
458 2295 501 2341 est
515 2288 554 2341 ita
568 2295 601 2342 ut
614 2288 745 2351 diximus,
762 2295 793 2343 ut
808 2290 944 2344 revelaret
984 2287 1078 2338 litanti
1099 2287 1174 2352 apud
1189 2302 1252 2339 eom
1271 2288 1365 2340 diebus
1385 2289 1555 2356 quindecim:
1577 2291 1651 2344 Abiit
1665 2292 1698 2344 in
1711 2293 1784 2345 dre·

140 2372 246 2429 Filium
262 2376 381 2430 suumin
397 2393 450 2439 ne,
462 2377 491 2430 id
507 2381 550 2431 est
564 2394 614 2447 per
627 2394 682 2431 me.
696 2378 785 2432 Aliter
803 2378 943 2433 :Verbum
985 2373 1077 2435 oiam;
1088 2373 1237 2429 dchrobia
1249 2391 1378 2429 reversus
1394 2380 1437 2430 est
1449 2376 1629 2441 Damascum,
1642 2380 1785 2450 etexpteto

141 2461 194 2518 Dei
209 2463 313 2532 Patris,
329 2464 357 2518 id
372 2471 415 2519 est
428 2466 449 2519 T
450 2465 525 2532 ilius,
546 2483 609 2521 oum
624 2466 681 2521 Deo
694 2467 778 2521 Patre
792 2474 822 2522 et
837 2467 942 2539 Spiritu
984 2461 1105 2517 triennio
1117 2462 1145 2516 in
1161 2463 1301 2518 Arabiast
1312 2465 1457 2531 Damasco,
1472 2466 1548 2520 venit
1559 2466 1784 2539 Hierosolymam

140 2558 243 2607 sancto
257 2554 358 2608 coelum
373 2560 402 2608 et
415 2559 520 2609 terram
535 2556 669 2621 continet,
682 2560 710 2610 et
726 2556 821 2611 omnin
833 2557 940 2629 implet.
967 2551 1073 2606 altera
1087 2551 1144 2606 vice
1159 2552 1253 2606 videre
1267 2553 1393 2618 Petrum,
1409 2569 1468 2608 non
1486 2570 1571 2609 causa
1584 2555 1719 2622 discendi,
1734 2558 1785 2612 sed

140 2639 206 2696 Nan
222 2647 267 2696 est
280 2642 355 2696 enim
370 2642 447 2696 locus
461 2660 546 2714 quem
557 2661 614 2698 non
626 2644 743 2714 impleat
761 2662 811 2716 por
823 2646 943 2716 plenitu-
983 2656 1068 2695 causa
1088 2643 1316 2697 commendanda
1342 2642 1498 2709 charitatis,
1519 2648 1548 2698 et
1570 2648 1602 2698 ut
1614 2644 1785 2701 humilitatis

140 2728 245 2786 dinem.
253 2731 386 2802 potentias
400 2749 467 2800 suec,
475 2750 507 2788 ac
517 2750 567 2805 per
575 2734 628 2787 hoc
638 2734 713 2804 quod
727 2734 830 2806 ubique
841 2741 884 2791 est
892 2754 942 2809 per
982 2728 1101 2785 formam
1121 2731 1258 2802 praeberet
1277 2731 1340 2785 aliis
1360 2731 1426 2785 dum
1450 2729 1585 2786 honorem
1606 2733 1787 2804 praestitisset

140 2819 298 2890 potentiam
322 2820 482 2875 Divinitatis
505 2830 534 2876 et
556 2821 649 2876 omnia
669 2822 728 2877 loca
741 2822 867 2894 impleat,
881 2830 943 2879 erat
983 2819 1069 2890 priori
1081 2821 1217 2891 apostolo.
1233 2820 1273 2874 Ex
1286 2820 1340 2874 hoc
1354 2825 1471 2892 apparet
1486 2837 1550 2876 eum
1563 2838 1618 2876 non
1634 2839 1721 2878 causa
1737 2823 1783 2878 di-

142 2907 229 2962 ctiam
245 2908 274 2962 in
289 2909 377 2963 Paulo
392 2909 486 2964 liceta
500 2909 588 2964 Paulo
604 2926 660 2965 non
675 2911 804 2965 sciretur.
826 2914 942 2977 Quando
984 2909 1078 2963 scendi
1092 2910 1210 2977 venisse,
1228 2910 1295 2982 quia
1316 2910 1346 2964 in
1365 2916 1424 2964 tam
1439 2911 1536 2983 paucis
1551 2911 1649 2967 diebus
1663 2929 1719 2968 non
1734 2931 1783 2986 po-

143 3013 211 3068 ergo
224 2997 290 3051 Filii
303 2998 348 3052 sui
367 2998 451 3053 sidem
476 2998 554 3053 dedit
572 3000 609 3065 ei,
633 3006 701 3054 tunc
724 3000 822 3072 utique
841 3002 943 3058 Filium
984 3002 1059 3052 terat
1072 2998 1175 3066 doceri,
1200 3004 1228 3054 et
1246 2999 1313 3070 quio
1326 3005 1437 3070 poterat
1452 3000 1553 3072 aliquis
1568 3001 1652 3056 etiam
1667 3003 1760 3058 dicere
1776 3022 1783 3059 ι

144 3100 227 3140 suum
241 3087 427 3142 manifestavit
440 3088 580 3159 ei,etipse
595 3090 682 3144 Filius
693 3089 730 3143 ibi
746 3095 815 3158 erat,
825 3090 872 3146 ubi
883 3093 943 3163 ipse
985 3087 1089 3158 Ecquid
1108 3088 1131 3142 si
1146 3105 1203 3143 non
1219 3088 1318 3143 didicit
1332 3089 1452 3154 aPetro,
1468 3089 1608 3145 didicitab
1619 3091 1683 3147 ahie
1693 3092 1785 3148 lHuic

144 3177 289 3233 revelavit.
305 3177 392 3246 Sicut,
410 3176 485 3231 verbi
498 3177 600 3249 gratia,
614 3179 643 3232 in
655 3185 736 3235 utero
757 3181 871 3251 virginis
887 3182 944 3237 hla-
985 3175 1134 3247 objectioni
1152 3177 1306 3249 Apostolus
1319 3177 1482 3249 subJunxit:

145 3264 196 3322 rie
207 3266 256 3322 ubi
272 3271 341 3332 erat,
357 3265 396 3321 ihi
412 3283 525 3321 carnem
541 3269 702 3340 assumpsit.
1019 3268 1116 3320 ,trram
1128 3272 1220 3322 aretem
1236 3271 1422 3336 apostotorum
1437 3269 1496 3322 vidi
1510 3273 1659 3337 acerinam,
1672 3275 1730 3327 nisi
1740 3275 1787 3328 Je-

184 3356 273 3425 Neqoe
292 3358 356 3410 aeni
374 3357 602 3425 Hierosolymam.
627 3357 750 3420 Quaestio
771 3363 815 3414 est
834 3376 840 3412 :
857 3375 944 3430 quare
984 3355 1081 3410 codicia
1095 3357 1214 3424 fratrem
1234 3358 1355 3423 Domini,
1371 3356 1460 3411 illium
1475 3357 1582 3413 seilicet
1596 3359 1694 3415 hiariae
1706 3361 1786 3418 Cleo·

149 3442 224 3500 dicat
237 3462 268 3501 se
281 3462 338 3500 non
356 3445 465 3500 venisse
484 3445 719 3518 Hierosolymam,
734 3449 789 3503 nisi
811 3455 874 3520 post
888 3455 945 3505 tres
985 3445 1057 3517 phe,
1075 3450 1233 3500 matertera
1248 3446 1369 3511 Domini,
1387 3462 1448 3516 quae
1462 3448 1561 3515 genuit
1573 3448 1608 3502 de
1622 3449 1747 3521 Alphaeo.

144 3548 244 3597 anuos,
266 3552 328 3590 cum
350 3534 380 3590 in
399 3534 514 3590 Actibus
529 3536 718 3608 apostolorum
737 3538 849 3609 legatur
867 3539 942 3609 quia,
1021 3535 1085 3588 Ecce
1100 3549 1194 3588 ceram
1213 3536 1275 3599 Deo,
1291 3538 1358 3602 qaia
1372 3550 1428 3587 aon
1444 3538 1575 3605 inentia-r,
1594 3536 1683 3592 idest
1700 3539 1785 3610 digna

141 3630 295 3697 postquam
302 3623 460 3695 baptizatus
470 3630 523 3692 est,
530 3625 807 3697 coepitpraedicarein
821 3628 945 3698 Synago-
985 3628 1052 3678 sunt
1064 3622 1224 3694 conspectui
1237 3621 1300 3690 Dei,
1314 3622 1379 3694 quia
1391 3640 1455 3678 vera
1470 3630 1546 3679 sunt.

140 3708 372 3780 girdudaeorum,
387 3712 601 3768 insurrexerunt
609 3717 707 3769 contra
721 3731 786 3770 eum
797 3716 896 3782 iudei,
908 3715 943 3771 ob
1020 3714 1121 3767 Deinde
1134 3714 1197 3766 cerri
1210 3714 1240 3765 ia
1247 3717 1339 3780 partes
1353 3712 1442 3780 Syrie
1457 3714 1614 3784 provincie,
1630 3721 1655 3771 et
1667 3719 1779 3786 Cilicia,

145 3814 270 3870 quorum
281 3801 505 3874 persecutionem
520 3803 595 3857 venit
609 3803 854 3875 Hierosolymam?
876 3805 943 3869 Quae
984 3800 1117 3857 subaudis
1132 3801 1240 3872 patriae,
1256 3799 1303 3855 ubi
1326 3805 1370 3854 est
1389 3806 1417 3855 et
1437 3802 1549 3869 Tarsus,
1573 3805 1671 3860 civitas
1691 3807 1783 3863 Pauli.

141 3893 265 3960 quaestio
279 3892 320 3947 ita
332 3892 465 3946 solvenda
477 3896 520 3945 est
530 3892 607 3947 :Non
617 3893 690 3962 veni,
700 3892 801 3963 inquit,
814 3891 945 3947 Hieroso·
985 3889 1070 3944 Venit
1082 3890 1232 3961 Apostolus
1251 3890 1281 3944 in
1302 3890 1412 3962 Syriam
1431 3908 1492 3962 quae
1511 3891 1714 3965 interpretatur
1728 3896 1783 3951 ele·

139 3974 252 4048 lymam
263 3981 298 4036 ad
308 3981 449 4053 apostolos
458 3980 551 4051 gratia
561 3980 851 4051 visitandieos,neque
861 3998 946 4036 causa
986 3985 1060 4046 vata,
1076 3983 1109 4034 ut
1120 3978 1284 4034 humiliaret
1297 3979 1372 4033 illam
1388 3979 1424 4034 ad
1435 3980 1592 4050 Christum;
1605 3984 1681 4039 venit
1696 3984 1731 4040 ad
1741 3985 1786 4040 Ci-

138 4064 284 4136 discendi,
301 4070 375 4125 sicut
388 4085 441 4124 nec
452 4070 498 4125 hic
511 4070 640 4138 habetur,
656 4071 705 4125 sed
720 4087 805 4125 causa
817 4087 946 4142 persecu·
987 4069 1080 4123 liciam
1096 4085 1159 4140 quac
1174 4067 1539 4141 interpretaturassumptio
1549 4071 1745 4139 lamentabilis,
1754 4078 1787 4129 ut

136 4151 234 4214 tionis
242 4158 305 4214 veni
318 4157 551 4231 Hierosolymam,
567 4159 640 4215 sicut
654 4160 689 4215 ad
697 4158 781 4214 aliam
794 4160 947 4231 quamlibet
987 4158 1064 4213 illam
1079 4163 1236 4213 assumeret
1249 4157 1285 4212 ad
1300 4158 1383 4213 iidem
1405 4158 1519 4227 Christi,
1543 4165 1571 4216 et
1590 4177 1653 4218 eam
1674 4161 1788 4219 doceret

135 4239 290 4303 civitatem
313 4248 394 4314 irem,
416 4248 482 4302 siin
499 4265 562 4304 meo
576 4249 678 4304 itincre
693 4255 775 4314 esset,
792 4249 867 4304 rcrbi
881 4238 1115 4320 gra-Dhabitum
1130 4247 1300 4319 poenitentiae
1315 4252 1343 4303 et
1355 4249 1482 4304 lamenti.

135 4326 193 4399 ¹18,
213 4338 289 4393 utin
304 4338 462 4394 Samariam
483 4342 533 4391 aut
550 4338 579 4391 in
595 4339 747 4397 Bethleem.
764 4339 804 4393 De
820 4356 875 4410 qua
888 4340 946 4394 vice
1023 4339 1110 4392 Eram
1133 4343 1226 4392 aretem
1243 4340 1351 4405 tenetes
1365 4341 1436 4406 fecie
1450 4338 1581 4395 Ecclesiis
1600 4341 1711 4409 dadae,
1731 4349 1785 4402 eto.

136 4412 319 4483 dicitLucas
333 4428 364 4483 in
376 4426 491 4482 Actibus
505 4428 707 4498 apostolorum,
717 4429 755 4483 ed
768 4433 945 4483 antecessores
987 4428 1104 4497 Ignotus
1118 4428 1231 4498 quidem
1244 4434 1305 4482 erat
1318 4427 1398 4494 facie,
1415 4428 1464 4482 sed
1474 4430 1586 4484 nomine
1600 4436 1628 4484 et
1640 4431 1715 4486 fama
1725 4439 1786 4488 erat

136 4516 224 4572 meos
238 4522 378 4588 apostolos,
389 4519 461 4583 veni,
473 4518 607 4574 subaudis
615 4537 705 4592 neque
715 4537 800 4575 causa
808 4521 943 4588 discendi,
987 4520 1080 4570 notus.
1098 4515 1160 4569 Jam
1175 4515 1249 4569 enim
1264 4531 1316 4586 per
1329 4515 1540 4586 quatuordecim
1555 4532 1644 4571 annos
1659 4517 1786 4588 Evange-

135 4602 242 4672 1¹⁶«boue
252 4608 382 4664 visitandi
391 4624 440 4662 eos
450 4608 584 4678 istavice3
597 4610 642 4662 scd
652 4611 710 4664 abii
719 4614 748 4664 in
759 4612 902 4675 Arabiam,
911 4610 945 4665 de
986 4604 1054 4659 lium
1067 4604 1245 4675 praedicabat.
1261 4605 1324 4658 Non
1334 4604 1396 4659 ideo
1409 4604 1477 4657 dicit
1490 4605 1637 4675 pluraliter
1648 4607 1783 4676 ecclesiis,

138 4676 328 4753 Hierusalem
336 4697 471 4752 subaudis
483 4697 682 4768 fugerat-Dicit
696 4698 795 4753 beatus
809 4698 946 4771 Hierony·
987 4694 1060 4765 quod
1075 4694 1089 4747 J
1093 4693 1164 4747 udasi
1187 4698 1215 4746 et
1234 4698 1332 4763 gentes
1347 4693 1423 4746 misti
1439 4698 1542 4758 essent,
1559 4695 1608 4748 sed
1622 4698 1702 4749 bonta
1724 4701 1786 4752 erat

133 4777 211 4834 “¹¹¹⁸
225 4787 312 4852 :Quid
322 4787 392 4841 mihi
406 4786 519 4859 prodest
534 4786 557 4841 si
574 4788 657 4842 audio
668 4789 787 4843 Paulum
801 4787 902 4842 abiisse
915 4788 946 4842 in
988 4782 1139 4836 multitudo
1156 4782 1317 4836 iudeorum
1339 4781 1525 4848 credentium,
1542 4788 1573 4836 ut
1588 4784 1681 4855 plures
1696 4787 1786 4841 eccle-

136 4854 298 4945 Arabiam,
312 4880 341 4930 et
355 4892 497 4931 reversum
517 4877 582 4931 inde
602 4878 781 4944 Damascum,
803 4877 826 4931 si
853 4878 946 4932 nescio
987 4872 1043 4926 sias
1057 4871 1193 4938 lacerent,
1208 4874 1341 4939 quoniam
1353 4873 1403 4938 qai
1411 4874 1690 4942 persequebaturaos,
1705 4875 1787 4932 idest

136 4951 219 5014 quid
239 4964 276 5019 ibi
300 4965 418 5020 iecerit?
436 4966 564 5021 Forsitan
580 4966 736 5036 prohibitus
752 4971 823 5021 esta
840 4967 946 5038 Spiritu
987 4962 1133 5016 credentes
1143 4961 1172 5015 in
1183 4961 1337 5024 Christum,
1348 4960 1510 5027 aliquando,
1526 4960 1660 5016 subaudis
1675 4964 1787 5033 quaudo

137 5042 250 5108 simeto
259 5053 296 5108 ibi
306 5053 422 5109 verbum
432 5055 518 5126 loqui,
530 5055 603 5109 sicut
616 5055 645 5108 in
657 5056 725 5110 Asia
738 5075 743 5109 :
757 5056 875 5127 ideoque
889 5072 946 5110 nou
988 5058 1048 5107 ovat
1063 5052 1091 5106 in
1103 5050 1244 5121 judaismo
1259 5065 1334 5104 auae
1348 5052 1517 5117 creantem
1532 5053 1612 5119 fldem
1631 5068 1717 5121 quern
1730 5056 1786 5108 cli·

139 5115 224 5191 ‘¹⁸¹¹st
233 5142 376 5215 Scriptura
387 5143 454 5214 quid
465 5142 503 5196 ihi
517 5143 628 5211 iecerit3
644 5144 694 5199 sed
707 5145 731 5198 si
746 5145 946 5215 perpendImus
987 5143 1098 5210 quando
1106 5140 1288 5208 eaperpnedat,
1299 5138 1327 5193 id
1338 5144 1381 5193 est
1390 5145 1488 5194 contra
1497 5155 1581 5210 quam
1592 5140 1671 5195 valde
1681 5156 1788 5213 pugna·

137 5200 412 5303 Dirrpretacionem
423 5232 569 5287 nominum
584 5233 640 5288 itus
648 5239 677 5288 et
686 5233 793 5288 reditus
802 5234 888 5297 illius,
898 5234 948 5287 ali·
988 5229 1044 5284 hat.
1059 5230 1092 5283 a't
1106 5231 1138 5282 in
1153 5245 1195 5282 rae
1215 5229 1405 5294 clarificabant
1431 5230 1526 5297 Deera,
1548 5230 1629 5300 juxta
1641 5230 1712 5286 illud
1729 5247 1735 5283 :
1753 5230 1786 5286 rt

144 5307 319 5377 quantulum
332 5320 462 5377 utilitatis
476 5322 601 5378 invenire
614 5323 778 5396 poterimus.
795 5322 876 5386 Quod
894 5338 946 5377 au·
987 5321 1097 5375 videant
1108 5334 1190 5389 opera
1204 5324 1294 5373 cestre
1306 5320 1375 5373 horca
1384 5320 1492 5391 (dietih.
1509 5325 1548 5391 v),
1562 5325 1591 5375 et
1608 5319 1657 5392 qui
1671 5319 1706 5374 de
1718 5333 1784 5394 per·

147 5388 210 5461 ²⁸⁰1
222 5427 272 5497 per
283 5411 416 5475 Arabiam
430 5412 715 5495 iutelligamusvetus
722 5412 943 5489 Testamentum,
986 5413 1115 5482 secutore
1126 5408 1231 5478 lecerat
1243 5408 1458 5491 predicatorem
1473 5409 1496 5489 ll
1511 5409 1582 5470 Tim,
1600 5411 1633 5488 1).
