3818 6104
188 266 243 323 479
417 267 607 323 uniuersis
622 266 868 321 HALBERS'I'AT.
885 266 995 322 EPISC.
1015 266 1095 323 OPP.
1112 270 1205 326 PARS
1219 270 1243 326 1.
1264 299 1294 313 -
1312 267 1501 326 COMMENT.
1517 266 1609 324 alat.
1782 266 1831 322 480
1849 296 1901 357 t

189 390 242 446 bus
257 391 430 457 hominibus,
457 391 535 446 vobis
563 390 730 463 praepositis,
755 397 784 445 et
810 391 862 445 hoc
878 393 1097 462 propterASive
1109 394 1182 449 bona
1197 395 1235 449 sit
1250 394 1300 449 illa
1312 398 1448 466 potestas,
1464 409 1514 448 seu
1528 392 1614 458 mala,
1634 392 1796 463 quicunque
1807 392 1901 487 ⁰¹⁸&

190 479 292 541 Deum,
316 481 374 536 sive
395 487 510 552 propter
525 497 650 535 amorem
679 480 800 534 Domini.
817 476 989 551 inquantum
1032 483 1139 537 resistit
1148 483 1339 538 subtrahendo
1349 481 1494 538 servitium
1502 480 1588 544 aben,
1601 481 1769 551 denegando
1782 480 1838 534 tris
1842 507 1901 565 g

190 570 293 641 quippe
308 571 391 624 homo
403 586 458 624 non
469 570 586 623 attendit
596 571 696 634 Deum,
707 568 823 640 obsequi
835 578 864 623 et
878 569 991 624 obedire
1032 570 1141 633 butum,
1158 577 1187 626 et
1200 573 1332 625 honorem
1357 587 1414 625 non
1440 569 1591 641 praebenda
1603 585 1687 640 quem
1704 569 1731 622 ei
1753 568 1787 622 de

190 658 276 713 debet
290 658 462 712 celsioribus.
479 659 550 713 Nam
567 658 650 712 bomo
665 665 775 711 constat
794 674 826 711 ex
855 661 949 712 anima
964 665 991 713 et
1031 660 1166 730 praebere,
1178 661 1228 714 Dei
1238 656 1861 729 ordinationiresistitetdispositionimujiz,
1883 700 1901 717 ,

191 763 321 817 corpore:
339 753 367 801 et
382 747 410 800 in
425 747 521 801 anima
534 745 738 816 quidemdebet
748 763 859 800 serrare
869 747 992 801 etinvio-
1032 748 1208 802 ordinatione
1218 749 1258 802 illi
1269 748 1473 818 principantur.
1482 746 1699 812 Quidammale
1710 746 1837 806 sentiet

190 835 370 889 latamsidem
379 835 487 904 Deo„in
509 851 625 905 corpore
644 851 709 888 vero
724 835 805 889 debet
820 835 924 890 servire
937 836 991 891 sibi
1031 841 1084 900 tes,
1096 837 1146 891 bas
1155 835 1493 907 potestatesinterpretati
1504 833 1836 903 suntdaemonesdeqb

191 923 402 977 dominantibus
415 923 568 977 secundum
585 924 747 978 servitutem
763 925 908 995 presentis
918 925 988 979 ritae.
1033 923 1086 979 bus
1096 925 1125 979 in
1139 925 1264 996 Epistola
1275 925 1311 979 ad
1323 923 1458 996 Ephesios
1469 923 1575 978 dieitur
1591 941 1597 976 :
1613 923 1677 978 Non
1698 928 1738 976 est
1759 937 1793 976 aa
1806 883 1901 1029 ᾗ

190 1010 294 1066 Verum
309 1012 331 1065 si
347 1017 445 1066 contra
458 1012 523 1065 adei
536 1012 708 1083 propositum
724 1012 825 1067 viderit
839 1012 891 1067 sibi
906 1014 992 1084 impe-
1033 1016 1188 1067 colluctatio
1201 1015 1332 1068 adversm
1342 1028 1455 1068 caraem
1465 1018 1490 1067 et
1502 1011 1731 1080 sanquinemped
1740 1010 1776 1063 ad
1785 1027 1810 1045 κ

189 1100 274 1154 caria
290 1101 464 1172 principibus
472 1101 555 1170 hujus
566 1101 671 1165 saeeuli,
682 1101 739 1155 sive
746 1101 939 1170 potestatibus.
947 1104 988 1155 rel
1032 1119 1078 1154 sus
1087 1105 1226 1169 principes
1235 1107 1260 1155 et
1267 1106 1409 1170 potestates
1418 1101 1526 1171 (Epitra-
1535 1103 1582 1167 rt).
1599 1098 1657 1154 Sed
1666 1104 1721 1152 rste
1735 1098 1901 1204 κη’

190 1189 321 1255 dominis,
330 1195 397 1243 tunc
411 1207 461 1260 pro
477 1190 532 1244 side
546 1190 683 1260 usquead
698 1196 816 1243 mortem
827 1197 938 1261 satagat
951 1191 990 1244 le·
1032 1189 1110 1242 valde
1125 1194 1169 1242 est
1184 1189 1354 1260 superfluus,
1371 1188 1437 1259 quia
1449 1188 1480 1241 in
1502 1186 1581 1241 nullo
1595 1185 1733 1240 debemus
1750 1201 1879 1284 ⁸⁸3¹&

188 1275 712 1347 borarc,ne,qu0dmajusest,animam
727 1278 854 1331 videlieet
868 1279 985 1349 perdat:
1030 1277 1211 1331 damonibus.
1228 1280 1386 1345 Orientem
1401 1280 1533 1330 resistunt
1548 1273 1745 1346 potestatibus,
1760 1291 1860 1371 ὑφ’,

191 1366 324 1436 quoniam
338 1366 402 1419 licet
416 1366 464 1418 illa
474 1365 754 1436 potestasinterficiat
769 1382 869 1437 eorpus
882 1368 986 1436 gladio,
1030 1365 1083 1420 bus
1092 1366 1223 1420 videlieet
1237 1372 1265 1420 et
1273 1364 1455 1436 principibus,
1466 1372 1495 1418 et
1502 1363 1625 1418 dominis
1636 1363 1706 1424 suis,
1720 1366 1849 1444 “P‘'Se'es

190 1453 314 1507 animam
327 1460 422 1507 autem
443 1470 499 1507 non
522 1459 614 1525 potest
635 1454 770 1508 occidere.
787 1457 848 1510 Noa
863 1461 900 1509 est
914 1459 990 1509 eaba
1031 1454 1238 1507 damnationem
1253 1456 1413 1521 acquirunt.
1431 1452 1485 1506 Pro
1505 1451 1642 1521 qualitate
1655 1449 1729 1504 enim
1743 1466 1831 1532 stupa

189 1546 306 1610 potestas
320 1544 378 1595 nisi
391 1558 408 1595 o
423 1543 485 1595 Deo.
495 1542 593 1596 Omnis
603 1548 737 1613 potestas,
754 1542 810 1596 sive
821 1543 920 1612 major,
932 1544 989 1598 sire
1030 1541 1180 1612 acquirunt
1194 1541 1247 1596 sibi
1264 1541 1426 1607 vindictam,
1442 1540 1596 1611 quiairatoe
1609 1539 1665 1594 illae
1679 1544 1820 1610 potestates

76 1668 86 1690 ,
159 1630 293 1696 ¹minor,
310 1647 371 1700 quae
387 1631 547 1685 hominibus
561 1637 719 1702 praestatur,
739 1640 788 1686 aut
799 1649 832 1686 ex
845 1633 989 1688 voluntate
1030 1632 1096 1686 dum
1110 1632 1213 1686 subditi
1227 1631 1268 1686 eis
1293 1647 1391 1702 parere
1416 1633 1613 1692 contemnunt,
1625 1633 1676 1682 aut
1700 1629 1816 1686 occidant
1899 1622 1901 1629 '

189 1718 251 1783 Dei,
263 1725 351 1773 autex
361 1720 544 1790 permissione
556 1721 708 1774 constituta
720 1727 771 1784 est,
792 1721 865 1775 sicut
884 1697 1018 1777 diciturB
1030 1735 1088 1783 eos,
1102 1720 1191 1774 autin
1207 1736 1347 1774 carcerem
1363 1719 1490 1784 mittunt,
1503 1717 1647 1772 autetiam
1655 1716 1684 1770 in
1703 1716 1816 1770 exsilium

188 1822 240 1877 per
247 1807 423 1862 Salomonem
432 1808 442 1862 l
445 1810 523 1863 Pron.
534 1813 591 1877 viii)
609 1828 615 1862 :
632 1809 686 1862 Per
705 1825 749 1862 me
763 1826 843 1879 reges
857 1817 986 1880 regnant,
1029 1807 1164 1878 dirigunt.
1174 1808 1204 1863 si
1217 1807 1479 1879 quaesieritaliquis,
1498 1823 1548 1860 cur
1563 1805 1699 1860 Dominus
1711 1804 1822 1858 danna·
1897 1796 1901 1857 l

189 1896 366 1966 etprincipcs
376 1896 685 1966 docueruntjustitiam.
695 1897 723 1951 Si
731 1904 825 1952 autern
837 1899 988 1968 quaerimus
1029 1897 1100 1950 verit
1106 1914 1229 1960 serrum,
1240 1903 1290 1951 aut
1297 1893 1608 1966 princepssubjectumi
1618 1893 1758 1963 responde:
1766 1893 1829 1946 Re·

189 2001 278 2057 quara
292 1986 335 2039 hae
349 1992 502 2056 potestates
528 1986 673 2058 ordinata⁸
689 1987 755 2049 sint,
771 1987 798 2040 id
827 1987 986 2053 dicendum,
1029 1984 1147 2039 sistebat
1161 1985 1240 2050 milii,
1254 1991 1282 2039 et
1309 1984 1412 2039 idcirco
1438 1983 1587 2037 vindictam
1612 1981 1706 2052 accepi
1718 1997 1746 2034 es
1758 1981 1836 2034 itto-

188 2074 263 2145 quod
279 2090 369 2144 genus
385 2074 539 2128 burrianum
560 2074 675 2128 bestiale
700 2075 840 2141 ellectum,
867 2075 989 2131 belluino
1031 2073 1272 2128 Considerandum
1300 2078 1406 2136 autem,
1423 2071 1489 2142 quia
1512 2087 1569 2125 non
1592 2070 1628 2124 de
1649 2068 1845 2123 damnatione

189 2178 269 2216 more
285 2170 384 2216 contra
397 2180 426 2216 se
441 2162 524 2233 coepit
550 2164 655 2228 saevire,
682 2163 833 2223 intantum.
854 2174 886 2218 ut
903 2166 987 2236 priam
1030 2168 1135 2216 aterna
1144 2161 1436 2232 loquiturtlpostolus,
1446 2160 1497 2216 sed
1505 2160 1542 2214 de
1551 2146 1849 2230 corporui,e0moc10

190 2251 317 2320 parentis
331 2250 406 2304 filius
417 2250 445 2303 in
468 2251 584 2304 fratrem
613 2268 796 2321 consurgam,
817 2251 987 2307 interfecerit
1027 2268 1083 2322 quo
1097 2251 1203 2305 dictum
1218 2249 1363 2304 habemus.

190 2354 266 2392 eum.
283 2339 440 2392 Bestiarum
452 2339 526 2392 enim
543 2347 585 2393 est
600 2346 627 2393 et
639 2340 761 2394 hominis
775 2341 942 2412 discerpere,
958 2349 987 2397 et
1062 2338 1585 2406 Nampriaeipesnantuattimeriboni
1595 2331 1823 2404 sperandast
1838 2323 1858 2383 b

86 2452 89 2459 ·
190 2443 221 2481 se
235 2427 352 2481 invicem
364 2428 487 2481 lacerare
500 2434 584 2498 atque
599 2428 743 2482 devorare.
769 2428 853 2482 Verbi
870 2431 962 2500 gratia
977 2448 983 2482 :
1026 2427 1055 2481 id
1063 2427 1287 2496 cst‚nonsuntad
1296 2426 1347 2480 hoc
1354 2426 1499 2480 constituti
1509 2431 1541 2480 ut
1550 2426 1682 2479 timorem
1690 2422 1784 2478 inentia
1791 2414 1862 2472 fil

189 2512 247 2568 Leo
257 2514 372 2569 devorat
387 2516 528 2570 hominem
540 2522 567 2569 et
582 2533 687 2579 ursum,
705 2534 788 2570 ursus
802 2524 831 2570 et
845 2518 927 2588 lupus
940 2519 987 2573 de·
1028 2514 1795 2587 benelaborantibusetbonooperiinsistentibus,sedm
1814 2516 1864 2557 ¹·

187 2609 289 2657 vorant
302 2603 439 2666 homines,
449 2603 541 2665 boves,
552 2611 659 2658 etoves.
678 2606 736 2658 liae
752 2605 786 2658 de
801 2623 884 2660 causa
899 2607 988 2661 omni«
1028 2604 1220 2659 lelaeientibus
1230 2611 1260 2658 et
1269 2604 1375 2658 servire
1382 2603 1552 2657 nolentibus.
1570 2603 1642 2657 Nam
1654 2602 1690 2656 ad
1700 2602 1785 2655 bocsu
1801 2594 1865 2648 li

188 2693 369 2764 potensDeus
381 2692 708 2747 bestialibushominibus
724 2694 863 2765 principes
883 2712 988 2767 praepo·
1027 2693 1183 2759 constituti,
1195 2699 1228 2747 ut
1239 2692 1310 2747 bene
1324 2692 1484 2746 laborantes
1498 2691 1616 2745 laudent
1640 2697 1670 2744 et
1682 2684 1862 2759 adjurent

187 2783 254 2848 suit,
269 2789 410 2837 uteorum
426 2789 534 2836 terrore
548 2782 685 2836 acerbitas
700 2783 858 2839 animorum
874 2784 985 2839 illorum
1027 2783 1101 2836 male
1117 2782 1324 2836 verofacientes
1334 2782 1479 2835 damnent.
1492 2780 1546 2835 Sed
1558 2779 1583 2834 si
1598 2779 1662 2850 quis
1670 2778 1769 2832 bonnm
1782 2771 1863 2830 fit·

186 2872 398 2943 reprimeretur.
415 2872 487 2926 Sunt
498 2872 584 2924 etiam
600 2872 690 2942 pisces
700 2872 770 2926 alios
784 2873 983 2943 deglutientes,
1027 2871 1074 2934 cit,
1087 2886 1142 2924 non
1150 2869 1232 2924 timet
1241 2875 1410 2940 potestatem
1422 2888 1427 2923 :
1440 2868 1488 2939 qui
1503 2884 1569 2922 vero
1582 2867 1688 2921 malum
1697 2855 1862 2924 uastat

187 2976 257 3030 quos
271 2959 456 3012 imitabantur
477 2960 604 3013 homines
619 2960 647 3013 in
663 2961 733 3014 alios
748 2961 903 3025 saevientes,
920 2978 987 3032 quo·
1028 2957 1231 3023 eodamnatur3
1243 2958 1317 3012 unde
1327 2957 1420 3013 subdit
1431 2958 1581 3028 Apostolus
1595 2975 1601 3010 :
1614 2958 1656 3009 Vis
1666 2961 1862 3009 autemnon

185 3063 249 3101 rum
260 3047 405 3100 temeritas
419 3047 575 3117 principum
587 3048 736 3102 tormidine
748 3049 843 3103 sedata
859 3056 911 3103 est.
925 3051 988 3116 Oua
1029 3049 1124 3099 timere
1137 3052 1317 3115 potestatem?
1332 3049 1432 3101 borram
1446 3048 1500 3114 fac,
1512 3051 1538 3099 et
1551 3046 1661 3099 babebis
1672 3045 1775 3097 uadem
1827 3050 1864 3088 «τ

121 3182 127 3191 ,
187 3140 280 3187 uatem
295 3141 371 3200 suat,
387 3134 521 3188 subaudis
534 3141 688 3205 potestates
706 3154 791 3207 super
804 3137 874 3191 alios
893 3154 909 3191 a
929 3139 985 3191 Deo
1027 3136 1089 3187 illa.
1102 3134 1164 3189 Non
1177 3134 1245 3188 dicit
1258 3133 1383 3188 laudabit
1397 3139 1425 3188 te
1435 3134 1484 3188 illa
1498 3139 1633 3205 potestas,
1649 3133 1715 3203 quia
1729 3132 1785 3186 mul
1809 3132 1863 3178 ¹10

186 3221 332 3287 ordinatae,
348 3223 406 3275 sive
421 3238 482 3291 quae
493 3230 560 3276 sunt
568 3224 633 3292 jura
650 3230 831 3294 potestatum,
842 3242 860 3278 a
875 3228 926 3278 Dea
939 3241 984 3279 or·
1026 3229 1180 3292 potestates
1189 3229 1264 3289 sunt,
1280 3224 1376 3294 quaein
1387 3223 1505 3278 subditis
1520 3224 1610 3294 magis
1624 3223 1731 3277 malum
1741 3227 1866 3293 quum

186 3312 289 3364 dinats
301 3317 376 3364 strat.
390 3310 546 3363 potestates
561 3313 665 3365 etenim
682 3313 722 3366 rel
734 3313 800 3381 J'ura
813 3320 983 3383 potestatum
1025 3310 1128 3367 bonum
1140 3312 1326 3382 diligunt,sed
1338 3311 1668 3367 habebislaudemexilla
1677 3315 1798 3382 potesta
1806 3309 1867 3360 ie,

186 3413 247 3469 quaa
257 3398 286 3451 in
295 3398 398 3452 mundo
410 3398 611 3468 principantur,
628 3399 713 3453 aDeo
727 3401 886 3454 constitutae
907 3409 981 3468 sunt,
1025 3399 1053 3454 id
1067 3407 1117 3464 est,
1130 3401 1191 3471 ipsa
1205 3402 1259 3456 erit
1273 3403 1381 3456 occasio
1388 3406 1420 3456 ut
1435 3401 1518 3455 laude
1528 3401 1630 3471 dignus
1653 3400 1702 3465 sis,
1720 3397 1819 3470 quim
1850 3387 1869 3443 Si

185 3486 322 3556 sicutjam
332 3486 637 3557 supradiximusUndc
647 3487 859 3541 Dominusdixit
869 3489 958 3543 Pilato
974 3507 981 3542 :
1026 3491 1074 3541 tuo
1089 3489 1258 3559 exempload
1270 3490 1354 3544 iidem
1369 3489 1410 3543 vel
1423 3489 1541 3560 justitiae
1554 3504 1640 3560 opera
1663 3488 1747 3542 fuerit
1760 3504 1776 3557 p
1794 3494 1870 3534 ἀΐ-

185 3576 245 3631 Non
262 3577 372 3630 leoberes
385 3581 417 3629 tn
433 3592 474 3628 irre
489 3581 656 3643 potestatem,
675 3580 732 3629 atsi
745 3579 796 3630 tr'ta'
805 3579 901 3631 dattrm
916 3585 982 3632 niret
1025 3576 1118 3641 ducta,
1134 3577 1294 3631 laudaberis
1304 3584 1362 3632 tarn
1374 3577 1409 3631 ab
1424 3579 1482 3641 illa,
1500 3593 1584 3649 quam
1601 3576 1687 3631 etiam
1701 3575 1783 3630 abal
1820 3569 1870 3631 ‘iia

185 3665 299 3732 desuper
312 3667 404 3730 (tonte.
417 3665 484 3731 xix).
500 3663 606 3727 Quibus
630 3664 720 3719 verbis
744 3665 893 3726 indicatur,
907 3667 981 3737 quod
1023 3670 1053 3718 et
1066 3665 1140 3735 apud
1153 3666 1242 3720 Deum
1256 3682 1368 3737 quoque
1382 3666 1465 3721 laude
1476 3666 1579 3737 dignus
1593 3665 1660 3720 eris.
1671 3665 1761 3719 Aliter
1822 3653 1870 3712 :li

184 3750 846 3822 sivebonapotestns,utDavid‚seumalasuerit,
859 3757 979 3822 utNero‚
1022 3760 1146 3824 potestas
1158 3754 1207 3808 illa
1221 3771 1310 3825 usque
1326 3755 1361 3809 ad
1374 3761 1491 3810 mortem
1517 3755 1608 3825 poenis
1636 3760 1665 3808 ta
1678 3753 1776 3808 aillixe
1792 3746 1867 3807 iil,

184 3855 240 3894 non
257 3846 300 3893 est
314 3840 366 3893 nisi
382 3846 432 3894 aut
444 3842 553 3895 volente
566 3849 616 3895 aut
636 3843 817 3913 permittente
838 3845 903 3898 Deo.
921 3845 982 3899 Hoc
1024 3841 1107 3895 autin
1118 3842 1362 3913 aliquoeontraria
1375 3843 1524 3907 exstiterit,
1536 3839 1824 3913 utquoquelegiti
1834 3848 1865 3888 ut

184 3934 279 3982 autem
286 3933 376 3983 totum
388 3930 490 3983 idcirco
498 3933 677 4001 prosequitur
686 3934 845 4003 Apostolus,
860 3941 892 3988 ut
906 3942 983 4004 pote-
1023 3930 1191 3985 decertando
1205 3939 1323 3985 neonem
1337 3932 1519 4003 autaliquem
1536 3931 1669 4001 injuriam
1684 3930 1863 4001 patienter

183 4018 303 4072 statibus
318 4018 420 4073 subditi
436 4019 502 4082 sint,
519 4020 584 4090 quia
599 4022 726 4099 nonnulli
743 4021 826 4083 tsicut
839 4023 897 4092 jam
909 4022 981 4075 dixi·
1023 4019 1183 4089 pertuleris,
1195 4019 1311 4075 habebis
1321 4037 1354 4075 ex
1364 4020 1413 4074 illa
1424 4020 1546 4085 laudern,
1559 4019 1586 4074 id
1607 4025 1659 4078 est,
1675 4019 1739 4089 ipsa
1751 4029 1858 4088 pre

184 4102 406 4166 mustadsidem
424 4104 575 4168 venientes,
599 4105 746 4175 pristinum
776 4105 939 4177 obsequium
953 4112 981 4160 et
1022 4106 1099 4160 bebit
1114 4109 1288 4163 occasionem
1300 4105 1371 4164 utlu
1387 4109 1525 4163 lauderis:
1542 4112 1609 4179 quia
1623 4107 1769 4180 percipies
1813 4117 1852 4172 pre

183 4190 426 4259 servitium,quasi
436 4191 624 4255 liberiellecti,
636 4193 756 4246 dominis
771 4200 800 4246 et
811 4193 983 4265 principibus
1025 4196 1265 4266 persecutionibus
1275 4199 1337 4267 ejus
1351 4197 1400 4251 tibi
1410 4196 1542 4267 irrogatis
1557 4202 1725 4268 perpetuam
1737 4192 1847 4247 beat·

183 4277 518 4343 suisnolebantreddere,
529 4295 593 4331 cum
606 4281 891 4335 Dominustesusnon
904 4300 983 4338 rene·
993 4285 1161 4367 Dtudinem,
1172 4285 1447 4357 etlaudaberisapud
1461 4286 1583 4340 Deumet
1593 4284 1733 4339 homines.
1747 4280 1840 4335 Gon-

181 4364 221 4419 rit
231 4364 405 4418 conditiones
420 4373 538 4429 mutare,
550 4368 597 4421 sed
612 4368 720 4422 animas
743 4370 770 4422 in
796 4377 932 4425 aeternum
944 4373 981 4426 vi·
1023 4373 1180 4426 sideramus
1195 4372 1380 4429 Laurentium
1390 4375 1437 4445 qui
1446 4390 1496 4444 pro
1509 4373 1615 4428 Christi
1623 4372 1736 4428 nomine
1745 4383 1833 4424 acer·

181 4459 276 4508 cturas
288 4454 405 4507 salvare.
423 4454 559 4509 Dicebant
574 4455 647 4509 enim
675 4457 794 4511 Romani
809 4458 955 4514 credentes
971 4480 977 4514 :
1021 4461 1093 4514 rime
1101 4469 1143 4515 est
1157 4464 1307 4517 ustulatus.
1324 4460 1691 4531 Nonluissetlaudedignus
1701 4455 1825 4531 perfect

180 4542 239 4598 Nos
249 4542 520 4614 quidirinislegibus
530 4546 765 4614 paremusetDeo
775 4547 980 4612 servimusmon
1021 4548 1160 4609 inventus,
1177 4550 1231 4604 nisi
1246 4567 1325 4605 asuo
1340 4556 1518 4622 persecutore
1533 4551 1635 4604 fuisset
1660 4549 1816 4604 ustulatus:

180 4631 315 4688 debemus
325 4633 428 4687 servire
438 4649 490 4686 nec
500 4633 633 4686 honorem
642 4633 765 4703 praebere
775 4636 889 4699 Neroni,
901 4637 978 4690 aliis·
1020 4637 1139 4707 ideoque
1150 4638 1210 4708 ipsa
1225 4644 1349 4709 potestas
1363 4638 1416 4692 fuit
1425 4638 1532 4693 occasio
1547 4635 1640 4691 laudis
1650 4637 1721 4706 eius.
1732 4629 1811 4687 Sinde

181 4739 235 4794 que
244 4722 431 4793 potestatibus
439 4723 566 4776 terrenis.
575 4723 634 4786 Qua
638 4725 978 4794 proptcrdpostolustalia
1020 4728 1128 4781 caeteris
1142 4727 1246 4780 sanctis
1261 4725 1433 4798 martyribus
1443 4733 1486 4780 est
1501 4727 1725 4797 intelligendum,
1738 4730 1768 4781 et
1777 4723 1802 4775 dt

179 4811 291 4881 scripsit
301 4811 475 4866 eis.Poterat
485 4811 780 4882 namquescandalum
801 4813 876 4865 nasei
892 4813 979 4866 domi-
1020 4815 1150 4869 omnibus
1165 4815 1212 4885 qui
1229 4815 1332 4884 injuste
1348 4816 1529 4872 damnantur.

180 4897 257 4951 niset
268 4899 448 4970 principibus,
472 4902 496 4955 si
511 4901 585 4955 servi
599 4907 628 4954 et
651 4899 769 4970 subjecti
785 4917 881 4955 aarum
898 4903 978 4956 Chri·
1055 4905 1103 4957 Dei
1115 4907 1190 4957 enirn
1201 4907 1331 4957 minister
1340 4908 1377 4957 est
1391 4905 1442 4957 tibi
1456 4907 1487 4957 in
1497 4907 1609 4958 tonum.
1623 4904 1748 4960 Deianira
1761 4899 1795 4951 ¹¹¹1·

179 4984 263 5037 stiani
273 4987 978 5045 ellectiasereitioillorumefficerenturalieni.No-
1019 4992 1108 5045 nister
1122 4998 1175 5057 est,
1191 4992 1218 5045 id
1234 4998 1314 5056 est,a
1337 4991 1395 5045 Deo
1415 4993 1584 5047 constitutus
1599 4999 1644 5048 est
1669 4994 1704 5048 ad
1717 4995 1793 5046 bonan
1889 4992 1901 5014 ’⁴

179 5077 254 5126 cerel
265 5073 523 5142 quoqueucctesiae,
537 5078 603 5131 dum
619 5095 675 5132 non
690 5079 975 5149 permitterenturalii
1016 5086 1109 5145 tuum,
1120 5087 1152 5135 ut
1162 5097 1212 5134 suo
1222 5081 1323 5135 timore
1333 5072 1656 5150 etadjtitoriocustodiat
1665 5088 1694 5137 et
1706 5081 1792 5136 matur

179 5159 302 5218 credere,
315 5175 377 5212 cum
387 5163 477 5230 magis
488 5165 618 5219 meliores
632 5167 751 5221 debeant
766 5168 976 5222 dominiserros
1019 5174 1099 5227 teme
1110 5168 1287 5223 interficiaris
1297 5168 1332 5222 ab
1348 5169 1462 5223 inimico
1472 5175 1529 5223 tuo.
1549 5177 1578 5225 et
1592 5177 1671 5225 tuam
1686 5170 1790 5224 substan·
1883 5232 1901 5253 ἡ

179 5247 977 5328 sriosrecipere,lrdelesChristiallectosflocetipsaveri·
1019 5256 1791 5331 tiamnondiripiantalii.Alitertsuntmultiquinolunt
1852 5266 1855 5271 “
1892 5307 1896 5311 .

176 5336 976 5414 taspersemetipsampraecipit‚‹licens:llertdttereponite
1019 5362 1103 5416 agere
1119 5346 1290 5406 malumserl
1303 5346 1403 5399 timent
1416 5352 1583 5416 potestatem
1600 5346 1793 5405 mundanamet
1895 5338 1901 5355 ⁴

175 5427 364 5481 araitinsaris
376 5427 579 5493 decorantque
589 5433 709 5483 ruatber·
722 5435 881 5492 Deopllattlt.
894 5440 974 5501 xxii).
1018 5452 1103 5488 eausa
1118 5436 1203 5504 hujus
1218 5434 1327 5487 timoris
1343 5450 1398 5487 non
1422 5434 1582 5504 percipiunt
1597 5436 1672 5506 quod
1692 5433 1792 5506 cupiunt

209 5516 973 5585 lunaeque·restimpotestatibe·tertiatione-atsur.
1018 5524 1250 5595 Ei·goadbonum
1261 5523 1374 5578 illorum
1384 5539 1419 5578 ne
1430 5521 1659 5591 laciantmalum,
1667 5530 1798 5597 potestates
1856 5522 1860 5527 '
1899 5518 1901 5522 ’
