3840 6098
49 213 122 272 1069
339 187 344 195 .
514 214 704 272 EXPOSITIO
720 217 757 272 IN
772 214 1031 271 ardentinam.
1052 245 1087 254 -
1101 210 1170 270 LIB.
1188 214 1238 270 111.
1612 218 1683 279 1070

50 348 214 414 computare
230 344 317 397 intus.
334 344 388 397 Per
402 344 504 398 atrium
519 350 612 398 autem
626 345 698 414 quod
714 344 781 397 ioris
794 349 845 397 est.
858 344 946 412 liquo
961 342 1122 395 submersus
1134 346 1177 395 est
1193 343 1301 396 Pharao
1317 360 1378 397 cum
1395 343 1637 410 suiserercitibus,
1655 349 1684 404 id

51 430 252 500 intelliguntur
267 432 400 491 haeretici.
416 431 682 502 paganietludiri,
701 431 802 502 quibus
815 429 848 482 ad
891 429 1076 484 estdiabolas
1102 448 1164 484 cuni
1190 424 1319 485 omnibus
1343 434 1463 503 peccatis
1490 434 1681 504 originalibus

50 524 323 574 sanctasanctorum
337 517 433 575 nullus
448 525 525 591 patet
537 521 689 590 ingressus,
705 514 850 591 dequibus
891 515 969 582 Quod
985 535 1051 589 ergo
1067 515 1104 572 ibi
1120 535 1169 590 per
1184 518 1371 592 quadraginta
1385 520 1455 576 duas
1479 524 1638 579 mansiones
1656 526 1686 581 in

52 609 157 664 Paulus
172 606 258 662 dicit:
271 609 443 676 (liiidmdem
457 608 529 662 milii
539 609 569 661 de
586 609 628 660 his
639 611 688 675 ‘pur'
702 608 771 674 foria
785 610 850 660 ,trial
891 606 982 678 figura
995 608 1098 661 factum
1109 608 1257 678 praecessit,
1268 607 1320 663 hoc
1329 610 1373 663 hic
1383 627 1433 681 per
1444 628 1553 666 mensos
1567 612 1690 684 figurata

45 696 178 764 judicare
188 699 229 767 ΡΗ
240 699 300 750 sor.
312 697 469 758 amicatur
479 713 554 767 orgo,
563 713 598 749 ne
610 693 734 749 metiaris
747 694 849 748 atrium
893 691 1297 766 locutioexpressitlliensibus
1308 714 1373 767 ergo
1385 699 1689 770 quadragintaduobus

53 786 128 855 quod
137 784 204 839 iaris
213 789 264 848 est,
277 784 304 838 id
317 786 428 848 esl,noli
440 782 510 839 tales
521 790 684 855 computare
695 784 722 837 in
735 798 852 837 numero
893 782 1017 835 calcatur
1028 778 1134 846 civitas,
1147 784 1213 853 quia
1228 784 1351 855 quandiu
1368 787 1396 839 in
1411 789 1557 857 praesentis
1572 791 1635 846 vltae
1644 791 1689 845 iti·

52 879 226 931 sanctorum.
240 875 371 942 peroratam
386 872 531 927 ‹latumiat
541 871 709 940 parilibuald
722 877 853 934 est,com-
894 887 960 925 nere
973 872 1083 935 transit,
1106 873 1328 942 persecutionem
1343 873 1378 928 ab
1393 875 1486 946 impiis
1500 878 1623 933 sustinet
1636 879 1689 934 Ec-

54 961 134 1015 muni
148 967 289 1014 tormento
304 956 444 1032 peribunt,
460 972 488 1015 et
501 961 575 1014 inter
587 977 634 1014 eos
649 959 854 1031 reputabuntur
894 960 987 1013 clesia.
1376 966 1379 972 '

56 1049 104 1120 qui
118 1044 191 1103 idola
207 1050 313 1114 colunt,
334 1048 466 1120 quoniam
481 1056 509 1103 et
538 1045 576 1102 illi
603 1049 751 1102 simulacra
764 1050 853 1101 colere
931 1044 963 1101 Et
978 1044 1161 1101 daboduoiius
1177 1050 1288 1105 testibus
1301 1056 1377 1116 areis,
1388 1059 1412 1108 ct
1429 1056 1643 1124 prophetabunt,
1659 1058 1689 1113 id

56 1132 197 1203 vitientur,
220 1138 398 1193 mendacium
415 1157 464 1209 pro
478 1139 595 1192 raritate
611 1145 746 1192 tenentos¹
765 1132 852 1190 ludaei
897 1143 939 1191 est
950 1131 1022 1190 dabo
1037 1145 1069 1190 ut
1081 1132 1257 1208 prophetent,
1274 1142 1368 1194 diebus
1386 1146 1460 1196 mille
1474 1145 1599 1200 duceretis
1610 1163 1691 1200 scra·

56 1221 463 1282 sedicunrcreoereinaeum
476 1222 854 1288 Patremmedmentiuntur,
896 1225 984 1292 pinta.
1001 1224 1052 1277 llic
1066 1226 1151 1279 etiam
1165 1233 1192 1279 et
1217 1227 1244 1280 in
1274 1231 1695 1304 nunieroelierum,quijuncti

58 1314 183 1386 quiaqui
195 1310 345 1369 nonhabet
356 1310 467 1379 Filium,
480 1330 531 1369 nec
542 1310 653 1368 Patrem
666 1310 759 1380 habet,
771 1312 856 1384 etqui
897 1310 1003 1366 iaciunt
1017 1309 1369 1379 annostresetdimidium,
1389 1325 1418 1371 et
1431 1319 1460 1373 in
1470 1321 1592 1376 adventu
1606 1323 1693 1379 etium

58 1412 114 1456 aon
123 1401 289 1457 honorificat
300 1403 411 1461 Filium,
431 1421 486 1457 non
502 1401 668 1458 honorificat
679 1402 790 1457 Patrem
809 1398 856 1473 qai
899 1408 926 1455 et
941 1402 1088 1473 prophetia
1102 1403 1220 1457 duorum
1237 1405 1352 1459 testium
1375 1408 1522 1463 manifeste
1536 1407 1694 1465 ostenditur

58 1491 138 1545 misit
152 1492 241 1545 illurn.
256 1488 431 1546 Mendacium
451 1510 517 1563 ergo
532 1495 635 1556 colunt,
654 1491 855 1563 quiveritatem
898 1491 1063 1560 persecutio,
1079 1497 1107 1544 et
1121 1509 1237 1562 regnum
1271 1493 1448 1549 Antichristi.
1470 1496 1509 1549 De
1528 1497 1572 1551 his
1591 1498 1696 1569 quippe

58 1595 115 1633 non
131 1580 258 1633 adorant.
278 1578 405 1635 llieretici
421 1596 532 1652 alnoque
554 1582 678 1635 diversos
693 1597 802 1634 errores
822 1576 856 1632 (le
898 1570 1006 1632 duobus
1016 1573 1135 1633 testibus
1146 1581 1282 1635 Dominus
1293 1599 1342 1653 per
1351 1584 1515 1638 Malachiam
1528 1587 1695 1657 prophetam

59 1662 180 1722 Domino
190 1666 323 1732 latentur,
337 1669 409 1722 unde
423 1670 489 1739 quia
504 1687 520 1722 a
535 1668 652 1722 veritate
663 1664 806 1729 recedunt,
819 1664 857 1720 si·
867 1651 889 1708 Β
899 1667 984 1720 dicit:
998 1662 1061 1721 Eece
1070 1684 1115 1736 rgo
1124 1672 1234 1722 mittam
1247 1672 1320 1723 robis
1331 1671 1421 1725 Enoch
1432 1678 1455 1726 ct
1474 1673 1575 1739 Elium,
1591 1682 1623 1729 ut
1635 1693 1696 1731 aaa·

60 1750 143 1810 miles
154 1754 286 1827 gentibus
297 1754 529 1819 habentur,rerbi
539 1757 631 1827 gratia
644 1777 649 1810 :
662 1756 801 1811 Sabellius
814 1753 859 1809 di·
898 1762 1007 1809 certant
1031 1758 1113 1809 corda
1133 1764 1249 1825 patrum
1266 1761 1303 1812 ad
1316 1761 1397 1826 filios,
1413 1766 1438 1814 et
1464 1778 1510 1815 cor
1522 1765 1696 1830 fitiorumed

60 1845 101 1898 cil
111 1840 183 1915 quod
195 1844 268 1898 idem
285 1840 469 1917 sitl'aterqul
484 1844 582 1909 Filius,
600 1852 628 1899 et
642 1846 708 1914 quia
723 1845 792 1898 duris
802 1861 857 1898 non
896 1850 989 1912 patrer
1005 1859 1099 1897 eorum
1120 1847 1229 1913 (illatttr.
1252 1847 1298 1917 iv).
1312 1842 1346 1901 Et
1360 1848 1389 1902 in
1401 1849 1544 1919 evangelio
1559 1851 1619 1921 ipse
1638 1852 1695 1907 Do·

60 1932 287 2003 rultintelligere
294 1951 426 2004 personas
435 1934 463 1987 in
474 1932 557 1988 Patre
568 1939 596 1988 et
609 1928 688 1996 Filio,
702 1931 800 1987 similis
816 1939 859 1987 est
900 1931 1008 1984 minus:
1025 1933 1100 1986 Elias
1112 1935 1223 1987 rra-ima
1235 1938 1359 1990 restituet
1379 1939 1451 1990 robis
1477 1945 1575 1993 ornatu
1585 1941 1691 2004 (Merra.

59 2019 313 2075 etetiamdeterior
323 2023 448 2093 paganis.
463 2018 600 2076 Photinus
612 2039 723 2093 quoque
737 2022 860 2076 affirmat
899 2019 975 2090 xva).
987 2020 1035 2073 lsti
1048 2038 1114 2091 ergo
1129 2023 1272 2077 venientes
1291 2016 1508 2095 prophetabunt,
1523 2026 1551 2080 id
1566 2032 1609 2082 est
1623 2044 1696 2098 prab

61 2124 126 2162 eum
144 2119 243 2178 purum
260 2110 579 2178 hominem,necluissc
605 2107 811 2169 antellariam.
832 2116 861 2165 et
901 2103 1042 2169 dicabunt,
1055 2110 1130 2179 quia.
1143 2117 1174 2164 ut
1186 2112 1387 2181 supradictum
1397 2120 1448 2178 est,
1460 2116 1629 2186 prophetare
1642 2117 1698 2172 ali·

61 2197 116 2250 iste
128 2190 228 2251 similis
243 2207 284 2251 est
298 2197 439 2269 gentibus,
456 2198 502 2270 qui
534 2196 714 2253 simulacrum
736 2192 860 2252 hominis
902 2190 1014 2267 qnando
1026 2199 1138 2264 ponitur
1148 2216 1198 2269 pro
1209 2199 1369 2270 praedicare.
1382 2202 1485 2257 Diebus
1500 2204 1576 2257 mille
1590 2205 1696 2260 dueen-

61 2283 861 2351 mortuiseadorareintentandumsolummodoChristum
902 2285 1152 2354 tissexaginta.id
1169 2288 1313 2341 esttribus
1342 2290 1424 2344 annis
1450 2296 1479 2344 et
1501 2291 1626 2354 dimidio,
1647 2294 1696 2363 qul

61 2368 207 2429 bominem
219 2377 306 2430 luisse
321 2370 397 2433 dicit.
415 2382 442 2430 et
457 2374 544 2430 Deum
561 2384 653 2446 negat.
671 2376 704 2430 Et
733 2376 794 2430 ideo
815 2376 861 2430 isti
902 2373 1148 2427 interficienturab
1159 2375 1324 2430 antichristo
1345 2379 1448 2431 ›lraictr'
1456 2381 1550 2441 scaeis,
1561 2380 1628 2450 quia
1643 2392 1699 2451 pre·

62 2460 136 2516 tales
151 2469 235 2534 atquc
248 2481 343 2517 eorum
359 2464 474 2530 similes,
491 2464 576 2518 velint
590 2458 689 2524 nolint,
707 2465 733 2517 in
747 2460 859 2518 illorum
902 2461 1489 2534 nitentiamquampraedicabuntoreetiam
1501 2467 1699 2524 habituosten-

62 2556 214 2607 transcunt
227 2562 386 2607 numerum.
402 2553 450 2624 qui
465 2553 601 2623 imagines
609 2560 783 2607 niortaorum
797 2553 862 2606 ado·
902 2551 979 2617 dent,
1000 2551 1072 2603 sicut
1085 2551 1151 2604 lecit
1165 2551 1263 2605 beatus
1276 2552 1409 2611 loannes
1423 2555 1471 2624 qui
1497 2561 1560 2609 erat
1582 2557 1698 2614 indutas

63 2639 303 2704 ranthominum,
331 2641 484 2714 prasertim
514 2659 575 2696 cunr
601 2642 719 2711 singulis
735 2641 862 2713 partibus
903 2631 967 2709 pilis
980 2639 1160 2692 camelorum.
1179 2641 1233 2694 t'ed
1245 2641 1273 2693 in
1289 2641 1331 2694 his
1351 2641 1459 2696 duobus
1471 2643 1590 2699 testibus
1604 2646 1697 2701 omnis

64 2722 242 2782 mendacium
272 2730 309 2784 sit
328 2729 401 2800 qaod
429 2737 535 2788 tenent,
555 2727 692 2784 Similiter
711 2729 757 2800 qui
778 2729 862 2782 sidem
904 2726 1026 2779 Ecclesia
1048 2727 1297 2796 comprehenditur
1322 2729 1351 2782 in
1378 2730 1438 2784 suis
1457 2732 1696 2801 predicatoribus,

64 2832 150 2886 quam
163 2811 268 2871 habent
278 2817 409 2888 operibns
419 2818 578 2882 destruunt,
590 2818 616 2871 in
630 2834 746 2871 numero
762 2817 862 2870 inlide-
904 2830 1023 2884 quaeper
1035 2830 1118 2868 omne
1128 2819 1240 2886 tempus
1251 2816 1331 2870 istius
1345 2817 1408 2872 vita)
1419 2819 1569 2889 prophetat
1583 2826 1612 2875 et
1624 2838 1697 2893 pras·

64 2900 355 2975 liumreputanturllt
366 2909 502 2959 ciuitatem
512 2903 980 2979 sanctunicalcabuntipsaedicat
996 2903 1127 2973 mysteria
1137 2903 1200 2957 Filii
1225 2905 1283 2962 aei.
1297 2906 1354 2960 siis
1367 2923 1442 2960 nunc
1456 2908 1572 2971 scilicet
1593 2909 1650 2964 diu
1669 2911 1700 2966 is

65 2992 174 3047 scilicet
186 2993 260 3047 atria
285 2989 421 3047 iliensibus
437 2994 625 3062 quadruplata
635 2992 747 3047 dicebas.
761 2994 865 3048 Civitas
906 2991 1037 3044 extremis
1048 2988 1309 3062 temporibusssene
1319 3000 1414 3048 autem
1426 2995 1699 3054 aeclesialnduobse

64 3086 164 3135 sancta
183 3082 248 3135 olim
271 3077 465 3152 appellabatur
486 3076 671 3146 Hierusalem,
689 3084 770 3153 juxta
795 3082 865 3136 illud
906 3078 1699 3159 testibusfiguratur,propterduoTestsmeatavidelloet,

64 3169 210 3239 Evangelii
218 3166 316 3223 :liutto
327 3185 440 3237 corpora
452 3177 610 3223 sanctorum
619 3174 669 3238 qai
678 3170 861 3233 dorrirterant,
905 3167 1007 3239 quibus
1019 3167 1167 3222 roboratur
1178 3187 1185 3235 ς
1198 3170 1239 3222 vel
1250 3170 1316 3239 quia
1330 3188 1362 3224 ex
1377 3170 1484 3226 duobus
1497 3174 1608 3244 populis
1616 3190 1701 3229 consu

64 3263 280 3312 surrmrrmrtet
294 3263 486 3327 apparuerunt
497 3261 593 3311 inultis
605 3261 636 3310 ia
649 3264 744 3311 sancta
756 3261 865 3311 ciuitate
906 3261 972 3316 stat,
988 3262 1016 3310 et
1027 3256 1136 3311 duobus
1151 3259 1297 3329 praecptis
1309 3259 1453 3314 cliaritatis
1465 3262 1630 3330 deificatum
1644 3263 1702 3318 sira

63 3341 179 3418 (haita.
191 3353 285 3412 xxvii).
297 3347 497 3401 Verumtamen
514 3349 556 3400 hic
571 3364 626 3401 non
641 3348 675 3401 de
690 3347 738 3400 illa
752 3347 872 3410 dicitur,¹
907 3345 991 3399 etiam
1006 3351 1120 3416 propter
1135 3347 1189 3399 duo
1206 3347 1334 3417 martyrii
1348 3365 1462 3418 genera.
1475 3350 1506 3404 la
1530 3352 1618 3405 saccis
1637 3364 1702 3406 rere

66 3435 116 3489 sed
129 3435 224 3506 potius
234 3435 268 3489 de
285 3430 417 3500 Ecclesia,
432 3435 465 3489 de
476 3453 532 3507 qua
547 3437 681 3506 scriptum
693 3442 736 3490 est
748 3455 753 3488 :
763 3437 866 3492 Gterr'o-
906 3433 1051 3487 humilitas
1064 3440 1225 3489 sanctorum
1240 3437 1415 3507 exprimitur,
1428 3439 1486 3508 qui,
1498 3438 1565 3494 licut
1576 3441 1633 3494 sint
1642 3451 1702 3493 asa*

67 3526 308 3577 radietasuatde
329 3529 476 3589 lacialius
494 3527 638 3590 iliri'rl’aat.
656 3525 866 3584 caracallam
906 3522 997 3592 gistri,
1012 3529 1172 3593 peccatores
1186 3541 1215 3578 se
1230 3541 1290 3578 esso
1315 3524 1457 3591 intentum
1490 3538 1557 3580 nam
1579 3527 1702 3581 aliatum

67 3613 211 3667 civitatem
229 3610 345 3678 calcant,
362 3610 391 3666 id
410 3619 453 3666 est
477 3613 667 3684 coiriprimant
679 3614 761 3670 atria,
782 3614 810 3667 id
825 3620 867 3667 est
907 3609 1065 3662 critltinosis
1080 3610 1217 3663 contenit.
1232 3610 1282 3663 Vel
1296 3616 1381 3672 certe.
1396 3612 1462 3681 quta
1473 3614 1702 3669 sanctorumrite

69 3700 205 3760 haeretici.
219 3701 329 3772 pagani,
343 3700 358 3756 J
362 3700 442 3760 udal.
454 3708 482 3755 et
501 3701 561 3754 salsi
574 3702 684 3764 iratres¹
699 3709 727 3756 et
741 3701 824 3754 serbo
839 3705 868 3754 et
907 3697 1035 3767 reprobis
1050 3696 1337 3767 videbiturdespectu,
1355 3698 1417 3752 ideo
1431 3701 1519 3755 suecis
1535 3701 1625 3756 induti
1636 3714 1701 3772 per*

66 3792 212 3842 tormento
224 3807 230 3841 :
242 3789 290 3842 sed
298 3788 371 3843 sicut
380 3788 447 3842 silex
458 3789 564 3849 calcata
575 3782 691 3861 pedibus
707 3788 862 3848 hominum,
906 3784 1047 3839 hibentur.
1061 3785 1096 3838 Et
1107 3785 1159 3839 hoc
1174 3791 1215 3840 est
1230 3787 1305 3856 quod
1319 3787 1348 3840 in
1362 3785 1519 3844 hacsadem
1535 3790 1702 3862 Apocalypsi

67 3877 181 3930 elimari
192 3882 292 3947 potest,
305 3877 457 3931 comminui
470 3891 525 3931 non
540 3884 641 3948 potest,
650 3884 678 3930 et
688 3883 766 3931 tanto
778 3876 866 3946 magis
907 3873 1019 3930 dicitur.
1033 3873 1080 3928 Sol
1094 3875 1184 3940 sactus
1199 3879 1237 3928 est
1247 3877 1328 3942 ai’per
1349 3881 1486 3944 unquam
1511 3888 1605 3933 saccus
1615 3881 1703 3933 abac·

68 3966 321 4037 elimatur,quanto
337 3966 574 4036 magisculcatur:
590 3966 630 4019 ita
639 3971 735 4020 sancta
744 3962 867 4019 Ecclesia
909 3979 961 4017 nus
973 3962 1064 4030 (apoc.
1076 3965 1122 4027 iu).

67 4071 104 4109 ex
119 4056 314 4125 persecutione
331 4056 501 4126 pertidorum
526 4051 667 4109 robustior
692 4054 820 4107 redditur
840 4057 869 4107 et
944 4052 980 4104 lli
989 4056 1054 4103 suat
1069 4051 1129 4104 dure
1141 4054 1217 4105 orreo
1231 4056 1256 4106 ot
1265 4052 1322 4106 due
1335 4055 1503 4108 maumam
1517 4056 1548 4109 rbi
1560 4062 1703 4124 conspectu

69 4141 508 4214 luculentior,undeitp0stolus:
525 4143 869 4210 Quandoi'arh·mor,tuac
908 4140 1023 4193 Dorrrini
1038 4144 1240 4194 terrastaates.
1271 4139 1328 4211 ipsi
1349 4141 1509 4211 specialiter
1527 4143 1593 4209 duo,
1608 4144 1704 4199 Enoch
1746 4159 1751 4170 ⁸

70 4231 173 4285 tortior
186 4248 248 4284 sura
261 4239 290 4284 et
300 4237 391 4299 poteris
402 4224 504 4290 elidar:
517 4237 576 4301 xn).
592 4231 784 4302 Quadraginta
798 4228 1015 4324 daososcilicet
1030 4233 1059 4281 et
1082 4228 1165 4293 Elisa,
1195 4228 1257 4284 duro
1284 4229 1364 4283 olivae
1391 4231 1572 4301 appellantur
1588 4239 1705 4304 propter

70 4332 184 4372 menses
209 4334 357 4389 possumus
383 4318 543 4390 specialiter
558 4320 662 4372 reterre
687 4320 722 4372 ad
745 4318 868 4389 spatium
909 4316 1068 4371 unctionem
1085 4316 1204 4386 Spiritus
1218 4317 1317 4382 sancti,
1340 4332 1396 4389 qua
1422 4325 1489 4374 sunt
1511 4319 1638 4375 delibati,
1655 4321 1705 4377 Di-

69 4407 160 4462 triam
174 4423 311 4461 annorum
328 4413 357 4460 et
371 4407 490 4471 dimidii,
506 4407 617 4477 quando
633 4406 684 4461 sub
696 4406 868 4460 Antichristo
910 4412 1012 4459 cunmr
1024 4405 1111 4459 etiarn
1126 4413 1155 4458 et
1168 4406 1345 4468 candelabra,
1357 4407 1423 4477 quia
1432 4408 1575 4475 lucebant,
1586 4411 1706 4482 aliisquo

70 4494 201 4548 acerbius
212 4493 372 4553 calcabitur.
385 4501 412 4547 et
426 4495 626 4564 comprimetur
639 4494 759 4548 Ecclesia
770 4494 804 4547 ab
815 4493 869 4547 im·
910 4494 1006 4546 lumea
1017 4493 1332 4550 veritatisostendentet
1342 4496 1461 4551 verboat
1473 4514 1567 4568 opere.
1581 4499 1707 4553 Generu-
1761 4512 1766 4517 '

70 4583 135 4652 piis.
148 4574 220 4636 llam
232 4580 445 4636 intribusannis
458 4582 803 4652 ctdimidioquadraginta
814 4582 869 4635 duo
911 4582 976 4635 liter
990 4599 1088 4636 earnes
1104 4583 1192 4636 sancti
1209 4583 1337 4638 Ecclesia
1353 4584 1382 4638 in
1393 4585 1437 4639 his
1459 4586 1570 4640 (luobus
1580 4602 1708 4657 compro⁴

71 4687 185 4724 menses
200 4670 391 4736 continentur,
406 4689 461 4741 quo
476 4688 593 4725 numero
609 4671 693 4725 etiam
709 4687 791 4724 «inme
802 4687 871 4741 prae·
911 4670 1083 4730 henduntur.
1097 4671 1147 4740 qui
1170 4677 1295 4744 temporo
1323 4671 1499 4742 baptimastis
1524 4674 1554 4726 in
1568 4688 1705 4730 manuum

71 4775 138 4814 sens
151 4766 263 4832 tempus
277 4759 453 4830 intelligitur.
463 4768 577 4830 propter
593 4777 640 4814 sax
656 4760 751 4814 mundi
761 4766 869 4821 aetates,
912 4759 1089 4830 impositione
1103 4760 1296 4832 episcoporum
1311 4767 1479 4832 acceptarunt
1489 4761 1628 4832 Spiritum
1637 4778 1707 4818 san·-

72 4853 101 4902 et
111 4856 219 4919 septem
231 4848 301 4914 dies,
314 4849 414 4919 quibus
426 4866 508 4902 omno
520 4865 641 4919 praesens
663 4856 773 4919 tempus
784 4849 870 4903 solvi·
913 4849 1141 4903 ctum.Dicuntur
1150 4856 1244 4903 autem
1256 4849 1317 4903 dure
1329 4850 1418 4915 dire,
1434 4866 1498 4904 cars
1509 4851 1608 4904 unssit
1622 4850 1705 4917 olive,

70 4942 129 4992 tur.
147 4928 242 4992 Series
257 4938 331 4992 enim
347 4943 455 5008 septem
469 4937 658 5008 quadraginta
671 4938 727 4990 duo
753 4938 869 4990 iaciunt.
912 4938 939 4991 id
952 4944 1002 5000 est,
1018 4938 1184 4991 universalis
1202 4937 1334 5001 Ecclesia,
1352 4939 1431 5006 juata
1442 4939 1529 4992 illud:
1544 4940 1600 5006 Epo
1611 4946 1708 4996 metesa

71 5025 179 5079 Aliter:
192 5017 324 5096 Legimus
332 5026 360 5079 in
369 5026 462 5080 Veteri
473 5026 739 5096 Testamento,quod
749 5025 870 5095 populus
912 5027 981 5078 sicut
992 5027 1065 5079 ati'ua
1073 5026 1224 5092 fructiferis
1234 5026 1510 5096 r'adomoderllh·.arl,
1521 5033 1638 5099 prepter
1650 5029 1707 5084 dua

72 5111 162 5167 lsrael
175 5114 391 5184 quadragesima
403 5121 432 5168 et
441 5115 563 5169 secunda
575 5114 718 5168 mansione
728 5113 871 5182 ingressus
911 5111 1100 5178 Testamenta,
1112 5113 1155 5167 sel
1164 5113 1341 5167 dilectionem
1353 5114 1403 5168 Dei
1413 5118 1442 5167 et
1453 5115 1584 5185 proximi,
1593 5118 1637 5172 vel
1652 5117 1708 5172 duo

72 5209 116 5255 est
130 5208 234 5255 terram
248 5202 482 5274 repromissionis,
497 5210 526 5257 et
542 5203 608 5273 quia
623 5203 650 5255 in
673 5204 762 5270 ligura
778 5202 871 5254 omma
911 5217 1016 5270 genera
1032 5201 1168 5271 martyrii.
1184 5202 1321 5256 Similiter
1333 5209 1362 5255 et
1383 5203 1481 5257 eadem
1504 5205 1628 5260 Ecclesia
1644 5221 1707 5261 cura

71 5289 275 5361 contingebant
285 5291 349 5357 illis,
362 5291 458 5362 utique
469 5298 497 5345 ct
507 5293 622 5345 hocitcr
631 5291 725 5343 arlnos
738 5289 868 5359 pertinet,
912 5290 949 5343 sit
965 5305 1051 5342 uirum
1063 5289 1263 5343 candelabrum
1292 5298 1405 5360 propter
1416 5292 1554 5346 unitatem
1566 5294 1643 5359 fidei,
1664 5294 1709 5346 di·

73 5378 120 5450 qui
135 5379 165 5432 in
175 5379 276 5433 itinere
286 5379 391 5434 deserti
402 5387 587 5441 moramur·‚et
600 5379 634 5432 ad
648 5377 872 5449 patriamrepre·
912 5384 1014 5431 cuntai·
1023 5378 1079 5431 duo
1098 5378 1266 5433 candelabra
1277 5387 1391 5450 propter
1403 5381 1538 5450 praedata
1559 5382 1705 5452 mysteria.

72 5466 217 5522 missionis
228 5469 369 5524 tendimus
383 5474 447 5541 post
457 5468 544 5523 Rubri
555 5468 642 5523 maris
652 5467 872 5540 baptismatum
914 5467 989 5522 Beue
1012 5466 1145 5522 summio
1164 5473 1316 5541 cmrspcctu
1338 5468 1637 5536 hemitritaeum
1652 5480 1715 5542 pet*
