3840 6098
105 255 164 319 aas
250 250 261 269 ·
415 259 679 361 'matrum
699 264 826 323 sees.
851 257 1421 333 rauu1.÷1nvnetsn1te‚couf
1694 256 1749 335 titt

98 383 279 450 audierasne
291 390 376 456 atque
390 390 498 448 vestros
510 387 725 445 lotrdomriasde
733 389 905 444 vmuabona
913 389 939 446 Α
947 388 1154 454 sontprtmaia
1164 386 1281 447 elcboia,
1292 380 1517 461 quoniam'primi
1525 383 1707 459 erediderunt
1715 399 1750 463 εχ

95 472 261 536 noluntate,
276 474 318 528 vel
333 475 597 534 commendatorias.
612 476 713 546 quibus
728 495 775 531 eos
790 478 868 548 apud
876 478 910 531 li·
951 476 1070 538 loreis,
1088 481 1116 529 et
1130 474 1330 528 ordinaverunt
1344 489 1374 541 se
1387 476 1418 545 ut
1439 472 1638 545 ministrarent
1646 458 1749 551 sanctis

91 559 230 623 detesto
247 562 421 628 iliorusalem
437 566 653 632 aeramendubo,
665 573 697 622 ut
718 568 908 638 suscipiantur
949 566 1074 634 quisunt
1084 562 1294 631 Hierosolymis.
1308 562 1418 619 Obsecro
1428 567 1522 627 aarum
1533 562 1594 614 at'et
1604 578 1648 614 ros
1658 548 1751 614 sublii

88 665 260 720 cumpace.
951 657 973 706 te'
986 655 1048 706 sitia
1063 655 1205 721 eiusmodi.
1215 651 1243 718 id
1254 650 1469 719 est,intitatores
1484 650 1545 703 sitis
1556 650 1750 727 ministrantes

134 737 220 804 onoc
231 741 380 806 sidionem
388 743 475 806 suerit
487 747 570 810 utcpn
581 759 657 799 earn:
671 744 701 815 id
714 750 758 799 est
770 745 794 798 si
807 761 910 816 magite
950 740 1072 807 sanctis;
1089 746 1112 793 el
1128 742 1206 792 omrai
1220 741 1377 806 cooperanti
1400 743 1424 791 et
1450 739 1599 802 laboranti,
1616 729 1750 799 subaudis

80 823 192 895 fuerit
202 827 330 897 pecunia,
343 835 376 894 ut
386 846 440 900 ego
448 833 553 901 possim
563 848 626 885 curn
637 833 743 890 honore
754 833 828 886 illam
838 835 909 888 ferre
950 829 1011 884 sitis
1023 827 1132 883 subditi
1141 826 1198 883 sive
1214 826 1381 891 imitatores.

79 913 147 995 qui
168 931 236 969 sum
247 918 389 986 apostolus
405 926 433 974 et
445 920 601 992 episcopus,
615 938 723 984 mecum
738 921 829 979 ibunt.
840 924 909 977 Nolo
987 918 1097 976 Gaudeo
1109 922 1205 971 autern
1215 918 1399 983 inpraesentia
1412 915 1554 984 Stepbone
1566 920 1590 968 et
1603 916 1751 991 Fortunati

78 1005 728 1080 inimeesmodointransitueietere,quouia1u
736 1010 910 1071 multaerant
951 1011 977 1059 et
991 1007 1113 1061 leboici.
1131 1006 1219 1062 Datur
1234 1003 1362 1074 intelllgi,
1378 1003 1452 1074 quod
1466 1004 1496 1057 hi
1521 1010 1589 1073 tres,
1606 997 1750 1079 Stephana

77 1091 277 1162 corrigenda
292 1092 397 1158 inillis,
413 1112 477 1166 qua
496 1096 525 1151 in
551 1098 673 1155 anostra
700 1113 754 1151 non
779 1106 910 1168 poterant
953 1094 1091 1157 videlicet,
1107 1094 1288 1151 Fortunatus,
1302 1108 1410 1155 necnon
1425 1098 1453 1145 et
1476 1084 1623 1156 Achaicus,
1641 1086 1749 1163 expleto

73 1179 219 1250 essrfig'k·
237 1181 299 1239 ideo
324 1183 376 1239 hoc
395 1181 484 1239 dicit:
502 1187 667 1239 Permaneto
690 1192 783 1240 antero
813 1188 910 1254 Eprberi
951 1182 1026 1239 omni
1042 1181 1198 1237 ministerio
1226 1198 1276 1236 suo
1297 1180 1371 1251 apud
1401 1187 1512 1234 sanctos
1536 1172 1748 1250 Hierosolymis,

75 1257 437 1336 usqueaarenaeosun.
454 1273 560 1327 Nande
576 1275 909 1331 Pentecosteludeenrum
951 1265 1746 1337 veneruntaclPuolunrantequnmredissentCorinthum.
1831 1287 1835 1297 ¹

69 1355 169 1415 dicit
181 1362 217 1409 ut
241 1367 366 1429 putatur.
378 1361 430 1414 sed
442 1362 675 1417 Christianorum.
692 1365 804 1432 quando
820 1364 908 1434 Spiri-
950 1362 1021 1414 Nam
1036 1349 1177 1415 Corinthii
1189 1367 1270 1421 erant
1285 1374 1401 1428 genere,
1416 1357 1444 1427 in
1466 1374 1584 1431 quorum
1601 1357 1750 1427 praesentia

68 1449 139 1499 tus
160 1455 286 1511 sanctus
302 1448 375 1503 lenit
391 1451 697 1519 supermultitudinem
718 1453 904 1509 credentium.
951 1449 1060 1503 laetutus
1077 1454 1120 1507 est
1133 1449 1292 1518 Apostolus.
1309 1448 1445 1514 Quoniam
1472 1447 1502 1498 id
1524 1447 1595 1514 prend
1619 1438 1750 1503 rebasce-

122 1533 251 1588 Ostiam
262 1542 336 1588 eninr
348 1539 420 1591 initii
430 1546 556 1605 opertaen
568 1546 604 1591 est
618 1557 748 1613 napinam
757 1543 907 1604 etei-ideas
950 1544 1019 1598 erat,
1036 1541 1090 1605 ipsi
1100 1539 1302 1604 suppleverunt,
1315 1533 1362 1589 ubi
1378 1534 1461 1588 datur
1473 1524 1593 1605 intelligi
1604 1528 1681 1610 quod
1694 1533 1748 1587 mi-

59 1619 111 1677 id
125 1623 909 1698 est,multacordabonuaumparatasuntaelcreaen-
951 1624 1331 1695 nistraveruntllpostoloex
1361 1622 1594 1683 suasubstantia,
1610 1614 1749 1699 quod'alii

62 1710 182 1776 duan,
200 1719 234 1765 et
245 1714 308 1781 jain
333 1716 483 1770 manilesta
503 1717 651 1787 suntquis
679 1718 713 1771 de
728 1718 839 1773 illerum
855 1717 909 1771 lido
920 1698 942 1759 Β
952 1715 1091 1770 Corinthii
1106 1713 1208 1785 quibos
1223 1714 1281 1767 lraeo
1296 1711 1435 1766 scribebat
1461 1727 1516 1781 nnn
1532 1716 1657 1799 egerant,
1673 1711 1748 1785 undo

62 1815 151 1876 pon
163 1799 376 1875 dubitatur2et
384 1807 540 1861 aduersarii
548 1809 644 1870 nrulti,
653 1805 787 1860 subaudis
796 1807 843 1877 qui
857 1807 909 1859 nri·
950 1804 1000 1860 ait.
1017 1798 1294 1870 (lacorteobisdeerat,
1320 1802 1373 1873 ipsi
1399 1794 1603 1871 suppleverunt,
1619 1788 1749 1859 videlicet

55 1886 109 1953 hi
128 1888 175 1943 ad
182 1899 337 1943 versantur
346 1908 396 1961 pro
418 1893 477 1947 suis
497 1894 664 1965 propinquis
678 1900 709 1951 et
733 1894 910 1964 amicisquos
951 1891 1136 1945 ministrando
1152 1882 1229 1944 mihi.

54 1976 217 2035 Christo
230 1979 374 2054 coniunxi.
984 1982 1144 2047 tentarunt
1158 1983 1234 2032 enim
1248 1984 1275 2032 et
1288 1994 1379 2031 eneam
1401 1980 1535 2045 ,spiratum
1548 1976 1647 2045 utique
1661 1975 1747 2042 tame,

114 2065 159 2121 Si
180 2071 295 2129 uenerat
309 2068 344 2123 ed
358 2084 405 2125 ros
421 2070 586 2127 Timotheus.
601 2071 649 2142 qui
664 2072 737 2125 lianc
754 2071 906 2141 Epistolatn
949 2069 1006 2128 siti.
1020 2074 1048 2122 et
1059 2067 1199 2122 laboribus
1210 2067 1377 2136 fatigatum,
1400 2071 1424 2117 et
1439 2071 1569 2127 uestrum,
1587 2065 1636 2136 qui
1661 2064 1748 2120 laetati

48 2152 174 2216 vobis
193 2155 333 2225 portabit,
350 2160 480 2212 emerem
508 2176 567 2212 sinc
596 2165 741 2221 timoresit
764 2162 906 2228 apelleos.
950 2157 1017 2213 estis
1032 2157 1187 2216 audientes,
1205 2156 1278 2227 quod
1297 2154 1365 2207 mitri
1395 2153 1589 2221 ministrarent
1614 2152 1670 2206 vice
1690 2168 1749 2205 om·

50 2243 235 2305 Forsitan
254 2243 345 2301 iuerat
359 2246 433 2315 apud
450 2247 513 2303 illos
535 2249 594 2317 jam
623 2265 686 2303 cum
707 2249 817 2303 timore.
841 2249 908 2319 quia
948 2235 1172 2313 niunrrestrum.
1189 2246 1342 2312 Copnoscete
1354 2259 1417 2311 erpo
1432 2245 1481 2311 qui
1496 2241 1656 2316 hujusmodi
1671 2232 1749 2314 suat,

59 2332 342 2409 pseudoapostoli
367 2334 526 2390 excitabant
541 2338 764 2405 persecutionem
785 2353 908 2407 pagano·
949 2335 1045 2396 idest,
1062 2334 1171 2405 diligite
1185 2339 1214 2386 et
1228 2339 1323 2387 notate
1339 2339 1423 2410 atquo
1447 2329 1598 2405 imitamini
1626 2326 1748 2410 libili·

49 2436 156 2483 tum
176 2422 402 2497 contratideles.
421 2424 491 2491 Opus
506 2440 578 2477 enam
590 2426 703 2479 Domini
717 2432 909 2494 operatorem.-
949 2440 995 2478 ros
1011 2423 1071 2477 :vel
1082 2422 1250 2493 cognoscite.
1274 2422 1302 2475 id
1325 2428 1367 2475 est
1386 2416 1490 2476 subditi
1506 2418 1595 2473 estote
1610 2406 1665 2472 illis
1684 2424 1749 2501 aurp

52 2516 113 2568 ut
133 2514 167 2563 et
187 2525 251 2576 epo,
266 2509 298 2565 ul
310 2520 353 2567 est
360 2511 514 2566 doctrinam
528 2514 766 2573 etmiraculorutu
776 2514 909 2571 rutulam
949 2512 1120 2579 bumilitate,
1134 2511 1182 2582 qui
1197 2510 1265 2564 talia
1278 2516 1376 2580 agunt.

51 2597 119 2658 ad
138 2597 279 2653 salutem
291 2599 448 2653 animarum
460 2607 625 2657 vestrarum.
986 2599 1117 2656 Solutant
1128 2617 1173 2654 ros
1186 2592 1308 2654 Ecclesia
1316 2616 1357 2652 om
1363 2614 1408 2651 nes
1417 2598 1497 2656 Asia.
1506 2596 1535 2649 id
1558 2600 1610 2659 est,
1626 2589 1747 2653 salutem

121 2688 174 2741 Ne
188 2689 260 2754 quis
277 2690 437 2754 erppillaaa
452 2694 573 2757 spernat,
591 2690 658 2760 quia
678 2692 795 2747 forsitan
806 2691 908 2761 jamil-
950 2689 1026 2751 robis
1042 2695 1160 2761 optant:
1178 2687 1366 2759 quasidicnt:
1396 2686 1452 2740 Has
1478 2685 1614 2739 Ecclesias
1642 2681 1748 2763 imitari

55 2768 152 2839 lum
172 2781 355 2843 ⁸Psi'alffl'asst·
949 2778 1066 2837 debetis.
1079 2777 1220 2847 quiamihi
1230 2786 1258 2830 et
1266 2776 1370 2829 sanclis
1380 2774 1427 2845 qui
1442 2780 1509 2831 sunt
1521 2764 1745 2852 inllierusaieni,

119 2863 168 2916 Dc
187 2864 289 2930 Apollo
300 2869 393 2916 autern
405 2865 495 2931 fratre
509 2868 685 2924 nolurneabit
698 2869 780 2935 facio,
792 2869 904 2934 fratrer.
949 2867 1112 2924 ministrant
1127 2867 1161 2919 de
1177 2866 1235 2920 suis
1250 2863 1423 2935 substantiis.

55 2939 144 3013 'nic
172 2950 331 3023 episcopus
351 2952 559 3007 Corinthiorum
574 2955 907 3011 aPauloiueratordina-
985 2956 1116 3011 Salntont
1127 2970 1171 3009 eos
1179 2957 1282 3021 tratres
1292 2969 1392 3007 orienes.
1408 2948 1459 3005 Hic
1472 2949 1565 3021 tangit
1579 2964 1676 3028 omnes
1695 2946 1746 3001 ed·

55 3051 153 3103 tus,
172 3040 229 3097 sed
248 3046 280 3095 ut
296 3039 335 3096 illi
350 3049 496 3112 coeperunt
520 3043 613 3098 dicere
631 3063 636 3097 ι
651 3044 707 3115 Ego
732 3062 794 3099 sum
817 3045 905 3106 Pauli,
917 3005 1054 3111 Ciutores
1065 3060 1131 3099 suos
1142 3062 1148 3110 3
1160 3045 1278 3097 salutate
1287 3044 1404 3108 inuicem
1416 3043 1446 3092 in
1458 3038 1548 3093 osculo
1558 3035 1696 3104 saneto,id
1704 3039 1748 3090 est

56 3144 147 3207 ego
163 3128 285 3199 Apollo,
303 3145 354 3199 ego
370 3147 434 3184 vero
449 3131 629 3202 Cephee,curu
642 3150 699 3188 non
709 3135 846 3203 potuisset
860 3151 907 3189 eos
948 3139 1024 3187 casto
1035 3139 1063 3186 et
1077 3149 1154 3186 vero.

54 3217 218 3291 Qeadare,
236 3217 343 3272 relictis
369 3219 424 3273 illis
447 3218 517 3273 obiit
545 3221 684 3291 Ephesum
699 3223 734 3275 ad
750 3224 907 3292 apostolum
983 3221 1123 3276 Salutalio
1138 3236 1198 3274 mea
1209 3235 1296 3273 enarro
1311 3219 1403 3276 Pauli.
1423 3210 1747 3296 siliushanclipistolem

58 3305 228 3382 {hulam
241 3322 251 3371 ;
266 3322 350 3375 quem
364 3324 428 3361 cum
438 3312 824 3380 postearogaretApostolus,
836 3312 909 3367 sicut
949 3309 1109 3379 scripserat,
1125 3309 1199 3380 sicot
1208 3314 1237 3362 et
1250 3296 1320 3373 alias
1335 3327 1340 3360 ι
1357 3307 1406 3365 sed
1432 3307 1492 3383 ipse
1518 3304 1670 3383 Apostolus
1685 3309 1748 3387 pia·

59 3393 143 3453 hic
158 3393 284 3457 dicitur,
301 3402 331 3450 ut
344 3395 452 3449 rediret
470 3398 648 3458 cerinthum,
664 3399 766 3463 noluit,
781 3401 847 3470 quia
866 3401 909 3454 in·
948 3397 1009 3468 pria
1024 3414 1109 3452 manu
1120 3398 1149 3451 in
1164 3397 1219 3451 fine
1235 3397 1286 3467 boc
1299 3395 1417 3450 addidit.

68 3487 256 3552 correptos
276 3498 323 3536 eos
341 3485 432 3538 adhuc
443 3486 558 3541 sciebat.
585 3488 673 3541 l'eniet
691 3493 795 3554 aretem,
808 3505 871 3543 earn
883 3492 908 3542 ei
983 3486 1083 3554 Siquis
1098 3503 1153 3539 non
1168 3492 1245 3539 ararat
1260 3474 1409 3539 danninum
1422 3480 1515 3537 lesum
1532 3485 1568 3537 sit
1584 3477 1745 3541 anatliema.

66 3583 227 3623 vacuam
242 3564 341 3638 suerit,
357 3573 385 3626 id
398 3579 442 3627 est
456 3591 520 3628 cum
535 3591 583 3630 ros
603 3576 767 3632 emendatos
782 3594 843 3633 esse
857 3594 908 3632 au·
949 3575 1211 3629 AnatbemaGraeco
1222 3590 1351 3628 sermone
1365 3573 1467 3627 dicitur
1481 3568 1608 3643 perditus
1626 3569 1669 3622 vel
1683 3572 1749 3622 con·

71 3653 199 3713 diaria.
949 3663 1110 3727 damnatus,
1122 3664 1150 3717 id
1161 3671 1203 3717 est
1214 3663 1323 3718 alienus
1331 3668 1360 3715 et
1368 3666 1539 3733 separatusa
1556 3656 1624 3712 lleo.
1636 3654 1671 3713 m
1679 3652 1748 3717 sub·

139 3747 272 3814 Ve'pilate.
289 3748 405 3820 Vigilat,
422 3751 518 3822 quiad
533 3759 676 3824 aspectura
702 3754 759 3808 veri
780 3755 904 3821 luminis,
949 3752 1034 3807 infert
1060 3753 1238 3817 erraranatba,
1256 3752 1329 3822 quod
1356 3749 1445 3820 arogis
1468 3755 1511 3802 est
1541 3747 1643 3827 Syrum
1662 3756 1746 3830 quam

76 3838 210 3891 mentis
221 3835 440 3915 oculosapertes
451 3847 547 3907 tenet,
563 3842 669 3911 vigilat,
679 3843 726 3912 qui
742 3852 834 3899 serrat
844 3862 908 3916 ope·
949 3841 1117 3902 llaebraeum,
1134 3841 1247 3894 tametsi
1264 3857 1295 3893 ex
1311 3839 1431 3894 confinio
1441 3843 1625 3914 utrarumque
1639 3831 1748 3923 lingua·

79 3925 194 3988 ¹'ando
205 3925 400 3996 quodmodo,
415 3934 483 3982 state
494 3932 524 3982 in
534 3929 599 3999 fide,
614 3947 649 3983 ne
663 3932 852 3987 succumbatis
862 3933 908 3988 de·
948 3946 1024 3994 rum,
1039 3930 1146 4000 aliquid
1158 3936 1186 3987 et
1200 3928 1345 3982 Hebraeum
1370 3933 1459 3981 sonet.
1476 3926 1682 3997 Interpretatur
1695 3926 1748 3978 eiu-

83 4016 177 4082 cepti
192 4014 231 4069 ab
244 4015 414 4075 infidelibus.
429 4025 460 4073 ut
472 4014 584 4089 possitis
597 4021 694 4074 audire
710 4037 772 4075 cum
789 4021 904 4092 Moyse:
949 4025 1006 4072 tem
1020 4018 1171 4075 :Dominus
1184 4025 1280 4071 noster
1290 4017 1365 4069 venit
1377 4036 1383 4081 ;
1397 4022 1429 4069 ut
1439 4015 1475 4068 sit
1490 4030 1605 4087 sensus:
1621 4011 1747 4095 dantbe-

88 4093 141 4151 Tu
152 4111 258 4157 sotem
273 4105 317 4158 bie
333 4111 376 4159 sta
399 4124 506 4160 mecam
517 4110 605 4161 tuear
623 4111 659 4173 n.
683 4111 805 4163 t‘r'rituer
823 4115 905 4178 opita,
949 4123 1005 4170 ma,
1022 4107 1050 4160 id
1064 4114 1106 4161 est
1121 4107 1249 4178 perditio,
1264 4106 1306 4159 eis
1319 4106 1347 4159 in
1359 4105 1479 4157 adventu
1495 4101 1606 4177 Domini
1622 4101 1669 4173 qui
1680 4103 1746 4184 eum

81 4192 152 4242 nee
167 4191 308 4248 molliter.
324 4209 415 4263 neque
441 4193 627 4258 muliebriter,
645 4196 693 4249 sed
720 4197 840 4251 firmiter
859 4215 908 4268 pu·
950 4214 1004 4252 non
1016 4204 1122 4264 amant,
1136 4205 1185 4255 aut
1199 4198 1307 4257 venisse
1316 4205 1366 4251 aut
1380 4203 1528 4249 venturum
1542 4210 1604 4268 esse
1617 4209 1676 4253 non
1684 4195 1745 4263 cr'e'·

78 4280 189 4336 Bssnte
202 4282 829 4354 contradiabolitentanoenta.Conforlaarini,
841 4287 908 4341 sub·
950 4288 1028 4342 dunt.

81 4365 232 4423 &unuin
247 4368 447 4435 Domino,non
475 4370 503 4424 in
524 4371 622 4425 vestris
641 4374 757 4440 meritis,
774 4359 941 4445 nequeinD
986 4377 1082 4431 Gratia
1097 4378 1210 4430 llorru'ni
1224 4378 1314 4430 nostri
1333 4377 1395 4430 lesa
1414 4374 1519 4436 Gbrr'str'
1539 4372 1697 4434 uobiscum
1717 4367 1747 4423 id

76 4453 196 4512 verm
210 4457 327 4512 virtute.
949 4470 993 4521 est
1006 4466 1085 4530 sedes,
1096 4464 1225 4523 remissio
1240 4472 1430 4536 peccatorum,
1448 4469 1477 4517 et
1490 4464 1590 4517 cuncta
1608 4458 1658 4533 Ilei
1673 4460 1748 4535 dona

130 4543 245 4601 Ontnr'a
263 4548 631 4615 restraincbaritoteflonl.
649 4549 676 4602 id
702 4552 745 4603 est
757 4551 906 4606 dilectione
949 4571 1010 4626 quae
1020 4555 1108 4624 gratis
1120 4555 1224 4608 dantur
1234 4553 1372 4608 fidelibus,

70 4611 144 4717 nfi
160 4626 191 4689 et
199 4635 397 4705 proximi,non
405 4635 508 4707 duplici
526 4637 629 4700 animo,
643 4655 733 4708 neque
750 4656 835 4693 causa
849 4641 907 4696 ina·
984 4643 1111 4699 Charitas
1126 4660 1186 4698 nero
1196 4660 1260 4697 earn
1271 4645 1397 4696 orrrnr'bus
1408 4642 1480 4694 uobis
1489 4659 1497 4703 ,·
1514 4640 1541 4693 id
1558 4644 1610 4701 est,
1625 4655 1659 4691 es
1674 4632 1745 4693 dile·

67 4714 136 4766 ω*
152 4722 269 4794 8¹⁰siae·
947 4732 1039 4787 ctione.
1067 4748 1123 4803 qua
1149 4748 1197 4786 ros
1221 4732 1317 4803 diligo.
1334 4731 1441 4800 dlligite
1456 4745 1504 4782 ros
1521 4729 1646 4793 invicem,
1664 4732 1693 4779 et
1711 4743 1745 4781 ea

121 4805 231 4866 Nostis
246 4813 362 4865 minum
381 4813 523 4881 Stephana
548 4820 572 4867 et
589 4815 743 4871 Fortunali.
762 4818 905 4888 Stephana
946 4820 1083 4876 charitate
1099 4838 1155 4892 qua
1167 4821 1254 4876 Deum
1269 4807 1365 4890 diligo,
1376 4817 1501 4887 diligatis
1513 4833 1587 4870 euin.
1605 4809 1700 4895 dolen,
1715 4808 1744 4897 id

60 4888 205 4954 ”obius
215 4901 346 4972 qoaedam
361 4908 423 4956 erat
434 4909 572 4977 matrona,
599 4905 679 4973 cujus
708 4905 814 4962 familia
832 4908 905 4964 lacta
946 4916 998 4975 est,
1011 4911 1146 4982 fiatquod
1160 4919 1244 4983 opto;
1261 4911 1313 4975 vel,
1331 4925 1397 4965 vera
1411 4908 1469 4962 sint
1483 4906 1577 4961 omniu
1587 4907 1744 4984 superiusa

57 4976 160 5038 ‘fat
170 4989 307 5054 Ecclesia,
315 4990 443 5045 similiter
450 4991 584 5046 etdomus
595 4992 751 5048 Fortunati.
767 4997 904 5062 Onoru'anr
946 5016 990 5052 me
1002 4999 1087 5052 dicta.

51 5082 1743 5142 mm

464 5231 523 5311 IN
549 5230 851 5313 EPISTOLAM
875 5239 916 5312 ΙΙ
940 5235 1017 5313 ΑΙ)
1043 5228 1385 5319 CORINTHIOS.

377 5474 638 5531 ARGUMEN'I'UM.
947 5497 994 5534 eos
1009 5480 1137 5534 seductos
1149 5497 1209 5535 esse
1226 5496 1242 5532 a
1256 5482 1506 5554 pseudoapostolis,
1517 5483 1743 5550 discordiaeque·

113 5547 276 5631 Aponon
303 5561 453 5618 recedente
475 5566 672 5632 aconnthils,
693 5580 757 5621 cum
782 5566 907 5623 audisset
948 5584 1002 5640 que
1016 5569 1131 5639 habnt,
1147 5571 1261 5643 scripsit
1272 5572 1313 5627 eie
1330 5572 1455 5642 priorem
1474 5571 1628 5642 Epistulam
1643 5570 1674 5625 in
1687 5582 1743 5638 qua
