3840 6098
137 243 189 302 &Cli
484 240 674 298 expostulo
688 239 729 295 IN
745 241 822 295 EPP.
839 242 867 296 S.
884 242 1003 299 PAULI.
1019 270 1051 285 ···
1066 244 1106 299 IN
1121 243 1232 299 aelst.
1248 242 1261 299 l
1275 243 1324 298 Ab
1338 240 1422 300 COR·
1717 235 1771 299 ΜΟ

136 367 165 424 iu
180 380 236 439 quo
247 367 476 424 ohbrebatlsrsel
485 366 635 422 carneliter
644 364 738 419 vivens
748 365 854 419 hostias
863 366 931 420 Deo.
941 367 1077 427 Adicitur
1091 384 1108 422 s
1122 368 1281 427 mactando.
1292 384 1326 423 co
1340 368 1415 439 quod
1429 367 1467 423 ibi
1487 371 1647 425 mactantur
1659 374 1768 428 tamem

136 455 286 512 Carnmem
300 464 395 513 autem
412 456 492 511 illum
506 454 637 526 appellat,
654 454 720 524 quia
732 454 822 523 legem
837 469 934 508 cerna·
974 456 1040 510 ldeo
1054 462 1148 510 autem
1163 456 1315 526 Apostolus
1329 455 1483 526 prohibuit,
1499 462 1532 511 ut
1544 464 1601 512 noh
1612 457 1770 528 interroga·

136 546 202 601 liter
215 546 325 602 volebat
339 547 506 612 observare;
523 546 566 601 rel
583 545 618 599 ed
644 545 831 600 differentiam
846 546 933 599 lsrael
974 550 1038 598 rent
1052 544 1158 614 aliquid
1169 545 1203 598 de
1218 544 1359 609 carnibus,
1379 550 1474 599 utrum
1494 552 1662 601 consecrate
1677 552 1772 601 assant

137 634 282 707 spiritalis,
298 636 347 706 qui
358 637 419 706 lam
433 640 540 691 veteres
556 634 671 689 umbras
683 646 738 689 non
752 633 932 705 sequebatur,
973 632 1055 686 idolis
1069 649 1170 699 necne,
1185 632 1251 703 quis
1265 633 1289 687 si
1308 633 1525 704 interrogarent,
1549 635 1655 689 diceret
1668 635 1717 689 illc
1730 635 1772 690 us

137 740 169 779 eu
182 724 266 794 culus
279 738 398 779 numero
413 730 476 779 ‘erat
492 724 566 779 idem
580 723 743 793 Apostolus.
761 722 829 776 Vult
839 728 934 777 eutem
974 720 1105 775 sultando
1134 727 1163 775 et
1188 721 1340 777 deridendo
1359 722 1409 793 qui
1439 723 1630 794 interrogatus
1654 724 1772 780 saerata

136 813 285 869 ostendere
303 812 466 878 Corinthlis‚
492 813 558 883 quie
582 812 655 868 sicut
676 811 718 865 illl
734 824 815 865 erant
828 811 895 865 socii
906 817 935 866 et
975 809 1154 865 omnesaue
1168 822 1350 881 comesquas
1364 811 1480 867 cernitis
1495 811 1525 867 itt
1540 812 1668 879 mucello,
1688 812 1772 868 idolis

136 900 288 973 psalmes
296 902 402 967 altatis,
419 901 466 972 qui
480 900 664 957 comedebant
687 917 720 954 ea
732 916 794 970 quse
807 900 837 954 in
852 900 934 955 elteri
975 898 1111 952 dedicate
1127 905 1202 953 sunt·
1214 900 1242 953 Si
1261 899 1363 970 aliquis
1375 900 1502 955 adolium
1514 901 1574 955 hac
1587 900 1705 957 audlens
1717 917 1772 972 pc·

137 989 335 1056 offerebantur,
350 990 393 1044 ita
404 995 433 1044 et
442 989 489 1044 isti
502 988 824 1044 Corinthiicomedentes
834 1001 934 1043 carnes
975 992 1037 1041 stes
1065 995 1181 1053 emeret,
1201 987 1343 1044 derideret
1367 998 1432 1044 eum
1453 988 1501 1045 llle
1526 996 1653 1060 pignam
1671 989 1701 1044 in
1719 998 1772 1045 sus

136 1077 396 1150 idolothytas,tocii
410 1077 935 1148 erantdaemoniorumUndeetsequi·
975 1083 1071 1131 mente
1081 1081 1110 1130 et
1121 1077 1299 1139 conscientia,
1328 1077 1439 1133 dicens:
1455 1078 1533 1143 Fece,
1548 1077 1616 1149 quid
1641 1078 1710 1134 actu
1724 1078 1771 1135 itte

136 1172 182 1221 tur
192 1182 199 1220 :
211 1169 311 1222 Notene
326 1171 376 1235 qui
390 1169 476 1222 edunt
490 1168 602 1232 leontios,
613 1167 747 1221 subaudis
756 1166 933 1221 victimarum
975 1165 1162 1228 Christianus.
1176 1165 1226 1236 qui
1241 1176 1285 1219 tne
1299 1165 1467 1236 prohibebat
1479 1166 1582 1221 offerre
1593 1167 1677 1222 idolis
1690 1167 1770 1223 tntis

136 1255 400 1325 inlegaporticiper
414 1262 480 1311 sunt
495 1258 620 1309 altaria?
634 1256 706 1309 Sunt
724 1255 832 1326 utique.
848 1253 893 1308 Ita
906 1261 934 1309 et
973 1268 1034 1308 mes
1050 1254 1131 1325 qnasi
1147 1255 1262 1319 melum,
1277 1254 1361 1308 modo
1380 1254 1451 1309 emit
1473 1264 1572 1310 aarum
1595 1262 1772 1311 conuenta·

136 1351 184 1398 vos
199 1345 249 1414 qui
264 1344 348 1399 editis
362 1344 488 1399 lnidolio
516 1360 615 1398 carnes
638 1343 720 1400 idolis
745 1350 931 1410 consecratus,
974 1341 1066 1406 idolis,
1078 1342 1231 1397 etcomedit
1245 1348 1277 1396 ut
1285 1350 1405 1397 sanctas.
1416 1342 1592 1414 Nisialiqhid
1600 1344 1725 1399 numinis
1740 1346 1771 1400 in

135 1431 287 1503 pertimpes
297 1433 364 1488 estis
378 1433 528 1488 idolorum.
973 1430 1056 1485 idolis
1071 1436 1261 1501 cognosceret,
1275 1448 1455 1502 nequaquam
1477 1431 1531 1486 bct
1552 1436 1649 1503 ageret
1678 1433 1772 1497 Quen·

169 1522 569 1591 Ouidcrpoldt'coquodiilelir
579 1524 756 1575 irrrmalutnm
765 1525 802 1575 n't
812 1523 932 1590 aliquid,
973 1518 1023 1572 diu
1036 1519 1106 1573 talia
1119 1519 1214 1574 videro
1238 1536 1303 1575 eum
1327 1520 1488 1588 facientem,
1511 1536 1569 1576 uon
1589 1521 1717 1577 htthsibd
1734 1522 1771 1576 ad

134 1614 183 1663 cut
196 1610 273 1678 qaod
285 1611 393 1664 idolatra
407 1613 443 1663 sit
455 1611 585 1677 aliquid?
598 1610 722 1664 Nonhoc
731 1610 792 1664 dico
802 1610 876 1680 quod
885 1608 933 1663 ali·
975 1606 1233 1662 Christianismum.

136 1697 203 1768 quid
219 1698 267 1764 sit,
288 1698 355 1768 quia
367 1698 473 1753 idolum
488 1698 560 1752 nihil
574 1706 626 1764 cst,
643 1706 672 1753 et
686 1699 761 1769 quod
776 1698 801 1752 ei
816 1677 965 1752 otienturB
1009 1696 1114 1765 Siquis
1128 1699 1287 1764 infidelium
1298 1704 1375 1753 cocat
1389 1710 1445 1763 eosq
1460 1698 1497 1753 ad
1511 1701 1629 1764 ooenartn
1645 1704 1673 1753 ot
1685 1701 1771 1755 uulua

136 1786 265 1841 nihilest.
279 1786 420 1857 Quidquid
432 1786 461 1840 in
478 1787 526 1840 illo
535 1802 592 1841 non
604 1792 656 1851 est,
666 1787 708 1841 vel
720 1786 827 1840 illinon
842 1786 933 1841 adhae—
974 1788 1025 1848 ire,
1037 1783 1172 1841 subaudis
1181 1786 1216 1841 ad
1227 1787 1342 1843 domttm
1352 1787 1421 1856 ojus.
1433 1787 1496 1842 Nan
1505 1787 1640 1858 pracepit
1651 1786 1703 1849 ire,
1719 1794 1771 1843 hut

135 1873 329 1944 nequinates
338 1883 408 1938 etse,
417 1874 487 1929 nihil
498 1873 592 1929 estin
612 1875 664 1929 hoc
679 1874 785 1929 idolum
797 1874 867 1929 nihil
879 1881 931 1940 est,
973 1873 1128 1943 prohibuit,
1139 1874 1188 1929 sed
1204 1875 1336 1946 prestitit
1348 1875 1501 1929 licentiam.
1519 1875 1606 1930 Certa
1619 1881 1737 1930 woman
1754 1889 1772 1930 ι

136 1961 202 2032 quia
212 1962 462 2033 habetitneginem
477 1964 609 2029 hominis,
626 1964 675 2018 sed
694 1980 751 2018 non
779 1968 822 2017 est
837 1964 930 2028 homo,
974 1962 1171 2017 communione
1194 1963 1376 2031 vescentium,
1393 1963 1483 2035 quasi,
1508 1979 1657 2018 commune
1677 1963 1771 2019 convi-

136 2050 201 2120 quia
215 2061 308 2122 neque
321 2066 434 2106 sensum
454 2068 545 2122 aeque
559 2057 667 2106 uratum
693 2051 778 2106 hebet
793 2065 799 2100 2
814 2052 856 2105 vel
867 2052 933 2121 quia
975 2049 1059 2114 viani,
1076 2060 1105 2105 et
1119 2053 1277 2105 communis
1302 2060 1367 2106 esca
1388 2048 1444 2106 sive
1466 2051 1590 2106 reiectio.
1616 2052 1709 2108 Κοινόν
1729 2053 1770 2107 di·

136 2138 238 2195 dicitm·
247 2139 327 2207 deus,
339 2146 367 2194 et
376 2157 432 2195 non
443 2147 485 2195 est
494 2141 580 2208 deum
598 2140 701 2195 dicitur·
709 2139 845 2195 Hercules
859 2157 930 2205 esse,
973 2144 1044 2194 cunt
1057 2139 1147 2194 Craeci
1161 2154 1318 2195 oomnrune.
1333 2140 1413 2196 Unde
1428 2145 1458 2195 et
1471 2141 1711 2196 communicantes
1728 2141 1773 2196 di-

135 2227 182 2282 red
196 2243 256 2282 non
270 2233 323 2282 est.
334 2229 369 2283 Et
387 2230 460 2284 sicut
473 2230 580 2283 ldolum
599 2229 670 2283 nihil
684 2236 736 2295 est,
752 2229 793 2283 ita
805 2229 879 2300 quod
891 2227 932 2282 illi
973 2234 1084 2286 cuntur.
1102 2245 1134 2283 eo
1150 2229 1224 2299 quod
1239 2229 1438 2296 comiuunitsr'.
1452 2229 1482 2284 ld
1493 2234 1537 2284 est
1548 2229 1666 2301 pariter,
1675 2238 1770 2284 como·

134 2314 299 2370 immolatur
312 2317 383 2371 nihil
397 2324 449 2372 est.
973 2315 1087 2370 debant.
1105 2317 1188 2388 Apud
1197 2322 1306 2372 veteres
1320 2319 1395 2373 enim
1420 2318 1594 2374 consuetudo
1621 2323 1683 2374 oret
1700 2317 1772 2373 hora

167 2404 238 2458 Noto
251 2409 346 2458 autem
369 2423 414 2460 eos
440 2412 524 2461 comos
546 2408 834 2474 norcomannorum.
854 2407 932 2461 Tunc
973 2420 1048 2460 nona
1062 2422 1183 2467 coensre,
1202 2420 1256 2461 non
1270 2406 1300 2460 in
1310 2406 1483 2473 abscondito,
1498 2407 1548 2462 'sed
1564 2407 1593 2462 in'
1609 2408 1768 2480 propatulo,

134 2490 239 2547 fiebant
252 2487 320 2547 socii
334 2494 545 2560 demoniorum,
557 2496 669 2566 quando
680 2495 864 2550 comedebant
874 2495 932 2549 ido-
974 2511 1011 2549 ne
1024 2494 1205 2563 singularitas
1220 2495 1360 2550 luxuriam
1371 2495 1509 2566 gigneret.-

133 2579 252 2651 lothyta,
267 2589 297 2635 et
311 2583 423 2654 quando
443 2585 616 2640 voluntatem
639 2585 752 2639 illorum
766 2584 930 2656 implebant.
1008 2582 1040 2637 Si
1052 2584 1114 2650 quir
1125 2588 1218 2636 autem
1231 2585 1351 2637 dicerit:
1367 2585 1422 2638 Hoc
1435 2585 1612 2638 trnraolalum
1626 2589 1665 2638 etl
1677 2584 1768 2650 idean

135 2669 194 2725 lion
205 2674 318 2738 potestis
332 2676 454 2739 calicem,
466 2674 495 2728 id
509 2679 553 2728 est
566 2675 744 2745 sanguinem.
760 2676 875 2728 Deretini
888 2674 930 2726 ln'·
971 2670 1056 2724 idest
1069 2670 1153 2724 idolis
1167 2677 1210 2725 est
1223 2674 1519 2737 consecraturu‚nols'te
1532 2673 1772 2740 manducurspro-

136 2757 202 2824 hire,
219 2759 354 2815 subaudis
369 2768 444 2816 recto
458 2764 530 2817 sicut
556 2763 695 2819 bibendus
710 2772 763 2825 est,
779 2768 804 2816 et
818 2764 931 2816 uerticem
969 2765 1032 2828 pter
1048 2763 1243 2814 mentientium
1258 2763 1375 2815 atterius
1388 2761 1586 2828 qutjadtoaott
1598 2764 1628 2814 at
1647 2759 1769 2815 circum·

136 2848 441 2918 wrsoniomrmidest,
452 2853 576 2922 corporis
586 2852 929 2920 Dominiportieipesesse,
972 2847 1118 2909 stantium,
1130 2864 1165 2902 ne
1176 2848 1385 2914 vosdirideant‚
1408 2848 1481 2903 siout
1493 2860 1580 2919 supra
1593 2848 1699 2904 &mam
1714 2855 1768 2905 ut.

135 2941 216 3001 recte,
229 2941 254 2991 et
269 2950 370 2994 mense
384 2941 595 3007 aennon-iorum,
608 2939 857 3011 quiidolislibatis.
870 2938 932 2992 Non
975 2938 1006 2991 la
1021 2939 1302 3005 quittanciarum
1317 2952 1388 2999 mco,
1405 2953 1462 3008 qua
1485 2937 1569 2992 oredo
1588 2938 1685 2993 amnia
1707 2955 1770 2995 aare

135 3025 251 3095 potestis
264 3042 369 3081 menese
382 3028 583 3085 demoniorum
594 3030 670 3084 cibos
681 3030 837 3083 comedere.
854 3027 932 3082 Sicut
973 3026 1088 3091 munde,
1100 3029 1257 3095 judicatur,
1276 3026 1304 3081 id
1323 3031 1367 3081 est
1380 3025 1605 3096 reprelienditur,¹
1620 3028 1655 3081 ab
1675 3030 1770 3085 aliena

136 3126 191 3167 uon
205 3117 325 3185 potestis
339 3123 414 3172 recte
424 3118 533 3173 duobus
542 3118 663 3172 dominis
682 3118 797 3186 servire,
816 3117 856 3170 sic
874 3131 931 3170 non
972 3119 1147 3180 conscicntia,
1158 3116 1185 3170 id
1196 3116 1284 3171 estzsi
1295 3126 1362 3186 ergo
1368 3115 1507 3170 manduco
1516 3115 1621 3182 omnia,-
1630 3116 1698 3188 quid
1704 3122 1770 3188 per-

136 3203 252 3272 potestis
266 3217 418 3277 utrumque
428 3213 504 3261 recte
514 3223 607 3278 agere,
619 3214 648 3261 et
657 3207 767 3261 diabolo
778 3205 892 3270 servire,
903 3210 932 3258 et
971 3203 1043 3259 tinet
1058 3206 1093 3260 ad
1106 3206 1228 3277 aliquem
1237 3210 1268 3260 ut
1279 3214 1325 3259 ‘are
1338 3204 1535 3275 reprehendat,
1548 3205 1592 3260 iel
1606 3205 1674 3278 quid
1687 3213 1770 3262 uocat

136 3288 247 3346 Christo
258 3294 379 3362 placere.
394 3301 423 3349 et
438 3312 539 3366 corpus
554 3298 615 3366 ejus
627 3296 710 3367 digne
725 3313 835 3351 sunrere
973 3295 1034 3364 ejus
1047 3294 1249 3365 reprehensio?

167 3384 212 3434 Aa
226 3384 396 3436 antoninae
405 3385 556 3438 Coruinum
565 3392 577 3438 l
586 3386 681 3455 iungit
691 3397 721 3439 se
729 3385 890 3449 Corinthiis,
903 3392 932 3439 et
1007 3382 1039 3438 Si
1049 3396 1113 3452 eruo
1124 3396 1187 3439 carn
1200 3387 1304 3453 pratia.
1321 3382 1457 3438 subaudis
1474 3383 1536 3449 Dei,
1548 3388 1699 3454 participo,¹
1711 3385 1770 3441 sira

135 3465 259 3538 loquitur
267 3485 301 3523 ex
311 3484 432 3541 persona
443 3472 556 3526 illorum
572 3473 620 3543 qui
639 3473 783 3528 dicebant:
796 3473 931 3544 Nunquid
971 3471 1119 3538 manducor
1131 3474 1198 3541 qaid
1211 3474 1380 3540 blasphcnoor
1403 3487 1457 3540 pro
1470 3482 1500 3526 eo
1513 3474 1586 3539 quod
1597 3476 1705 3540 pretias
1718 3478 1770 3543 opo

134 3568 189 3609 nou
198 3557 501 3614 imitamurDcminum
510 3561 522 3614 l
531 3562 563 3615 ln
574 3562 776 3632 hocergoqucd
788 3563 931 3632 pergimus
971 3560 1094 3614 DeolEx
1104 3562 1339 3632 personaillarum
1347 3561 1539 3632 loquiturrqui
1549 3561 1619 3615 talia
1627 3560 1768 3630 dicabunt,

133 3643 169 3697 ad
183 3647 312 3716 exempla
322 3646 509 3713 idolorum‚ct
524 3650 696 3704 cornedimus
707 3649 746 3704 ibi
761 3666 824 3704 curn
834 3649 931 3702 infide
956 3649 1052 3719 ·qussi
1062 3649 1244 3720 subjungeret
1266 3651 1416 3720 Apostolus
1431 3660 1437 3698 τ
1453 3650 1515 3704 Non
1528 3648 1637 3704 debeas
1662 3649 1716 3704 hdo
1728 3650 1769 3705 di⁴

133 3728 216 3800 libus,
230 3737 440 3804 quosvolumus
454 3739 557 3793 lucrari
568 3740 603 3792 sd
619 3738 772 3804 Christum,
785 3738 931 3792 imitamur
971 3752 1044 3799 cere.
1061 3737 1127 3791 licet
1140 3737 1322 3792 sanctificetis
1335 3738 1489 3809 illudquod
1502 3738 1615 3793 sumitis
1624 3738 1769 3808 signaculo

132 3818 297 3889 Dominum,
312 3825 361 3896 qui
375 3826 412 3880 ad
426 3827 524 3881 domos
536 3824 748 3899 publicanorum
764 3833 792 3881 et
806 3832 930 3896 peccato·
970 3827 1069 3889 trucis,
1085 3831 1112 3880 et
1126 3825 1300 3881 invocatione
1311 3826 1434 3881 nominis
1453 3826 1566 3881 Domini
1581 3831 1768 3882 :tamennon

133 3924 196 3963 rum
209 3912 570 3981 veniebatutoccnsionem
582 3915 835 3971 haberetdocendi.
851 3915 929 3968 itan·
969 3913 1033 3969 ideo
1048 3914 1156 3969 debetis
1176 3914 1333 3981 comedere,
1357 3915 1425 3985 quia
1445 3915 1768 3987 blasphemetur-exindo

131 4001 203 4067 qaid
216 4002 346 4068 fortiores
360 4007 409 4058 illo
423 4012 538 4059 serranus?
552 4004 637 4069 Quasi
655 4005 776 4059 diceret:
796 4001 929 4072 Nunquid
970 4014 1073 4057 nomen
1084 4001 1206 4064 Domini,
1222 4006 1251 4055 et
1265 4012 1314 4056 tos
1327 4000 1572 4072 blasphemamini.

129 4088 264 4144 tenderes
276 4091 324 4146 illu
336 4093 404 4147 estis
418 4094 448 4147 in
459 4094 512 4148 hae
526 4094 630 4165 parte?
654 4095 717 4148 Non
732 4093 809 4147 estis.
827 4093 860 4146 In
879 4092 932 4145 hoc
1010 4094 1109 4145 Crania
1119 4093 1150 4143 in
1158 4092 1279 4158 pluriam
1292 4092 1341 4144 Dei
1355 4091 1447 4157 tonte,
1458 4090 1541 4145 idest
1552 4091 1581 4145 in
1592 4091 1768 4147 iarocmionb

132 4177 265 4233 volebant
274 4179 404 4235 fortiores
418 4198 479 4236 esse
490 4183 611 4241 Christo.
623 4183 689 4253 quia
708 4181 838 4236 volebant
847 4197 931 4251 agere
972 4177 1093 4235 nominis
1107 4178 1167 4242 Dei,
1184 4183 1286 4233 etcum
1300 4178 1496 4243 honestatam
1508 4179 1584 4235 Deus
1594 4179 1774 4251 glorificatur

132 4267 208 4336 qnod
220 4268 281 4339 ipse
290 4285 347 4323 non
359 4271 432 4326 iecit.
445 4271 490 4326 llli
500 4271 574 4325 enim
595 4272 674 4325 ibant
683 4271 718 4324 ed
732 4271 831 4325 domos
845 4284 1022 4365 paga-Dper
1038 4284 1093 4323 vos.
1108 4266 1243 4338 Legimus
1257 4267 1379 4338 quodam
1394 4267 1465 4331 loco.
1475 4269 1552 4338 quod
1566 4284 1630 4324 curu
1645 4269 1768 4340 quodam

131 4357 397 4420 norum‚Christum
409 4375 466 4412 non
476 4359 759 4430 legimusperrenisse
771 4359 805 4413 ad
816 4359 930 4413 domurn
971 4363 1098 4428 tempore
1110 4358 1223 4428 quidam
1248 4357 1400 4411 humuncio
1419 4373 1470 4428 pro
1487 4357 1575 4414 ulmis
1588 4358 1705 4414 tristitia
1724 4374 1769 4414 ro·

132 4440 255 4512 sticmm
262 4445 387 4510 gentllis.
400 4449 510 4512 Crania,
524 4446 809 4511 subaudiselimsnts,
817 4446 885 4499 mihi
901 4445 931 4498 li·
971 4446 1071 4500 luisset
1082 4462 1112 4500 ss
1137 4446 1238 4516 laqueo
1265 4446 1448 4516 suspendere,
1476 4451 1506 4502 et
1531 4447 1665 4504 disant:
1680 4448 1768 4511 Deus,

130 4534 178 4585 oet
191 4531 276 4585 edere
285 4535 438 4589 secundum
453 4543 593 4602 naturam,
610 4537 659 4591 sed
669 4553 726 4591 non
741 4536 836 4589 omnia
847 4552 931 4606 espe—
972 4535 1074 4605 adjuva
1087 4551 1141 4600 me,
1157 4535 1232 4606 qaod
1245 4534 1360 4589 verbum
1383 4546 1493 4605 semper
1515 4535 1546 4591 in
1559 4553 1613 4593 usu
1635 4536 1768 4604 habebat,

134 4618 224 4685 dant,
243 4620 272 4674 id
287 4627 340 4687 est,
356 4635 411 4677 non
426 4624 521 4678 omnia
533 4631 601 4679 suut
614 4625 703 4679 utilis.
973 4624 1064 4679 astitit
1076 4623 1176 4678 beatus
1192 4623 1298 4677 Paulus
1318 4623 1471 4692 apostolus,
1488 4622 1618 4694 iuquiens
1633 4643 1640 4679 c
1656 4626 1767 4693 Infelix,

171 4709 274 4765 Ornnia
284 4712 357 4765 milit
373 4715 582 4778 licentsrrtnon
596 4717 691 4768 omnio
701 4715 846 4781 edificant.
862 4713 932 4768 elios
972 4713 1153 4784 temetipsum
1165 4710 1399 4782 illaqueareviset
1407 4722 1510 4765 nomen
1517 4710 1629 4765 Domini
1637 4711 1769 4770 invocata

135 4796 165 4851 in
178 4798 243 4866 uuo,
259 4800 309 4855 sed
324 4801 416 4871 pohus
429 4802 578 4857 destruunt
600 4802 740 4874 simplices
753 4816 803 4873 per
816 4802 931 4859 scanda-
973 4800 1141 4872 praesumis?
1157 4800 1211 4855 Sed
1222 4799 1291 4854 illud
1307 4799 1373 4869 quia
1395 4797 1541 4864 invocasti,
1565 4803 1625 4853 osto
1644 4799 1715 4855 liber
1732 4802 1769 4859 ab

134 4883 203 4943 lum.
972 4886 1770 4963 hactristitlaetmorteprssscnti‚quiaomnitprosparo

169 4977 255 5032 Neine
269 4980 435 5047 quadratam
447 4986 485 5035 cst
498 4981 695 5035 tantummodo
709 4986 824 5049 querat,
835 4981 864 5034 in
879 4981 932 5035 hac
971 4978 1024 5034 tibi
1036 4978 1194 5033 succedent

137 5070 215 5133 purte
225 5068 398 5122 comedendo
412 5070 515 5135 omnia,
545 5071 590 5123 seit
610 5071 680 5138 qnod
694 5073 820 5129 alterius.
842 5069 870 5123 id
889 5075 932 5124 est
1008 5069 1074 5124 Sino
1089 5069 1243 5135 efferatam,
1255 5064 1283 5118 id
1297 5069 1340 5119 est
1354 5064 1415 5119 sino
1429 5067 1562 5123 mandato
1576 5074 1606 5125 st
1618 5071 1771 5143 reproban-

137 5154 209 5220 quod
226 5155 444 5227 simplicioribus
471 5159 601 5228 prodest:
618 5157 690 5213 sicut
711 5159 854 5213 Christum
875 5172 932 5213 uon
972 5158 1061 5217 sione.
1074 5162 1152 5210 estote
1166 5156 1279 5215 roasia
1289 5154 1337 5224 qui
1354 5153 1666 5227 tarraconensium
1680 5164 1772 5231 pmcn

138 5241 263 5310 quesivit
273 5254 334 5310 sua,
350 5245 398 5300 sed
409 5252 514 5300 nostra.
537 5273 544 5295 ι
974 5248 1032 5311 aas.
1050 5244 1180 5299 fidelibus
1192 5249 1220 5298 et
1236 5242 1321 5297 etiam
1333 5243 1493 5300 infidelibus
1509 5264 1515 5300 :
1529 5248 1609 5304 Sicut
1621 5255 1646 5304 et
1656 5267 1702 5319 apo
1720 5264 1772 5321 per

172 5334 260 5389 Omne
270 5337 344 5403 qood
356 5341 388 5390 in
400 5339 522 5400 macello,
535 5338 563 5391 id
590 5344 634 5392 est
653 5337 682 5391 in
698 5344 831 5400 mercato,
846 5341 931 5403 verrit,
973 5338 1079 5399 ornato,
1095 5332 1229 5388 subaudis
1240 5346 1302 5402 quas
1329 5333 1410 5399 facio,
1435 5337 1563 5391 amathus
1574 5341 1677 5406 placeo.
1700 5341 1772 5395 Cam

138 5422 934 5493 tivavenditur,inanducatemihilinterropantespropler
973 5422 1772 5496 apostolusettssdicat:Stramrnstmptacsrsm,otrssrs

138 5513 415 5568 sometcnltamillius
428 5530 514 5585 quem
524 5514 773 5585 interrogaveritis.
785 5514 933 5569 Macellum
973 5528 1067 5569 arvus
1081 5512 1591 5585 minuremlCal.1l‚quetrautlum
1615 5522 1659 5571 tat
1683 5522 1771 5586 'qun
