3818 6104
156 287 210 346 35
378 288 568 346 HAYMONIS
584 289 828 345 HALBERSTAT.
845 288 963 347 EPISC.
982 287 1062 347 OPP.
1078 287 1170 346 PARS
1183 291 1206 346 l.
1222 319 1256 331 ·-
1272 290 1456 346 OOMMENT.
1475 288 1568 346 mat.

157 412 315 480 arboribus,
332 413 413 469 itaet
425 414 472 468 ille
483 414 576 485 gratia
586 414 741 469 divinitatis
751 414 887 485 praecellit
899 431 956 469 oro·
963 418 989 475 Α
1298 414 1415 470 CAPUT
1439 415 1488 470 v1.

157 517 208 557 nes
222 501 258 556 ab
272 502 353 557 initio
363 503 458 558 saeculi
471 509 592 558 sanctos.
1031 521 1044 555 ι
1064 502 1188 558 Dilectus
1211 520 1291 558 meus
1313 503 1460 557 descendit
1485 504 1513 557 in
1530 503 1648 559 hortum

995 591 1118 645 areolam
1140 593 1282 651 orornatis,
1304 596 1336 644 ut
1363 597 1499 662 pascatur
1523 591 1552 645 in
1573 591 1662 646 hortis

997 680 1119 750 colligat.
1138 681 1227 734 »Jam
1249 696 1333 750 supra
1361 680 1436 734 docti
1464 696 1564 734 sumus
1585 679 1662 751 quit

997 768 1111 831 Christi,
1127 776 1223 822 sancta
1242 768 1371 822 videlicet
1390 767 1525 833 Ecclesia,
1546 768 1583 822 de
1598 784 1657 839 qua

996 856 1102 910 dictum
1118 864 1163 911 est
1176 872 1196 906 ει
1209 858 1314 911 llortus
1328 858 1476 912 conclusus
1485 874 1567 912 soror
1577 873 1644 913 mea
1657 875 1662 912 r

995 945 1145 1000 Descendit
1161 946 1270 1016 linquit)
1282 946 1411 1000 Christus
1420 946 1448 999 in
1459 947 1662 1001 hortumsuum

993 1033 1062 1099 lam,
1077 1051 1159 1104 quem
1172 1034 1233 1104 ipse
1247 1035 1451 1104 praepararitct
1461 1034 1593 1099 excoluit,
1609 1050 1662 1105 que

994 1129 1054 1177 tum
1066 1122 1240 1192 germinibus
1254 1123 1387 1187 consevit,
1404 1140 1487 1192 quem
1504 1122 1662 1193 suagratia

193 635 323 690 «Guttur
338 635 412 690 illius
425 635 634 690 suavissimum.
651 654 662 686 ι
676 636 811 707 Superius
823 653 873 707 per
881 635 955 691 labia

161 724 266 795 sponsi,
286 722 369 778 verba
382 726 444 795 ejus
453 724 595 778 intellecta
610 730 685 788 sunt,
702 741 777 779 nunc
791 741 841 797 per
858 730 956 795 guttur

157 810 283 882 ipsorum
289 812 436 868 verborum
452 812 569 867 interior
582 814 702 867 dulcedo
712 813 955 884 significaturum

154 899 315 957 intellectus
325 907 421 955 noster
429 901 563 956 relicitur.
575 902 655 956 Unde
667 907 696 956 et
707 902 859 956 Psalmista
871 903 955 956 an·

154 993 228 1043 state
243 994 272 1044 et
285 989 376 1044 videte
391 990 522 1062 quoniam
551 990 644 1044 suavis
669 996 712 1045 est
726 990 871 1045 Dominus.
890 1010 902 1040 ι
920 991 955 1045 Et

153 1077 236 1132 multi
260 1079 373 1150 quidem
398 1079 482 1134 rerba
496 1078 609 1133 Domini
622 1079 703 1133 facile
717 1079 877 1149 intelligere
889 1096 954 1151 pos·

153 1173 230 1234 sunt,
244 1167 292 1222 sed
302 1168 383 1239 pauci
394 1173 461 1222 sunt
471 1168 517 1239 qui
529 1166 704 1222 dulcedinem
715 1167 828 1222 illorum
840 1168 952 1223 valeant
991 1210 1031 1264 vit
1077 1227 1141 1264 uem
1157 1227 1307 1265 murosuae
1323 1211 1456 1265 custodiae
1471 1211 1662 1265 abimum

152 1259 322 1324 mmm
348 1256 401 1310 ¹¹⁰⁰
415 1255 521 1326 θείω
536 1261 673 1326 pmoepm
690 1255 741 1310 Dei
765 1272 798 1309 ex
812 1272 908 1310 amm
923 1261 951 1310 et
991 1227 1220 1368 rumqspirituum
1236 1299 1361 1353 defendit
1389 1301 1423 1354 Et
1437 1299 1507 1353 bene
1524 1299 1555 1352 in
1573 1300 1662 1355 hortu

152 1341 292 1397 desiderio
304 1342 437 1399 studeant
449 1344 611 1415 adimplere.
630 1363 643 1396 r
660 1345 695 1398 Et
714 1349 792 1398 totus
805 1345 949 1399 desidera·
991 1386 1168 1441 descendisse
1181 1388 1284 1442 dicitur
1305 1344 1370 1442 nam
1385 1388 1415 1442 in
1429 1389 1511 1442 horto
1526 1405 1557 1442 se
1577 1387 1662 1443 euri,

153 1428 227 1485 bilis.
243 1432 335 1486 »desi
345 1431 468 1487 diceret:
483 1432 555 1497 Quid
564 1449 614 1504 per
623 1432 733 1503 singula
748 1432 874 1487 membra
890 1434 949 1503 ejus
1026 1475 1032 1486 .
1285 1431 1292 1452 '
1559 1406 1575 1458 p

154 1516 498 1575 describendoimmoror?
518 1520 604 1575 Totus
614 1526 657 1574 est
665 1520 860 1574 desiderabilis
868 1537 949 1592 spon·
991 1492 1113 1546 prmum
1127 1477 1222 1530 Mariae
1234 1475 1408 1546 Magdalenae
1418 1477 1539 1531 isthmi)
1552 1492 1662 1548 appm

437 1610 441 1618 .
505 1609 511 1620 .
594 1609 600 1620 .
991 1563 1662 1635 quodammodoprimitiasEcclesiaeconsecrarit

152 1622 201 1662 sus
215 1624 304 1663 meus.
320 1610 417 1667 Totus.
434 1614 535 1679 inquit,
553 1626 620 1680 qma
635 1608 775 1680 perfectus
788 1609 871 1673 Deus,
884 1627 948 1680 per·
989 1650 1064 1706 disse
1077 1653 1189 1714 dicitur,
1203 1653 1316 1723 quando
1331 1653 1366 1706 de
1376 1653 1568 1723 superioribus
1589 1660 1621 1707 et
1636 1669 1662 1708 α

150 1694 240 1750 s⁰⁰i¹1⁸
254 1697 348 1752 ΜΟ·
361 1700 448 1754 T⁰t¹¹⁸
460 1716 527 1770 “8⁰
540 1697 734 1753 “ffliderabilis
750 1706 802 1758 θεῖ·
814 1699 880 1769 qnia
901 1717 1103 1795 an'Baedibus
1119 1741 1146 1795 in
1162 1741 1273 1795 hortum
1285 1741 1429 1796 descendit
1451 1758 1535 1812 quem
1546 1742 1609 1813 ipse
1618 1742 1662 1797 hu:

149 1785 229 1886 &¹⁰⁸
243 1791 272 1890 ⁰}
283 1787 386 1842 θῙθῧωθ
399 1805 524 1860 qumque
546 1789 582 1843 ad
595 1804 677 1889 ⁸¹{ufn
696 1788 825 1842 accendit
839 1788 950 1890 deside-
992 1829 1130 1898 plantavit
1146 1848 1151 1881 :
1168 1831 1217 1884 sed
1233 1830 1268 1883 ad
1284 1830 1336 1884 hoc
1347 1831 1406 1901 ipse
1421 1783 1575 1895 descendit,
1593 1831 1662 1886 utu

152 1890 238 1940 num,
251 1883 331 1946 Juxta
351 1878 426 1948 quod
439 1879 589 1950 Apostolus
605 1879 673 1933 droit
689 1897 695 1932 :
715 1897 728 1929 u
739 1879 770 1933 ln
785 1895 867 1950 quem
879 1879 950 1933 desi·
992 1923 1034 1971 est
1048 1919 1184 1984 Ecclesia)
1198 1920 1259 1988 ejus
1274 1919 1308 1972 ad
1322 1919 1414 1990 ipsum
1430 1919 1608 1973 ascenderet,
1625 1919 1662 1975 Ur

151 1963 253 2020 derant
262 1966 354 2037 angeli
366 1967 558 2038 prospicere»
569 1971 598 2021 et
608 1983 663 2037 quo
674 1965 791 2021 vicinius
802 1967 947 2038 accipitur,
991 2006 1173 2077 sequentibus
1188 2008 1222 2061 de
1237 2008 1328 2068 hono·
1346 2008 1373 2060 id
1399 2014 1442 2061 est
1468 2006 1595 2062 Ecclesia
1620 2024 1662 2063 sm

149 2051 203 2107 hoc
217 2055 318 2124 majori
327 2054 466 2109 desiderio
476 2055 510 2108 ad
521 2072 551 2109 se
561 2055 751 2125 aspiciendum
767 2063 898 2126 prouocat
909 2057 950 2110 in·
992 2114 1005 2147 α
1023 2096 1090 2159 Quae
1105 2103 1148 2150 est
1163 2096 1216 2149 ista
1231 2113 1293 2167 quae
1308 2096 1434 2150 ascendit
1448 2113 1498 2166 per
1508 2097 1654 2151 desertum

149 2143 271 2195 tuentes.
280 2142 375 2195 «Talis
389 2148 431 2195 est
441 2142 559 2197 dilectus
571 2158 660 2206 meus,
673 2148 701 2196 et
715 2143 768 2196 iste
784 2150 828 2197 est
840 2144 947 2199 amicus
989 2185 1111 2238 areolam
1120 2185 1662 2256 (inquit)aromati&‚peramolamanin

151 2241 242 2292 meus,
260 2228 324 2283 liliae
339 2230 524 2286 llierusalem.
541 2254 553 2279 ι
571 2229 704 2296 Dilectus,
721 2231 787 2302 quia
800 2249 851 2302 per
863 2233 946 2286 fidem
989 2289 1043 2342 que
1057 2272 1146 2327 fidelis
1156 2273 1331 2344 inteffigitur'
1342 2291 1404 2344 quae
1414 2274 1662 2344 disciplinaeque&

150 2320 180 2368 et
205 2315 371 2416 charitatem
390 2318 431 2419 illi
447 2318 569 2372 inhaereo
585 2337 591 2371 :
608 2319 713 2420 amicus
733 2336 807 2386 vero,
823 2320 890 2391 quia
902 2339 947 2375 me
988 2367 1017 2415 et
1029 2361 1180 2432 diligenter
1191 2363 1391 2432 composita'ac
1405 2363 1662 2433 laterumparffim

151 2403 186 2458 de
199 2406 310 2461 vinculo
325 2414 431 2479 peccati
446 2409 631 2479 redemptam,
647 2424 765 2462 amicam
777 2425 856 2464 suam
868 2416 895 2464 et
906 2427 947 2464 se·
988 2450 1069 2504 dmm
1084 2457 1135 2504 est·
1149 2469 1162 2501 a
1178 2450 1215 2504 Ut
1229 2458 1362 2520 pascatur
1376 2452 1487 2522 (inquit)
1504 2452 1532 2505 in
1555 2452 1655 2519 honis,

148 2499 302 2549 cretosum,
318 2511 434 2550 suorum
459 2496 598 2552 consciam
619 2495 711 2550 facere
732 2496 863 2567 dignatus
892 2505 942 2552 est.
1058 2540 1074 2550 ..
1291 2539 1337 2593 lb
1373 2540 1400 2594 ‚b
1448 2541 1492 2594 dl
1527 2547 1570 2594 tt
1631 2540 1643 2594 Ι

147 2582 237 2647 Quem
252 2589 356 2655 quanto
379 2585 440 2655 plus
466 2584 585 2656 quisque
602 2583 704 2654 diligit,
725 2589 803 2640 tauto
819 2586 946 2640 amicitia
987 2544 1318 2682 ggnlijssnossfficsmnfta
1338 2557 1444 2683 &taust
1468 2557 1614 2683 mesu*
1644 2557 1662 2612 p

1201 2646 1372 2699 pascrur,rn
1413 2646 1526 2692 numm
1551 2646 1662 2703 mpaup

149 2686 211 2742 ⁰³⁰⁸
220 2672 333 2742 d¹⁸⁰¹⁰r
348 2673 477 2728 efflatu*
986 2716 1156 2770 reficiatur«
1171 2716 1205 2770 Et
1215 2716 1274 2770 lilia
1285 2717 1394 2787 (inquit)
1406 2718 1531 2787 colligat,
1544 2741 1554 2769 ι
1568 2720 1662 2774 hocas

183 2827 196 2860 ι
212 2807 273 2872 Quo
288 2804 357 2862 abiit
369 2807 489 2863 dilectus
501 2813 578 2874 tuus,
594 2824 611 2860 ο
625 2806 815 2879 pulcherrima
841 2808 944 2863 mulie·
986 2809 1045 2858 ctas
1055 2805 1164 2859 animas
1175 2805 1286 2859 virtutis
1297 2807 1461 2860 maturitate
1471 2808 1506 2860 ad
1517 2807 1662 2877 perfecturi

144 2896 259 2951 rumis
278 2897 338 2951 Vox
350 2903 394 2952 est
405 2898 527 2953 tiliarum
542 2898 731 2962 llierusalem,
752 2896 782 2951 id
797 2903 840 2952 cst
854 2898 945 2952 Eccle·
986 2909 1045 2946 rem
1060 2893 1219 2963 perductas,
1230 2892 1323 2948 abhoc
1333 2894 1438 2947 mundo
1449 2895 1485 2948 ad
1494 2911 1525 2948 se
1532 2894 1662 2966 colligate

145 2984 261 3050 siarum,
290 2986 348 3039 sive
381 2986 467 3041 etiam
492 2986 650 3041 animarum
676 2992 848 3041 sanctarum.
871 2987 942 3041 Nam
985 2981 1014 3034 in
1037 2987 1142 3036 aeterna
1160 2982 1340 3037 beatitudine
1360 2982 1483 3053 gaudere
1509 2984 1604 3038 saciat.
1624 2984 1662 3040 Li]

143 3087 249 3142 sponsa
259 3073 364 3128 Christi
380 3074 504 3128 Ecclesia
520 3081 571 3136 est,
594 3074 657 3129 liliae
683 3075 859 3129 llierusalem
883 3075 974 3146 ipsae
985 3075 1090 3124 sanctae
1102 3076 1169 3125 sunt
1182 3072 1292 3139 auimae,
1310 3072 1445 3126 virtutum
1462 3072 1563 3127 studiis
1579 3078 1609 3127 et
1622 3072 1662 3128 bor

143 3158 268 3214 Ecclesia
291 3166 343 3226 est,
369 3178 430 3232 quae
457 3179 489 3216 ex
512 3163 630 3232 singulis
655 3163 781 3218 fidelium
796 3163 943 3219 animabus
984 3159 1062 3213 ribus
1077 3159 1242 3213 candidatae.

144 3249 356 3303 constathiunt
369 3267 435 3320 ergo
452 3269 477 3304 :a
487 3250 548 3314 Quo
558 3251 627 3305 abiit
640 3251 758 3306 dilectus
770 3257 845 3310 tuus,
855 3268 871 3305 0
879 3252 943 3323 pul·
1023 3246 1106 3317 «Ego
1116 3248 1218 3302 dilecto
1234 3265 1306 3314 meo,
1323 3255 1351 3302 et
1364 3249 1483 3304 dilectus
1496 3267 1578 3306 meus
1592 3251 1662 3309 mihi

144 3336 284 3391 cherrima
298 3338 471 3393 mulierum?
484 3340 545 3403 Quo
557 3338 708 3392 declinarit
722 3339 841 3394 dilectus
856 3342 942 3395 tuus?
984 3335 1072 3389 scitur
1081 3336 1154 3390 inter
1172 3337 1240 3391 lilia.
1259 3360 1270 3386 ι
1282 3355 1295 3390 c
1308 3338 1364 3407 Ego
1376 3339 1477 3393 dilecto
1494 3357 1567 3404 meo·
1579 3341 1662 3397 ”subt

143 3430 406 3496 etquaeremuseum
414 3427 940 3500 tecum.»ddjurareratenimsuperius
981 3425 1102 3494 gratiam
1113 3425 1272 3495 pastionum
1283 3442 1427 3496 Pfaelisss03
1444 3447 1455 3477 ί
1468 3433 1496 3481 ei
1510 3429 1631 3485 dilectus
1643 3447 1662 3487 11

141 3514 204 3587 ipsa
218 3533 322 3589 sponsa
336 3517 409 3571 filias
424 3517 825 3577 Hierusalem,utnuntiarent
838 3534 939 3588 sponso
981 3512 1020 3575 hi,
1035 3513 1176 3583 »gratiam
1193 3514 1381 3584 perfectionis,
1391 3517 1432 3569 rel
1449 3518 1596 3587 praemium
1610 3523 1662 3575 aete

142 3604 217 3675 quod
232 3621 328 3661 amore
339 3607 399 3676 ejus
410 3607 558 3676 langueret
569 3605 826 3675 ;interrogarerant
834 3607 938 3661 eaedem
981 3603 1185 3657 munerationis
1202 3604 1352 3674 praestabit.
1370 3605 1459 3668 Sira«
1475 3622 1527 3675 ego
1542 3607 1662 3664 dilector

141 3691 206 3747 fllia
221 3694 396 3749 Hierusalem
408 3695 499 3767 qualis
514 3700 588 3749 essct
600 3711 729 3765 sponsus,
740 3701 769 3748 et
782 3695 832 3748 illa
845 3711 941 3749 conse·
982 3691 1090 3761 meipsa
1100 3692 1274 3746 mansiffliem
1286 3710 1363 3763 pafo,
1377 3700 1405 3747 ei
1415 3694 1533 3749 dilectus
1544 3713 1662 3753 meusm

142 3789 263 3851 quanter
276 3784 394 3837 formam
411 3784 507 3854 sponsi
521 3783 563 3839 sui
573 3789 752 3854 exposueram
768 3799 843 3838 nunc
856 3784 941 3838 inter·
981 3778 1040 3848 ipse
1056 3778 1084 3832 in
1101 3795 1145 3832 mo
1159 3778 1276 3844 habitat,
1295 3786 1323 3833 et
1343 3782 1425 3835 mein
1440 3799 1469 3835 se
1481 3782 1609 3839 habitare
1623 3785 1662 3841 lac

140 3877 243 3940 rogant
258 3872 324 3943 ipse)
339 3873 403 3928 tiliae
425 3873 601 3928 Hierusalem
628 3889 682 3943 quo
704 3871 806 3926 abierit
820 3889 940 3942 sponsus
981 3866 1075 3936 ipsein
1085 3867 1321 3936 Evangeliodicit,
1337 3870 1413 3938 «Ego
1423 3871 1545 3937 iurobis,
1558 3875 1662 3930 etvosi

140 3957 198 4027 ille,
213 3967 246 4015 ut
258 3968 386 4032 quaerant
400 3979 464 4017 eum
484 3979 548 4016 curn
571 3977 604 4016 ea
622 3983 627 4014 :
645 3962 697 4015 hoc
720 3963 826 4016 faciunt
837 3968 938 4016 sanctae
1018 3956 1165 4009 “Pulchra
1183 3972 1221 4021 es,
1244 3958 1334 4011 amica
1349 3975 1420 4021 mea,
1437 3962 1530 4015 suevis
1545 3969 1574 4016 et
1588 3963 1662 4019 decor

140 4049 252 4111 anima,
265 4051 377 4121 quando
391 4052 427 4106 ad
441 4052 559 4107 invicem
575 4051 611 4106 dc
625 4057 729 4105 aterna
745 4050 836 4104 salute
851 4051 938 4105 collo·
981 4043 1170 4098 Hierusalem.
1200 4065 1211 4096 ι
1233 4046 1381 4109 Quaerebat
1402 4048 1528 4103 Ecclesia
1548 4068 1662 4122 sponsur

140 4143 277 4207 quuntur,
288 4139 441 4208 flagrantes
451 4156 548 4193 amore
563 4139 778 4208 Christi,etejus
793 4145 937 4210 aspectum
979 4143 1113 4205 tanquam
1126 4135 1281 4199 absentem,
1294 4137 1340 4190 scd
1351 4136 1398 4190 ille
1411 4142 1443 4191 ut
1451 4155 1480 4192 sc
1490 4156 1603 4211 semper
1612 4158 1662 4212 pra

139 4223 350 4293 desiderantes;
371 4227 429 4280 sire
448 4243 515 4282 eum
540 4227 689 4296 diligenter
705 4227 884 4297 investigant,
908 4227 938 4280 in
980 4224 1150 4289 ostenderet,
1159 4224 1240 4294 eique
1248 4225 1283 4279 de
1294 4242 1323 4279 se
1334 4227 1595 4299 colloquentiseque
1605 4231 1662 4287 desi

141 4325 261 4380 quorum
290 4313 413 4367 maxime
441 4312 571 4367 cordibus
590 4313 718 4367 Christus
733 4315 891 4384 requiescit,
907 4320 939 4369 ut
979 4329 1091 4383 semper
1100 4313 1198 4367 adesse
1213 4313 1429 4381 demonstraret,
1445 4316 1500 4370 cito
1511 4318 1662 4388 respondet

139 4413 237 4452 eorum
252 4401 380 4471 exemplo
390 4401 634 4455 etconrersatione
648 4393 1095 4466 aedificenturNotau-Dchraes,
1110 4402 1200 4456 amica
1216 4419 1287 4468 mea,
1303 4403 1396 4457 suavis
1410 4410 1438 4458 et
1453 4404 1662 4465 decorasicutl

140 4485 208 4544 dum
221 4496 316 4544 autem
331 4489 406 4562 quod
417 4489 530 4554 dicitur,
546 4489 607 4554 Quo
615 4489 693 4555 abiit,
700 4490 743 4544 vel
758 4509 771 4543 c
785 4507 840 4561 quo
852 4492 937 4546 decli·
979 4491 1043 4543 lem.
1059 4513 1071 4538 ιι
1088 4490 1208 4545 Pulchra
1218 4508 1257 4556 os,
1275 4493 1341 4562 quia
1353 4494 1491 4547 maculam
1502 4500 1531 4547 et
1544 4513 1662 4567 rugam]

137 4578 216 4635 navit
229 4578 433 4635 dilectustuus?
449 4599 460 4631 ι
472 4579 556 4643 Quasi
567 4578 641 4633 enim
652 4579 805 4650 adtempus
817 4580 938 4636 declinat
978 4576 1026 4630 bes
1036 4579 1203 4648 peccatised
1212 4580 1289 4633 omni
1300 4580 1390 4634 nitore
1400 4581 1662 4641 virtutumrornas.‹

139 4669 207 4724 dum
223 4669 367 4742 quaritur,
385 4674 418 4724 ut
432 4669 523 4740 majus
537 4669 573 4723 ad
587 4684 617 4722 se
632 4667 813 4737 quarendum
826 4669 936 4723 deside·
977 4682 1050 4733 mea,
1066 4685 1078 4718 a
1094 4667 1217 4721 Ecclesia
1231 4668 1275 4721 rel
1283 4668 1378 4722 anima
1392 4687 1509 4741 quaque
1523 4673 1626 4729 fidelis.
1650 4698 1662 4727 ι

138 4757 214 4812 rium
228 4760 340 4818 excitet.
355 4759 399 4816 Ad
417 4759 471 4814 hoc
485 4758 560 4812 enim
584 4757 749 4829 plerumque
764 4756 858 4811 differt
872 4765 936 4813 vota
976 4759 1005 4808 et
1016 4754 1117 4809 decora
1127 4756 1200 4809 sicut
1212 4757 1424 4812 iherusalem.»
1443 4760 1662 4838 Hierusalem,q¹

138 4851 168 4898 et
181 4846 324 4904 orationes
331 4852 541 4914 sanctorunr‚ut
549 4843 695 4900 ardentius
705 4844 934 4901 eumdesiderare
975 4842 1051 4913 pacis
1061 4843 1274 4915 interpretatur,
1291 4845 1368 4899 illam
1382 4863 1534 4918 supernam
1544 4851 1662 4909 civitate

136 4930 282 5004 incipiant,
297 4937 370 4991 sicut
382 4943 410 4992 et
422 4936 565 5008 quondam
577 4932 672 4990 Mariae
685 4949 715 4987 se
727 4932 862 5003 quaerenti
877 4950 934 4989 non
974 4937 1052 5003 gnae,
1068 4931 1098 4987 in
1113 4939 1225 5004 quaest
1242 4951 1308 4988 vera
1328 4952 1382 5005 pax
1407 4942 1435 4990 et
1449 4938 1569 4994 felicitas
1581 4959 1587 5005 ;
1602 4942 1662 5012 quia

136 5020 234 5074 stetim
247 5039 278 5078 se
291 5024 424 5090 ostendit,
432 5025 481 5080 sed
491 5025 521 5080 in
529 5022 621 5096 specie
627 5020 771 5077 hortulani
782 5037 931 5093 apparens,
973 5021 1098 5092 gaudent
1109 5023 1199 5075 sancti
1214 5022 1248 5075 de
1263 5038 1390 5088 munere,
1402 5029 1434 5077 ut
1449 5042 1505 5080 non
1518 5027 1556 5080 sit
1571 5031 1651 5098 quod

135 5108 251 5164 taudem
267 5112 341 5182 quod
366 5111 427 5183 ipse
441 5114 490 5184 qui
505 5113 682 5184 quaerebatur
700 5115 784 5177 esset,
800 5112 932 5165 ostendit.
974 5111 1008 5163 de
1021 5103 1210 5182 corruptione.
1228 5111 1299 5180 Ergo
1316 5112 1447 5179 Ecclesia,
1460 5132 1521 5185 quae
1541 5117 1660 5174 adhuci

133 5196 255 5253 Exaudit
281 5215 347 5269 ergo
376 5199 503 5255 Christus
527 5218 636 5272 semper
664 5201 768 5256 electos
790 5216 867 5265 suos,
883 5200 932 5254 sed
972 5203 1023 5264 est,
1032 5198 1073 5252 vel
1083 5199 1304 5269 animaquaeque
1315 5199 1461 5264 fideliam
1474 5202 1663 5264 similitudine

133 5300 246 5356 semper
267 5287 347 5358 quasi
367 5285 497 5351 declinat,
514 5304 577 5342 cum
599 5305 655 5343 non
675 5289 770 5344 statim
789 5287 930 5359 postulata
974 5287 1146 5343 llierusalem
1163 5288 1255 5342 suavis
1271 5294 1313 5342 ost
1337 5295 1365 5342 et
1380 5290 1490 5356 decora,
1504 5292 1662 5362 quiaillam

132 5375 268 5432 concedit.
284 5375 359 5429 Bane
372 5382 467 5427 autem
482 5374 593 5450 dicitur,
608 5393 789 5446 «quaeremus
797 5383 900 5445 tecum,
913 5396 927 5432 a
970 5377 1146 5449 inquantum
1160 5383 1252 5447 potest
1261 5377 1398 5432 imitatur.
1412 5379 1548 5451 Sequitur
1560 5401 1585 5435 :e
1594 5387 1662 5440 terri

130 5479 197 5520 nam
213 5464 262 5538 qui
275 5464 337 5520 sine
354 5461 476 5517 Ecclesia
500 5462 643 5516 Christum
665 5468 774 5536 quaerit,
788 5485 883 5524 errare
898 5473 927 5522 et
968 5474 1125 5521 castrorum
1139 5467 1213 5520 acies
1233 5467 1371 5520 ordinata.
1396 5488 1407 5519 ι
1424 5470 1567 5524 Terribilis
1582 5479 1629 5528 est
1648 5475 1662 5530 l

128 5552 242 5639 fatigari
254 5559 357 5631 potest,
371 5551 508 5626 prolicere
520 5565 577 5606 uon
593 5557 695 5622 potest.
967 5556 1098 5628 malignis
1118 5554 1274 5627 spiritibus,
1299 5560 1328 5612 et
1352 5562 1395 5611 est
1418 5559 1548 5615 ordinata
1562 5565 1595 5616 ut
1608 5579 1662 5620 cas
