3818 6104
138 255 211 316 1049
602 259 792 318 EXPOSITIO
808 262 846 317 ΙΝ
861 261 1122 320 APOCALYPSIN.
1144 282 1176 307 -ὀ
1192 262 1261 318 LlB.
1273 259 1312 317 11.
1706 252 1775 315 1050

138 385 196 439 rito
208 389 343 455 tanquam
358 383 449 437 iacula
470 382 572 437 ardens
593 384 729 455 appellari
751 385 856 451 debuit,
873 387 1107 458 quiaAlcstatur,
1127 389 1259 460 quoniam
1276 387 1367 458 ipsum
1384 384 1523 441 modicum
1534 385 1630 440 lumen
1646 382 1721 456 quod
1732 380 1774 434 vi-

137 473 270 527 vidchcet
283 472 494 534 ardetinvidia,
509 477 537 526 et
550 477 642 528 totum
663 474 799 528 mundum
815 491 942 529 consum·
983 478 1102 533 debatur
1116 477 1230 540 habere,
1251 474 1382 547 perdidit.
1396 474 1437 529 ita
1450 475 1489 528 illi
1505 474 1601 529 statim
1614 478 1646 528 ut
1659 472 1687 527 in
1707 485 1775 524 con-

138 562 209 632 psit.
224 562 303 617 Unde
317 566 377 615 est:
395 563 506 616 Invidia
519 562 624 616 dioboli
638 578 712 616 rrrors
725 566 843 617 introvit
859 566 942 617 inor·
982 573 1078 639 spectu
1089 565 1307 621 examinantium
1330 563 1413 634 positi
1429 567 1505 626 sunt,
1521 562 1650 633 cognitus
1670 563 1714 614 est
1731 572 1777 612 eo-

140 652 200 705 bem
216 657 359 705 terrarum
374 652 463 720 (nom.
485 659 523 719 v).
982 672 1044 711 rum
1061 662 1181 724 error,et
1191 655 1238 726 qui
1251 653 1329 724 prius
1339 651 1504 706 videbantur
1513 652 1607 705 lucere
1620 665 1671 719 per
1679 647 1774 714 fidem,

176 741 210 794 Et
224 741 318 793 cecidit
333 742 365 793 in
379 743 490 793 tertiam
501 745 609 808 partem
622 744 793 809 maantam,-
806 745 870 795 etr'n
880 744 941 809 son·
980 749 1126 816 coeperunt
1153 742 1305 806 obscurari,
1326 747 1355 795 et
1377 740 1411 794 ab
1436 741 1558 794 Ecclesia
1582 738 1690 810 expulsi
1709 739 1777 792 sunt

139 833 178 881 tes
187 827 423 896 aqrruruin.Quod
438 832 504 882 sunt
519 828 647 893 llumina,
661 829 714 882 hoc
728 836 794 884 sunt
802 835 831 883 et
838 830 938 884 fontes.
981 839 1096 904 propter
1109 847 1189 887 suam
1202 829 1406 885 infidelitatem.
1420 829 1498 894 Quod
1508 828 1575 882 dicit
1586 843 1593 882 t
1605 826 1701 884 Tertia
1710 840 1776 896 pars

137 915 270 970 Flumina
283 916 358 970 enim
373 932 390 970 a
404 915 527 971 lontibus
543 918 682 984 oriuntur,
699 923 727 973 et
741 918 781 972 sic
805 919 840 973 ad
862 935 940 975 mare
981 923 1048 977 solis
1062 937 1193 993 percussa
1203 925 1255 984 est,
1273 925 1338 985 etc,
1355 918 1422 972 solis
1438 918 1579 989 percussio
1591 916 1626 971 ad
1640 913 1775 980 diem,lu·

136 1011 266 1059 curmnt.
280 1007 368 1076 Aqua
391 1009 486 1058 autem
516 1006 619 1070 multas,
635 1008 731 1078 populi
757 1007 838 1061 multi
862 1013 937 1063 sunt.
981 1027 1023 1065 nra
1037 1018 1131 1065 autem
1148 1010 1189 1064 vel
1205 1009 1360 1071 stellarum,
1372 1006 1519 1061 reseranda
1531 1010 1574 1060 est
1586 1005 1628 1075 {ad
1645 1006 1774 1063 noctem.

136 1093 262 1165 Ideoque
270 1093 315 1148 hic
324 1094 442 1148 flumina
453 1095 496 1148 vel
511 1095 686 1167 fontesipsos
699 1096 844 1151 haereticos
852 1095 938 1167 signi-
980 1100 1160 1169 Significatur
1174 1104 1269 1154 autem
1284 1097 1312 1152 in
1329 1098 1387 1152 sole
1403 1102 1518 1168 apertus
1536 1109 1616 1149 error
1633 1091 1777 1147 haeretico·

136 1183 236 1248 ficunt,
253 1188 281 1236 et
299 1188 414 1237 caeteros
428 1183 476 1254 qui
491 1183 543 1237 sub
558 1185 642 1238 tertia
655 1189 735 1255 parte
753 1185 938 1256 comprehen·
979 1205 1054 1258 rum,
1066 1189 1094 1243 in
1108 1187 1176 1242 luna
1191 1188 1233 1241 vel
1246 1186 1334 1241 stellis
1349 1186 1484 1247 occultus,
1502 1183 1568 1256 quia
1578 1182 1693 1254 quidam
1711 1178 1776 1233 illo·

136 1271 256 1337 duntur,
271 1272 300 1326 in
316 1288 385 1345 quos
400 1271 526 1326 diabolus
541 1272 648 1334 cecidit,
666 1289 731 1327 cum
749 1273 872 1328 humano
891 1291 939 1344 ge-
979 1295 1042 1333 rum
1057 1277 1173 1348 apertis,
1187 1276 1301 1347 quidam
1314 1280 1407 1329 autem
1422 1273 1538 1328 occultis
1547 1268 1775 1343 persuasionibus

136 1360 203 1415 neri
219 1359 327 1424 invidit,
342 1365 371 1413 et
382 1375 432 1430 per
450 1376 499 1414 eos
518 1360 675 1415 doctrinam
691 1361 795 1415 erroris
819 1361 939 1415 semina·
979 1368 1007 1421 in
1020 1366 1133 1432 abditis,
1141 1382 1211 1436 quos
1224 1370 1341 1437 possunt
1351 1360 1666 1434 decipiunt.Notandum
1679 1362 1775 1412 autem

137 1448 189 1503 vit.
203 1449 283 1514 Quod
302 1449 358 1502 tale
370 1454 422 1513 est,
440 1449 520 1519 quasi
540 1449 645 1505 diceret
655 1451 684 1504 in
700 1449 812 1506 tertiam
828 1456 938 1522 partem
979 1457 1053 1528 quod
1068 1472 1123 1509 non
1138 1455 1207 1509 dicit
1224 1470 1230 1509 :
1248 1455 1384 1508 Percussa
1399 1456 1443 1506 est
1455 1450 1539 1505 tertia
1554 1464 1618 1520 pars
1638 1460 1735 1502 eorum
1747 1447 1776 1497 et

138 1536 289 1592 hominum
302 1556 309 1604 ;
321 1537 396 1591 unde
410 1536 552 1592 subditur:
980 1542 1188 1609 obscurata,sed
1202 1543 1353 1599 :Percussa
1365 1547 1406 1595 est
1418 1545 1450 1594 ut
1458 1539 1667 1600 obscuraretur,
1676 1534 1711 1588 ad
1724 1533 1777 1586 hoc

175 1627 211 1680 Et
226 1643 326 1680 notiaco
340 1628 939 1701 steilaabsynthiumPerabsynthium,quae
980 1632 1086 1688 scilicet
1101 1647 1232 1701 percussa
1247 1635 1287 1684 est
1296 1635 1327 1683 ut
1339 1633 1435 1700 postea
1449 1618 1777 1693 obscuraretur,quiailli

137 1715 320 1770 amarissima
334 1722 377 1769 est
391 1714 616 1779 herba,doctrina
629 1717 824 1773 iimreticorum
838 1700 970 1772 intelli-B
979 1723 1108 1777 videlicet
1117 1718 1337 1775 vulnerabantur
1346 1717 1452 1771 occulte
1461 1715 1777 1783 inmentr,posteavero

138 1805 219 1876 gitur
228 1820 369 1874 perversa,
383 1804 430 1875 qui
442 1821 491 1875 per
505 1822 584 1859 suam
600 1806 752 1861 salsitatem
762 1807 937 1861 dulcedinem
979 1809 1210 1874 obscurabantur,
1227 1805 1340 1879 quando
1350 1806 1384 1860 ab
1398 1803 1520 1859 Ecclesia
1531 1799 1778 1873 expellebanturet

140 1893 207 1949 tidei
218 1898 416 1947 converterunt
428 1892 455 1946 in
466 1893 683 1948 amaritudinem
694 1896 816 1967 perfidia
826 1901 855 1951 et
864 1912 939 1950 erro·
979 1897 1289 1954 anathematizabantur
1303 1899 1408 1967 aperte·
1425 1892 1478 1948 Sed
1494 1907 1529 1947 ue
1541 1890 1641 1944 talium
1656 1884 1776 1958 perditio

139 1982 180 2036 ris
200 1988 229 2036 et
249 1982 429 2052 operationis,
451 1982 517 2052 quia
536 1983 627 2036 omnis
644 1985 769 2055 operatio
784 1984 896 2038 illorum
911 1988 940 2038 et
980 1988 1016 2044 ad
1029 1990 1118 2043 Deum
1131 1987 1278 2050 reseratur,
1291 1983 1342 2038 hoc
1358 1982 1432 2053 quod
1451 1981 1485 2035 de
1500 1972 1777 2051 praefatisluminari·

138 2071 268 2125 doctrina
278 2070 531 2125 inamaritudinem
542 2089 622 2125 versa
632 2079 683 2127 est.
695 2073 805 2143 Ejectus
819 2073 893 2127 enim
903 2071 938 2127 ab
980 2077 1031 2131 bus
1045 2076 1156 2138 dieitur,
1174 2075 1310 2129 Percussa
1323 2076 1366 2126 cst
1379 2069 1463 2124 tertia
1483 2084 1547 2139 pars
1567 2081 1664 2121 eorum
1679 2069 1711 2118 ut
1725 2061 1776 2118 ob·

137 2159 235 2214 electis
249 2159 382 2229 antiquus
395 2160 494 2226 hostis,
508 2161 575 2214 dum
591 2160 722 2232 reprobos
737 2162 843 2216 invadit
858 2178 937 2216 men·
979 2170 1149 2229 scuraretur,
1162 2164 1203 2217 sic
1216 2161 1399 2230 intelligatur,
1420 2158 1492 2212 sicut
1506 2173 1554 2210 cor
1567 2153 1723 2209 Pharaonis
1740 2150 1777 2206 ab

136 2250 229 2314 dacio,
248 2248 309 2302 illos
326 2265 433 2302 ueneno
452 2249 550 2303 inlicit.
567 2249 741 2304 Mendacium
766 2258 859 2305 autern
881 2267 937 2306 non
978 2255 1039 2327 ipso
1049 2251 1293 2316 induraridlcitur,
1305 2246 1554 2319 cujusduritiaper
1563 2245 1656 2315 ipsum
1665 2240 1775 2295 miseri-

137 2338 230 2392 solum
254 2354 391 2408 perversa
417 2337 603 2404 credulitatis,
624 2355 721 2394 rerum
749 2340 832 2393 etiam
859 2340 938 2394 malas
979 2344 1101 2398 corditer
1115 2358 1171 2396 non
1185 2339 1336 2394 emollitur.
1347 2337 1445 2407 Neque
1455 2335 1529 2390 enim
1545 2334 1627 2404 culpa
1641 2337 1685 2385 est
1698 2328 1778 2396 solis,

137 2426 310 2498 operationis
324 2442 423 2479 noxam
439 2426 595 2497 intelligere
609 2425 752 2482 debemus.
767 2429 847 2491 Quod
862 2429 937 2483 enim
979 2432 1053 2504 quod
1060 2431 1118 2486 suis
1137 2429 1222 2483 radiis
1231 2425 1413 2499 lippientibus
1424 2424 1511 2479 oculis
1521 2421 1674 2500 caecitatem
1682 2418 1776 2473 inlun-

136 2521 236 2570 sancta
252 2514 417 2569 Ecclesiam
433 2515 520 2569 sacris
541 2517 651 2586 paginis
676 2521 758 2570 rectae
779 2517 845 2570 fidei
872 2534 938 2571 con·
978 2521 1030 2584 dit,
1041 2521 1090 2575 sed
1100 2517 1235 2588 magisjad
1245 2515 1466 2570 vitiaoculorum
1479 2510 1662 2582 redigendum
1672 2506 1777 2578 estqui

135 2620 239 2674 gruere
253 2604 344 2670 docet,
359 2604 411 2657 hoc
426 2604 558 2669 haeretici,
573 2604 766 2676 Judaetatque
779 2606 936 2677 philosophi
978 2594 1777 2673 exluminetenebrescunt.0mnipotensautemDe-usbene

134 2696 164 2751 in
178 2712 296 2767 pravum
312 2696 413 2766 dogma
427 2703 608 2764 com·ertunt;
626 2703 655 2750 et
669 2713 723 2768 quo
738 2697 778 2751 illi
794 2698 829 2752 ad
844 2699 937 2752 incre·
977 2704 1060 2753 utens
1076 2697 1156 2751 malis
1167 2694 1374 2759 nostris,multu
1387 2709 1420 2746 ex
1436 2691 1480 2745 his
1489 2687 1600 2761 operari
1614 2684 1771 2742 consuevit.

135 2792 234 2840 menta
255 2785 401 2850 virtutum,
417 2786 469 2839 hoc
495 2802 586 2857 prarm
607 2787 731 2840 viventes
752 2787 883 2841 catholici
901 2790 937 2843 ad
979 2786 1116 2842 Excitavit
1130 2786 1204 2839 enim
1229 2784 1358 2838 doctores
1378 2797 1458 2835 error
1478 2775 1720 2833 schismaticorum
1739 2771 1776 2828 ad

133 2872 321 2928 incitamenta
334 2874 466 2928 vitiorum
476 2873 848 2941 utuntur.Quamrissutem
858 2883 886 2930 et
896 2876 937 2930 illi
978 2875 1182 2931 defendendam
1198 2872 1344 2927 veritatem
1357 2869 1493 2933 fidelium,
1510 2867 1577 2937 quia
1588 2859 1774 2936 proculdubio

133 2962 168 3017 de
185 2962 305 3017 Domino
320 2963 410 3018 multa
423 2962 593 3034 intelligant,
608 2969 637 3017 et
655 2963 702 3018 isti
721 2964 849 3034 quaedam
864 2967 937 3019 salu·
977 2981 1156 3036 nequaquam
1171 2963 1206 3017 ad
1219 2960 1397 3016 disserendas
1418 2957 1578 3028 Scripturas
1593 2948 1775 3007 tantostudio

133 3050 208 3105 turia
219 3056 462 3122 peraganttotum
471 3057 566 3106 taurea
580 3052 791 3106 amarissimum
801 3055 936 3124 estquod
947 3014 1131 3120 Circteasscnt,
1147 3053 1171 3108 si
1186 3051 1288 3106 erroris
1306 3048 1484 3104 mendacium
1508 3041 1618 3099 veritati
1640 3037 1774 3095 resistens

131 3145 161 3194 et
175 3139 290 3195 illorum
306 3139 390 3194 verba
403 3145 513 3206 sonant,
526 3147 555 3195 et
569 3141 687 3195 istorum
703 3158 788 3212 opera
802 3142 935 3199 clamant.
977 3159 1033 3197 non
1048 3142 1219 3197 increvisset,
1233 3140 1305 3194 ilinc
1319 3136 1455 3208 scriptum
1465 3139 1518 3200 est,
1535 3131 1601 3203 quia
1611 3132 1712 3199 oportet
1723 3127 1775 3180 ha·

167 3229 201 3282 Et
227 3231 314 3282 martti
333 3229 479 3283 bominum
506 3233 615 3284 morlai
638 3237 703 3284 sunt
722 3235 937 3301 scaenisque
976 3248 1046 3287 reses
1061 3249 1113 3287 csso
1125 3234 1151 3298 (1
1165 3232 1224 3285 dor·
1241 3232 1289 3298 xi).

130 3333 240 3373 amaru
251 3318 331 3384 socia
349 3325 427 3376 sunt.
447 3319 478 3374 ld
494 3324 536 3373 est
551 3336 583 3373 ex
595 3318 724 3373 doctrina
736 3320 934 3376 hereticorum
1013 3323 1046 3376 Et
1059 3323 1127 3383 ridi,
1144 3326 1168 3374 ct
1178 3320 1276 3373 audivi
1290 3333 1379 3372 ccccm
1390 3313 1584 3382 uniusoquila
1596 3309 1716 3363 crolontis
1724 3319 1775 3375 per

130 3406 244 3479 perfida
261 3413 290 3461 et
312 3423 410 3461 amara
420 3408 500 3462 multi
515 3408 667 3479 perierunt.
683 3408 786 3464 Multos
797 3410 934 3481 siquidem
976 3413 1099 3465 medium
1115 3412 1183 3474 caii,
1204 3410 1320 3462 dicentis
1332 3423 1392 3461 core
1405 3418 1507 3470 arraona
1523 3420 1530 3456 :
1548 3401 1595 3466 Va,
1609 3415 1656 3465 ra,
1670 3414 1717 3463 aa,
1727 3397 1776 3450 bo·

130 3492 295 3549 habuerunt
308 3495 469 3567 discipulos,
491 3498 538 3568 qui
551 3513 648 3552 eorum
661 3498 788 3569 exempla
797 3499 934 3554 etdoctri·
976 3500 1128 3553 ditantibus
1136 3502 1166 3552 in
1172 3497 1398 3561 terra,clcceteris
1405 3494 1604 3546 vociductrium
1610 3488 1774 3554 enectorum

131 3597 201 3637 uam
217 3589 284 3637 sunt
298 3584 397 3649 secuti,
410 3584 564 3655 quiomnes
580 3585 684 3639 mortui
697 3592 774 3652 sunt,
791 3603 847 3640 non
870 3593 934 3642 tan·
975 3591 1026 3656 qai
1040 3592 1120 3640 oront
1131 3588 1258 3640 canituri
1273 3582 1431 3647 tabaQuod
1442 3580 1602 3649 significant
1615 3572 1774 3643 angell,hoc

132 3676 196 3726 tum
207 3680 297 3726 morte
312 3673 446 3744 corporis,
464 3680 601 3744 quantum
618 3679 710 3728 morte
720 3675 831 3728 animae.
975 3676 1061 3730 etiam
1084 3675 1188 3746 aquila,
1205 3674 1233 3726 id
1257 3678 1299 3726 est
1320 3669 1506 3726 universalem
1525 3664 1688 3727 Ecclesiam,
1715 3660 1773 3715 sire

169 3762 203 3814 Et
215 3768 331 3829 quartas
341 3763 529 3829 capetustuda
546 3767 652 3828 cecinit,
665 3767 689 3816 ct
698 3768 872 3830 percusserat
883 3770 934 3818 ter·
975 3765 1103 3818 doctores
1114 3761 1282 3834 specialiter,
1293 3760 1340 3830 qui
1355 3759 1450 3812 volant
1464 3772 1514 3827 per
1524 3753 1648 3808 medium
1661 3750 1772 3818 coelum,

132 3854 174 3905 tio
182 3854 332 3918 porssolis,
342 3855 457 3905 cttertio
464 3868 532 3919 pars
544 3854 659 3915 luna,et
669 3855 752 3905 tertio
765 3868 831 3919 pars
844 3854 936 3907 stello·
976 3853 1028 3907 hoc
1043 3857 1094 3908 est.
1110 3867 1160 3922 per
1172 3849 1294 3904 mediam
1306 3847 1458 3902 Ecclesiam
1469 3839 1773 3912 currunt,quaecoelum

131 3941 935 4008 rum,aautocscararemrcanaparseorumptnonlucr·
975 3940 1143 4012 appellatur,
1164 3939 1230 4009 quia
1248 3938 1328 3991 sedes
1353 3934 1403 3990 Dei
1426 3937 1477 3988 est.
1495 3930 1574 3996 Quod
1595 3926 1774 3983 autemdicit

132 4033 175 4082 ret
186 4029 314 4095 diripera
322 4031 404 4082 terlio
414 4034 437 4081 ct
450 4032 682 4083 noctissimiiiler.
695 4029 749 4083 Per
758 4029 845 4083 solem
857 4035 885 4084 et
894 4030 935 4084 lu·
975 4031 1108 4093 ioannes,
1124 4028 1187 4081 Vidi
1202 4032 1231 4082 et
1244 4025 1442 4080 audivivocem
1455 4020 1539 4075 unius
1553 4017 1663 4089 aquilaei
1677 4021 1772 4070 osten·

131 4122 237 4171 namet
245 4116 374 4170 stellasin
385 4117 438 4170 hoc
447 4117 509 4171 loco
516 4117 668 4171 Ecclesiam
679 4117 837 4188 intelligere
847 4118 933 4173 dehe-
975 4120 1016 4174 dit
1027 4118 1121 4190 procul
1138 4116 1221 4171 dubio
1236 4115 1303 4185 quia
1320 4113 1348 4167 iu
1364 4109 1485 4184 spiritali
1495 4108 1602 4162 risione
1612 4106 1665 4159 hoc
1675 4109 1719 4159 est
1728 4102 1771 4157 vi·

130 4205 434 4276 mus‚quceobscurata
446 4206 475 4259 in
485 4206 620 4260 tertiasui
631 4210 720 4277 parte,
730 4205 839 4261 duabus
847 4208 932 4278 parti·
973 4208 1049 4270 dere,
1066 4207 1141 4277 quod
1162 4205 1270 4270 audire,
1286 4205 1339 4257 boc
1359 4200 1467 4264 audire,
1494 4196 1569 4268 quod
1591 4195 1694 4250 videre.
1706 4191 1774 4247 Tria

130 4293 187 4350 bus
196 4294 428 4363 permanentibus
442 4295 471 4349 in
486 4295 624 4360 claritate,
637 4294 666 4349 in
678 4294 888 4367 bonispraelatis
903 4301 964 4390 ctD
973 4313 1012 4351 vce
1026 4301 1159 4351 aternam
1173 4294 1334 4364 significant
1346 4288 1631 4358 damnationemque
1643 4284 1673 4338 in
1685 4282 1773 4337 trium

130 4383 835 4456 subditis,indoctoribusetauditoribus.lpsaenim
843 4386 933 4440 Eccle·
974 4385 1139 4455 angelorum
1151 4382 1274 4446 vocibus,
1288 4382 1335 4453 qui
1350 4369 1775 4452 sequuntur,ccrntineturQuod

131 4475 177 4528 sia
187 4473 256 4528 solis
269 4474 382 4528 nomine
392 4479 584 4545 nuncupatur,
602 4474 674 4528 sicut
691 4475 720 4528 in
732 4475 854 4529 Canticis
869 4492 933 4529 can·
973 4491 1039 4528 vero
1052 4490 1110 4528 non
1123 4474 1158 4529 de
1171 4471 1389 4545 precedentium
1400 4474 1520 4540 quatuor
1529 4464 1693 4536 angelorum
1705 4459 1775 4516 voci·

129 4563 253 4617 ticorum
268 4561 389 4617 dicitur:
410 4564 473 4630 Qua
483 4567 520 4616 cst
530 4566 584 4617 isto
599 4565 788 4631 quaasceadit
801 4568 933 4617 sicutou·
974 4562 1035 4628 bus,
1050 4563 1098 4617 sed
1113 4563 1199 4617 trium
1214 4560 1455 4633 subsequentium,
1476 4556 1525 4626 qui
1540 4559 1622 4608 erant
1639 4549 1771 4614 canituri,

130 4667 200 4706 roro
231 4668 408 4720 consurqcm,
436 4652 556 4720 ptrlcbra
584 4657 615 4705 ut
640 4655 718 4717 luno,
741 4655 870 4707 clectout
894 4656 933 4708 sol
974 4669 1070 4707 vocem
1082 4653 1166 4707 unius
1184 4651 1286 4722 aquilae
1299 4647 1419 4703 volantis
1435 4644 1535 4698 vidisse
1547 4659 1577 4695 se
1590 4639 1657 4693 dicit
1671 4642 1700 4691 et
1720 4653 1772 4691 au-

131 4738 287 4810 (Cautum
298 4741 449 4795 Stellarum
460 4744 694 4812 quoque-nomine
705 4741 803 4795 eadem
812 4741 934 4798 Ecclesia
975 4742 1059 4807 disse,
1076 4747 1161 4812 atque
1175 4740 1308 4810 lugentis,
1320 4736 1454 4790 nimirum
1470 4736 1566 4802 aperte
1585 4726 1688 4789 innuit,
1705 4724 1773 4796 quia

129 4834 320 4900 nuncupatur,
332 4831 414 4900 juxta
426 4830 499 4900 quod
522 4829 672 4899 Apostolus
684 4830 768 4884 dicit:
790 4833 824 4885 la
844 4832 932 4885 teredio
973 4830 1125 4884 electorum
1133 4828 1257 4883 Ecclesia
1275 4822 1530 4880 venturasdirersae
1538 4814 1706 4871 calamitatis
1714 4813 1773 4884 pla·

128 4921 257 4973 nationis
265 4934 358 4985 prore
367 4925 391 4971 ct
402 4921 696 4987 prrr=crsa,interqaos
705 4921 800 4972 lucetis
809 4921 931 4972 cicuitu·
971 4919 1129 4988 gaslugere
1139 4916 1265 4969 simulac
1276 4913 1426 4985 praedicare
1443 4924 1498 4962 non
1513 4908 1614 4970 cessat,
1626 4918 1659 4955 ac
1674 4901 1697 4955 si
1711 4899 1775 4971 ipsa

128 5009 259 5059 minaria
272 5010 303 5059 in
314 5008 418 5060 mundo
431 5007 544 5077 (Philip.
562 5012 604 5073 ιι).
618 5005 747 5069 Quandiu
768 5006 864 5077 itaque
875 5007 932 5062 hae·
973 5006 1095 5060 Ecclesia
1105 5005 1229 5058 diceret:
1247 5001 1444 5074 Reproborum
1460 4995 1646 5068 perditionem
1658 5007 1709 5062 per
1726 4996 1773 5044 to-

129 5095 212 5149 retici
228 5095 258 5149 in
271 5096 394 5150 Ecclesia
408 5101 499 5160 erant,
517 5095 597 5166 quasi
612 5096 660 5149 lux
672 5111 733 5150 esse
749 5095 931 5165 putabantur,
973 5100 1034 5148 tum
1049 5099 1160 5164 tempus
1179 5091 1324 5164 presentis
1344 5090 1407 5143 rite
1421 5088 1518 5157 lugere
1531 5083 1659 5143 simulac
1671 5079 1773 5152 praedi·

129 5183 181 5238 sed
195 5184 292 5238 statim
306 5192 337 5238 ut
350 5201 429 5239 error
443 5185 556 5239 illorum
570 5184 697 5239 detectus
709 5190 761 5248 est,
770 5190 799 5237 et
810 5200 828 5237 a
839 5182 933 5237 catho·
973 5200 1037 5238 care
1052 5200 1097 5237 me
1112 5198 1204 5235 cerno.
1222 5182 1296 5235 Bene
1312 5185 1406 5234 autem
1423 5193 1480 5231 una
1494 5174 1590 5247 aquila
1607 5172 1703 5227 volans
1722 5185 1772 5242 per

130 5273 192 5327 licis
207 5273 279 5327 tides
293 5273 407 5328 illorum
422 5274 575 5345 explorata,
591 5273 687 5343 agnita
700 5276 743 5325 est
756 5273 934 5327 eorummet·
974 5273 1097 5327 medium
1110 5270 1211 5325 coelum
1228 5268 1379 5323 Ecclesiam
1395 5267 1609 5337 significatque}
1623 5263 1731 5318 unitate
1742 5260 1772 5311 lr-

129 5368 187 5428 tas,
204 5366 233 5415 et
243 5361 384 5418 obscurati
398 5371 474 5429 sunt,
487 5364 553 5433 quia
566 5362 601 5416 ab
619 5362 742 5416 Ecclesia
753 5359 932 5431 abJectisunt
973 5362 1018 5416 dei
1028 5360 1166 5421 consistit,
1178 5367 1206 5413 et
1217 5359 1332 5412 calcatis
1342 5365 1520 5413 terrenarum
1532 5357 1707 5425 voluptatum
1721 5347 1771 5400 de·

128 5451 208 5505 rerbi
223 5452 334 5522 gratia:
351 5454 446 5507 Caecus
464 5452 488 5505 si
509 5457 630 5521 ponatur
644 5451 673 5504 in
684 5450 763 5504 radio
775 5449 851 5513 solis,
867 5451 934 5520 quia
974 5448 1196 5513 sideriis,intima
1206 5448 1443 5519 contemplatione
1458 5446 1492 5500 ad
1507 5436 1769 5499 coelestiasubleva·

128 5540 283 5615 lippientes
295 5541 391 5600 oculos
406 5540 501 5613 babet,
517 5540 614 5597 statim
628 5539 737 5595 cecitas
753 5537 829 5601 illius
842 5537 934 5594 mani·
976 5544 1032 5603 tur,
1048 5538 1129 5607 cujus
1143 5536 1271 5595 videlicet
1286 5536 1414 5594 membra
1427 5552 1493 5592 cum
1506 5530 1639 5606 Apostolo
1653 5521 1765 5580 dicun&
