3818 6104
144 276 194 335 305
606 283 813 341 anastacio
836 286 874 340 ΙΝ
894 285 1052 339 cannes
1072 286 1317 345 canrlcoauu.
1734 286 1786 347 ³06

145 402 260 458 notibus
274 404 402 460 videlicet
416 407 614 463 animantibus.
634 422 747 480 propter
761 410 1115 478 hunrilitateniAtempore
1138 408 1241 463 debent
1259 410 1348 464 sancti
1372 411 1568 481 predicatores
1590 411 1689 465 divinae
1721 428 1787 466 con·

145 491 349 547 incarnationis
363 512 430 556 suec.
447 496 514 566 quia
531 513 585 549 non
601 497 690 550 solum
712 499 797 550 homo
810 498 881 560 fieri,
896 496 943 550 sed
986 497 1162 566 templationi
1172 498 1310 555 insistere.
1320 489 1679 554 etmentemsuamcoelesti
1691 500 1785 569 quiete

144 578 258 634 humilis
274 583 427 637 homotieri
443 584 634 655 dignatusest.
648 586 771 640 llinnulo
783 593 877 641 alutem
888 601 946 639 ccr-
987 583 1139 646 oblectari;
1156 586 1212 640 alio
1222 603 1286 640 vero
1302 593 1428 657 tempore
1443 603 1493 654 per
1506 586 1785 642 charitatemdebent
1876 635 1878 638 ι

146 684 237 723 torum
254 671 357 724 similis
372 672 482 738 dicitur,
499 675 565 744 quia
576 674 729 728 secundum
740 674 945 728 humanitatem
987 689 1082 727 curam
1100 674 1290 743 proximorum
1306 690 1399 744 agere,
1416 682 1445 727 et
1456 675 1496 727 cis
1512 674 1647 730 bonorum
1668 691 1784 746 opetum

146 755 176 810 de
188 758 289 818 cernis.
304 759 356 814 hoc
372 767 424 822 est,
441 761 475 814 de
486 762 653 832 patriarchis
663 762 945 833 duxitor·iginem;vcl
986 761 1112 830 exempla
1127 762 1260 831 praebere,
1271 761 1411 817 acdirinae
1424 762 1669 832 contemplationis
1683 763 1785 817 doctri·

148 846 225 900 etiam
240 856 356 919 propter
371 850 533 904 varietatem
549 851 684 905 virtutum
704 859 732 905 et
744 851 941 916 innocentiam,
986 863 1052 901 nam
1070 848 1242 920 impendere.

149 933 260 989 hinnulo
274 952 420 991 cervorum
436 948 625 1008 comparatur.
644 962 655 991 ι
672 941 710 994 Ειι
731 941 790 1010 ipse
805 945 861 993 stat
883 947 945 1009 post
1024 939 1114 991 «lam
1130 939 1202 991 enim
1216 939 1306 993 hiems
1320 941 1442 1002 transiit,
1460 938 1549 993 imber
1563 938 1633 993 abiit
1647 946 1676 994 et
1694 956 1784 996 reces-

150 1023 278 1090 parietem
294 1033 449 1079 nostrum.»
466 1026 571 1091 Parias,
583 1028 707 1080 mortalis
718 1035 812 1081 nostra
821 1028 944 1082 conditio
985 1024 1031 1079 ait.
1052 1046 1062 1076 r
1079 1025 1186 1081 Hiemis
1201 1033 1229 1081 et
1244 1027 1342 1082 imbris
1356 1028 1479 1091 nomine,
1496 1029 1634 1098 asperitas
1658 1029 1784 1084 infideli·

153 1111 310 1179 appellatur,
329 1114 395 1183 quia
410 1115 617 1184 quodammodo
634 1117 705 1169 intrr
727 1134 778 1169 rios
805 1124 834 1170 et
855 1118 943 1170 Deum
984 1114 1051 1168 tatis
1063 1115 1239 1185 exprimitur.
1254 1122 1416 1186 quaetotum
1428 1116 1783 1189 mnndumtenebatusquc

156 1201 220 1268 quasi
239 1203 848 1274 crassusquidampariesconstitutus,non
878 1224 941 1277 per·
982 1203 1017 1256 ad
1031 1204 1180 1257 adventum
1193 1204 1393 1259 christanae
1407 1221 1474 1274 ergo
1489 1222 1629 1274 sponsus:
1652 1207 1783 1278 »Surge²
1835 1206 1839 1211 ’

157 1286 225 1341 mittit
234 1306 284 1343 nos
300 1293 362 1359 ejus
376 1293 612 1363 contemplatione
624 1295 737 1364 pert'rui.
752 1296 878 1365 Namque
887 1296 941 1366 pri-
982 1292 1072 1344 anrica
1085 1309 1155 1355 trica,
1168 1299 1197 1362 et
1210 1293 1282 1355 veni,
1294 1294 1359 1362 quia
1370 1293 1459 1346 hiems
1467 1292 1591 1358 transiit,
1606 1295 1688 1348 isole
1695 1295 1782 1364 justi·

159 1390 208 1428 nus
221 1376 303 1430 homo
317 1377 355 1432 ita
371 1381 498 1433 conditus
509 1386 560 1433 est.
574 1389 605 1434 ut
616 1381 882 1453 visioneetallo'quio
893 1383 940 1437 Dei
982 1380 1028 1434 tim
1039 1389 1203 1451 apparente,
1220 1388 1248 1435 et
1258 1381 1349 1434 imber
1364 1381 1538 1435 infidelitatis
1552 1381 1676 1444 recessit,
1688 1398 1721 1436 ac
1735 1399 1781 1436 se-

160 1461 291 1530 lrueretur3
308 1468 356 1520 sed
368 1476 515 1539 postquam
524 1470 655 1539 peccarit,
673 1472 818 1541 appositus
830 1471 942 1541 estqui·
983 1468 1088 1522 renites
1103 1486 1173 1523 reme
1184 1470 1246 1523 lidei
1263 1470 1292 1523 in
1308 1469 1444 1524 mundum
1461 1468 1643 1539 resplenduit.
1659 1470 1726 1524 Tale
1737 1475 1781 1526 est

160 1550 209 1604 dam
225 1555 324 1624 paries,
338 1556 534 1626 ipsaridelrcet
548 1558 712 1620 mortalitas,
722 1576 942 1629 quapraograra-
983 1555 1286 1627 quodApostolusait:
1310 1577 1320 1610 ι
1347 1557 1408 1611 Noa
1430 1557 1579 1627 praecessit,
1605 1556 1665 1613 dies
1685 1563 1782 1613 autem

160 1654 218 1693 mur.
230 1643 297 1696 Nam
314 1650 360 1707 (ut
374 1645 490 1717 Sapiens
505 1646 579 1714 dicit)
594 1665 606 1698 o
623 1664 723 1718 corpus
733 1648 806 1718 quod
818 1664 942 1705 coruum·
982 1645 1226 1715 appropinquarit.
1244 1668 1255 1692 ι

156 1728 222 1798 pitur
231 1739 364 1802 aggravat
378 1734 512 1793 animam,
528 1740 558 1788 et
569 1735 819 1805 deprimitterrena
830 1722 969 1790 innata-B
1019 1733 1137 1787 «Floras
1151 1740 1344 1804 apparuerunt
1357 1735 1473 1789 interra
1489 1741 1595 1798 nostra,
1604 1740 1717 1806 tempus
1726 1752 1781 1807 pu·

153 1819 338 1875 tatioscnsura
357 1821 445 1875 multa
469 1823 679 1892 cogitamenta
709 1826 849 1895 Sponsum
873 1841 940 1895 crgo
981 1823 1232 1876 tationisadrenrt.
1251 1842 1264 1876 s
1282 1824 1374 1877 Finita
1389 1824 1481 1878 hieme
1493 1829 1522 1877 et
1536 1823 1626 1877 imbra
1637 1824 1720 1877 liores
1732 1840 1781 1895 ap-

147 1920 235 1965 suum.
252 1925 334 1978 quem
350 1910 479 1980 superius
489 1912 596 1981 capreis
608 1913 651 1964 vel
666 1912 939 1966 hinnuliscervorum
982 1918 1145 1980 paruerunt,
1161 1913 1245 1966 decor
1258 1912 1386 1966 videlicet
1398 1913 1533 1967 virtutum
1547 1918 1576 1967 et
1591 1912 1741 1984 pudicitiae,
1752 1918 1783 1968 et

143 1997 323 2065 cerirpararit,
339 2013 413 2051 nnnc
425 1997 490 2051 dicit
508 2005 570 2068 post
594 2015 675 2052 suunt
700 2000 835 2069 parietem
853 2008 938 2067 stare,
982 2004 1146 2053 transeunte
1159 2000 1310 2071 asperitate
1324 2000 1510 2064 infidelitatis,
1527 2017 1611 2055 verna
1633 2000 1699 2055 lidei
1713 2017 1780 2056 suc·

138 2082 624 2156 quiadbristusaliquandoricinus
637 2089 750 2148 titcum
762 2098 940 2158 aequantem
981 2088 1064 2141 cessit
1078 2089 1236 2159 temperies.
1255 2107 1268 2139 c
1293 2089 1413 2159 Tempas
1431 2090 1585 2160 putationis
1597 2089 1683 2155 venit,
1700 2108 1712 2141 ι
1727 2090 1781 2146 hoc

134 2165 265 2226 humana
279 2189 358 2227 mens
368 2191 469 2244 capere
484 2183 583 2246 potest.
593 2178 776 2248 contemplari
792 2179 937 2247 permittit3
982 2183 1025 2230 est
1039 2177 1391 2247 purgationis'sanctorum
1419 2179 1530 2233 Putatio
1545 2177 1619 2232 enim
1635 2178 1780 2233 vinearum

131 2257 290 2332 aliquando
306 2279 372 2316 vero
385 2264 540 2334 elongatur.
554 2274 582 2318 et
593 2267 671 2336 quasi
682 2282 783 2335 caprea
793 2266 939 2319 velcervus
981 2273 1141 2319 sanctorum
1156 2265 1295 2334 significat
1310 2266 1515 2335 purgationem,
1533 2281 1594 2336 qua
1618 2265 1647 2319 in
1667 2265 1779 2321 Christo

129 2350 305 2413 quibusdam
321 2352 438 2406 saltibus
453 2353 632 2424 elingitQuia
643 2371 709 2424 ergo
720 2355 812 2425 paries
826 2355 940 2425 opposi·
981 2358 1010 2406 et
1025 2370 1075 2423 per
1088 2353 1228 2408 Christum
1243 2360 1299 2419 est;
1311 2352 1345 2408 de
1361 2370 1416 2424 quo
1430 2354 1506 2425 ipse:
1523 2375 1532 2405 ι
1552 2355 1609 2425 Ego
1619 2371 1681 2408 sum
1702 2354 1776 2421 vitis,

128 2436 196 2489 tus
210 2447 263 2493 erat
276 2441 349 2494 inter
363 2457 414 2494 nos
424 2449 451 2494 et
464 2445 564 2512 ipsum,
577 2459 627 2496 nec
637 2443 729 2496 ridere
740 2444 816 2497 illum
831 2452 938 2512 potera-
979 2458 1027 2495 ros
1041 2442 1180 2511 palmites.
1195 2464 1206 2493 a
1225 2461 1237 2492 ι
1253 2443 1311 2496 Vos
1324 2444 1444 2497 turturis
1464 2443 1560 2497 audita
1582 2449 1626 2496 est
1645 2443 1675 2497 in
1699 2448 1780 2498 terra

128 2534 219 2589 mus,
233 2528 361 2598 dignatus
376 2535 420 2583 est
432 2531 460 2582 in
476 2529 650 2601 ipsopariete
660 2531 750 2585 facere
761 2532 898 2585 fanestras
909 2539 936 2585 et
978 2536 1083 2583 nostra.
1104 2549 1115 2581 n
1133 2531 1190 2583 lloc
1208 2536 1251 2584 est
1266 2547 1316 2583 vox
1337 2530 1547 2600 predicantium
1572 2532 1774 2600 apostolorum.

126 2616 282 2678 cancellos,
299 2634 350 2688 pcr
365 2634 434 2687 quos
450 2626 591 2689 utcunque
606 2621 703 2673 sentiri
719 2627 860 2690 utcunque
874 2637 935 2690 per·
976 2618 1082 2672 'l'urtur
1095 2619 1170 2671 enim
1184 2619 1290 2671 arisost
1304 2619 1486 2687 ;etquoniam
1496 2618 1525 2672 in
1536 2619 1652 2672 excelsis
1663 2635 1775 2689 semper

128 2699 211 2764 spici
223 2705 315 2774 possit.
334 2705 414 2759 Unde
428 2714 456 2759 et
470 2706 613 2776 sequitur:
634 2725 647 2758 ιι
664 2707 815 2776 respiciens
832 2724 881 2777 per
893 2708 933 2761 te·
974 2706 1121 2761 arboribus
1135 2708 1237 2760 morari
1252 2706 1323 2759 solet
1339 2714 1368 2760 et
1390 2707 1543 2770 nidificare,
1570 2707 1711 2776 apostolos
1730 2707 1773 2761 rel

131 2796 255 2849 uestras.
267 2794 439 2864 prospiciens
452 2810 500 2864 per
518 2795 664 2848 cancellos.
682 2812 695 2846 e
712 2795 798 2857 Quasi
812 2796 932 2849 enimse·
973 2795 1380 2864 caeterosdoctoressignilicat,
1390 2795 1437 2865 qui
1450 2794 1683 2865 possuntdicere:
1694 2812 1708 2846 s
1718 2795 1775 2848 No·

135 2886 238 2936 uestra
252 2890 279 2936 et
297 2883 413 2936 cancelli
439 2882 467 2936 in
496 2884 601 2954 pariete
617 2883 697 2942 liunt,
715 2900 778 2937 cum
802 2884 860 2954 ipse
881 2901 933 2938 sua
973 2891 1030 2937 stra
1045 2883 1218 2936 conversatio
1226 2883 1255 2935 in
1266 2882 1342 2935 caelis
1352 2889 1402 2936 cst·
1417 2901 1429 2935 c
1443 2883 1522 2947 Quod
1535 2884 1620 2938 etiam
1629 2884 1770 2952 gemitum

141 2971 231 3029 gratia
243 2988 272 3025 se
287 2972 472 3041 contemplari
486 2967 632 3042 perririttit.
655 2973 721 3026 licet
734 2973 763 3026 in
777 2974 889 3042 speculo
904 2981 932 3027 et
974 2989 1023 3041 pro
1037 2978 1120 3025 catntu
1132 2971 1224 3027 habet.
1242 2979 1402 3025 sanctorum
1416 2971 1555 3042 ploratum
1567 2971 1771 3042 significatqui

146 3057 291 3128 tumulate.
309 3061 406 3115 Potest
420 3067 448 3114 et
459 3061 509 3113 hoc
523 3062 596 3131 quod
608 3062 684 3123 dicit,
700 3080 713 3111 a
727 3060 789 3133 lpse
802 3069 856 3115 stat
869 3030 1037 3131 postcsuos
1062 3060 1095 3113 ad
1128 3059 1224 3114 ilatum
1249 3068 1279 3113 et
1309 3061 1433 3114 larnenta
1448 3061 1606 3123 hortantur,
1624 3060 1767 3114 dicentes:

152 3147 271 3209 paneam
286 3156 425 3210 nostrum,
442 3168 455 3201 a
472 3150 505 3202 ad
523 3148 726 3203 hunianitatcm
742 3150 802 3217 ejus
817 3148 927 3214 referri3
973 3148 1092 3202 illiseri
1107 3156 1196 3202 estote
1211 3155 1239 3201 et
1252 3149 1353 3219 lugete,
1371 3167 1384 3201 c
1401 3150 1451 3207 vel.
1480 3169 1491 3200 ι
1516 3150 1606 3203 luctus
1631 3154 1723 3202 vester
1740 3147 1772 3204 in

159 3237 220 3301 quasi
232 3239 300 3292 enim
314 3245 377 3309 post
392 3239 526 3309 parietem
543 3247 669 3291 nostrum
686 3237 772 3300 stetit,
788 3254 851 3291 cunt
866 3254 929 3291 car·
968 3238 1103 3306 gaudium
1115 3243 1327 3291 convertetur.»
1350 3238 1406 3291 l'ox
1420 3237 1540 3292 turturis
1555 3237 1652 3292 audita
1675 3245 1719 3291 est
1739 3237 1771 3292 iu

161 3333 336 3381 nennostrani
351 3327 405 3380 sibi
424 3328 563 3397 apposuit,
580 3329 609 3380 in
633 3342 688 3397 qua
709 3326 842 3379 divinitas
866 3328 928 3393 ejus
969 3333 1044 3380 terra
1057 3333 1171 3391 nostra3
1186 3327 1211 3379 id
1228 3334 1271 3380 cst
1285 3343 1334 3380 rox
1351 3327 1561 3397 predicantium
1575 3326 1770 3394 apostolorum

165 3406 230 3468 latuit.
244 3416 320 3479 Quod
337 3420 401 3469 re'ro
416 3416 556 3486 sequitur:
573 3415 748 3485 «respiciens
776 3431 825 3485 per
852 3414 929 3468 fene·
972 3414 1768 3486 interranostrahocestinEcclesiassequaPsalmista:

166 3503 223 3560 aas.
236 3505 405 3576 prospiciens
415 3504 618 3575 percancellos,
630 3504 700 3557 »hoc
709 3504 744 3556 ad
756 3503 929 3557 divinitatem
974 3520 987 3556 a
1004 3504 1166 3557 Dominiest
1180 3510 1256 3557 terra
1269 3509 1298 3556 et
1311 3504 1457 3573 plenitudo
1477 3506 1547 3573 ejus.
1567 3524 1579 3556 i

167 3587 335 3654 ejusrefertur.
347 3592 399 3646 ille
414 3593 487 3646 enim
501 3592 547 3663 qui
562 3609 612 3663 per
623 3592 760 3645 fenestras
771 3593 812 3645 vel
825 3593 931 3646 camel·
1010 3612 1021 3642 ι
1039 3593 1119 3645 Ficus
1139 3593 1255 3662 protulit
1264 3608 1377 3661 grossos
1391 3609 1484 3646 suos.»
1498 3593 1578 3647 Ficus
1589 3593 1767 3664 synagogam

167 3674 324 3741 losintuetur.
337 3689 438 3735 cuncta
452 3698 513 3752 qum
526 3681 593 3734 fotis
604 3688 728 3750 aguntur
742 3681 825 3740 videt,
836 3682 931 3751 etipse
971 3681 1119 3751 signiticat.
1133 3681 1223 3750 grossi
1237 3688 1330 3734 autem
1352 3681 1485 3735 dicuntur
1506 3680 1651 3751 primitivae
1665 3687 1694 3734 et
1716 3681 1768 3735 im·

168 3773 278 3825 ananiae
292 3772 411 3829 ridetur.
428 3777 457 3825 et
472 3771 565 3825 omnia
580 3778 731 3834 scrutatur,
748 3771 930 3840 ipseinrcsti·
973 3777 1089 3823 maturae
1102 3770 1180 3834 ficus,
1198 3769 1336 3823 inhabiles
1350 3769 1384 3822 ad
1400 3768 1601 3840 edendumqui
1609 3769 1644 3823 ad
1656 3770 1768 3840 pulsum

166 3856 241 3919 anet
252 3859 447 3931 comprehendi
463 3876 515 3913 non
534 3866 631 3927 potest.
971 3860 1045 3911 venti
1062 3859 1141 3911 facile
1155 3858 1268 3911 cadunt.
1287 3857 1361 3910 Voce
1382 3859 1502 3910 turturis
1523 3858 1680 3918 insonante,
1697 3859 1768 3913 licus

194 3945 361 4002 ¹ltdilcctus
377 3965 455 4002 triens
471 3949 594 4018 loquitur
606 3949 711 4012 inihi.»
728 3948 762 4001 ad
779 3949 930 4019 praedican·
972 3947 1088 4017 protulit
1100 3961 1212 4015 grossos
1227 3961 1302 4008 suos,
1319 3945 1386 4015 quia
1397 3945 1531 4015 apostolis
1551 3946 1767 4015 predicantibus

166 4026 341 4091 durnhortatm·
355 4053 410 4099 me,
427 4037 522 4090 dicens
535 4056 567 4090 :r
585 4038 684 4107 Surge,
702 4037 928 4107 propera‚amica
969 4042 1145 4089 erirerserunt
1164 4034 1244 4087 multi
1258 4034 1292 4086 de
1306 4035 1454 4103 synagoga
1474 4032 1648 4096 ludaeorum.
1670 4034 1718 4104 qui
1738 4033 1768 4087 in

167 4126 350 4180 meacoturnba
370 4143 442 4189 mea,
462 4126 719 4182 sorniosamca.et
737 4127 840 4179 veni.»
872 4127 928 4179 Vox
968 4123 1111 4178 Christum
1127 4123 1283 4181 crederent,
1299 4131 1328 4176 et
1342 4129 1435 4175 tamen
1448 4122 1537 4191 legem
1552 4110 1703 4175 carnaliter
1716 4122 1767 4176 ob·

167 4212 234 4273 epitasi
247 4215 276 4267 ad
291 4214 410 4286 publicae
423 4214 594 4285 operationis
620 4214 713 4268 studia
739 4215 925 4285 provocantia.
968 4229 1078 4267 serrare
1094 4213 1205 4274 vellent,
1218 4210 1364 4281 magisque
1378 4211 1545 4264 auctoritate
1555 4209 1626 4279 legis
1641 4209 1765 4265 delecta·

169 4293 395 4374 ‘Strgaproperm
406 4303 575 4365 arnicamea,
589 4325 600 4354 a
612 4320 662 4372 per
676 4303 792 4356 lidemet
802 4303 927 4356 dilectio·
970 4309 1067 4355 rentur
1081 4318 1164 4372 quam
1180 4300 1326 4354 dulcedine
1342 4300 1494 4370 Evangelii.
1512 4300 1635 4353 volentes
1649 4298 1766 4354 circum·

168 4395 224 4450 ”²¹⁰3
236 4393 385 4447 «columba
397 4409 468 4449 mea,
483 4411 494 4442 a
513 4410 563 4463 pur
575 4392 762 4446 innocentiam
782 4392 926 4460 etsimpli-
937 4380 1109 4450 Dcisioncm,
1125 4389 1271 4443 sabbatum
1285 4395 1314 4442 et
1332 4388 1388 4442 alia
1402 4388 1472 4458 legis
1482 4393 1618 4459 precepta
1626 4389 1707 4458 juxta
1717 4389 1766 4443 lit·

167 4470 268 4545 auten,
285 4499 298 4534 c
314 4482 457 4536 lormosai
472 4498 520 4552 per
530 4482 662 4534 virtutum
681 4480 926 4551 pulchritudinem,
969 4486 1058 4534 teram
1075 4478 1232 4533 observare.
1243 4478 1280 4531 lle
1291 4478 1550 4548 quibustlpostolus
1560 4477 1644 4531 dicit:
1662 4477 1768 4532 AEmu-

166 4557 241 4621 imina
254 4589 264 4620 a
279 4578 307 4625 et
323 4571 412 4625 teni·
425 4573 463 4624 Ac
474 4571 497 4624 si
507 4571 613 4624 diceret
624 4587 629 4617 2
640 4571 730 4639 Surge
740 4569 774 4623 dc
784 4575 873 4622 strato
880 4575 928 4622 tuo
971 4568 1065 4621 tantur
1076 4584 1121 4619 vos
1134 4583 1189 4619 non
1205 4566 1274 4618 bene
1301 4567 1350 4620 sed
1372 4565 1470 4619 volunt
1485 4565 1718 4628 voseircumcidi,
1735 4569 1767 4618 ut

165 4646 367 4721 illtdulcissimo,
385 4661 437 4714 hoc
452 4665 494 4713 est
508 4659 542 4712 dc
557 4658 660 4729 quiete.
678 4659 779 4729 inqua
796 4659 846 4711 soli
860 4658 927 4711 milri
969 4656 998 4709 in
1013 4672 1097 4710 carne
1110 4661 1202 4708 vestra
1218 4654 1387 4724 glorientur.
1407 4673 1420 4704 a
1445 4653 1539 4706 Vineae
1562 4654 1694 4705 llorentes
1719 4652 1766 4704 de-

162 4739 246 4809 plttere
258 4749 284 4802 in
296 4749 539 4820 psalmishymnis
550 4746 759 4801 etorationibus
775 4747 927 4810 desideras,
970 4745 1073 4798 derunt
1086 4744 1208 4798 odorem
1227 4765 1238 4794 ι
1260 4743 1410 4813 Postquam
1419 4741 1596 4794 vonturturia
1605 4738 1702 4792 audita
1712 4744 1764 4804 est,

159 4829 237 4889 laona
252 4858 261 4888 ι
279 4837 386 4896 etreni.
410 4855 423 4888 a
440 4837 466 4889 id
487 4845 529 4890 cst
543 4837 644 4890 festina
660 4837 809 4890 utilitatem
836 4835 928 4906 proxi·
970 4841 1118 4904 postquam
1130 4834 1198 4886 trcns
1213 4828 1623 4902 protulitgrossossnosaineae
1634 4827 1765 4882 florentes

158 4935 255 4989 morum,
269 4935 300 4981 ut
313 4928 376 4980 illos
391 4942 502 4996 quoque
518 4942 568 4995 per
583 4925 788 4996 praedicationis
806 4925 927 4978 officium
969 4922 1108 4976 dederunt
1118 4923 1231 4974 odorem
1246 4939 1252 4985 ;
1267 4920 1334 4988 quia
1349 4916 1499 4970 multitudo
1516 4916 1700 4970 Ecclesiarum
1716 4933 1767 4989 per

151 5011 305 5069 othonorum
320 5031 436 5086 operum
453 5016 578 5085 exerriplo
589 5014 630 5067 tui
656 5015 810 5067 imitatores
830 5014 925 5075 facias,
968 5011 1144 5066 latitudinem
1160 5009 1235 5063 orbis
1249 5008 1349 5060 dillusa
1360 5011 1412 5068 est,
1425 5008 1578 5076 quaetlores
1593 5005 1728 5060 virtutum
1739 5012 1769 5060 et

148 5103 928 5175 etadatatemperdoceamnoandumquodsuperius
969 5101 1082 5154 odorem
1110 5099 1187 5151 honae
1214 5095 1353 5166 opinionis
1381 5095 1436 5148 late
1472 5094 1506 5148 de
1535 5111 1565 5149 se
1592 5102 1767 5166 spargerent,

144 5191 208 5246 tilius
222 5193 550 5259 Hierusalemadjurabat
558 5209 592 5245 ne
603 5193 760 5246 excitarent
771 5208 860 5262 neque
870 5193 928 5245 eri·
971 5207 983 5241 ι
1002 5190 1100 5258 Surge,
1117 5203 1245 5258 propera,
1261 5184 1352 5239 amica
1369 5201 1440 5246 ntea,
1459 5184 1584 5255 speciosa
1595 5201 1668 5250 mea,
1685 5192 1715 5238 et
1726 5202 1771 5239 ve·

140 5282 222 5352 gilare
233 5284 356 5336 lacerent
368 5282 498 5336 dilectam
512 5295 517 5328 :
534 5281 576 5335 hic
589 5297 652 5334 vero
665 5282 723 5350 ipse
736 5297 797 5333 earn
812 5281 929 5334 suscitat
968 5278 1007 5332 ni.
1027 5298 1037 5328 ι
1057 5277 1119 5331 Noli
1132 5274 1365 5345 (inquit),sponsa
1380 5290 1538 5344 meaquam
1549 5274 1617 5329 mihi
1627 5274 1769 5345 perfidem

139 5378 165 5427 at
179 5387 292 5441 surgere
308 5372 341 5425 ad
358 5370 481 5424 laborem
494 5372 630 5424 hortatur.
641 5369 809 5440 quiaomnia
820 5377 931 5439 tempus
973 5377 1001 5420 et
1015 5366 1192 5419 dilectionem
1215 5363 1333 5416 amicam
1348 5362 1411 5423 feci,
1427 5362 1516 5416 otioso
1534 5367 1661 5433 tempore
1680 5362 1770 5415 lente·

136 5460 247 5515 habent.
259 5466 286 5514 et
305 5460 384 5514 enini
402 5459 443 5513 rei
459 5470 570 5529 tempus
592 5467 634 5512 est
653 5457 704 5511 sub
725 5459 804 5519 ceto.
822 5467 932 5529 tempus
973 5470 1058 5514 scere,
1076 5453 1124 5505 sed
1140 5468 1224 5522 surge
1238 5458 1267 5505 et
1281 5451 1354 5516 veni,
1369 5455 1398 5504 et
1416 5450 1544 5521 exempla
1557 5447 1770 5505 virtutumloris

135 5550 392 5623 mutemplatioais,
408 5554 519 5620 tempus
534 5549 620 5603 etiam
635 5545 763 5601 actionis.
786 5547 844 5602 alio
858 5547 932 5601 euim
974 5541 1107 5615 proximis
1121 5541 1247 5596 ostende.
