3818 6104
210 294 282 352 trel
433 289 622 348 lthMONlS
644 287 889 344 fluctuamur.
907 288 1019 345 uulso.
1038 289 1118 345 OPP.
1131 291 1224 346 PARS
1238 291 1261 346 1.
1277 321 1310 331 -
1326 290 1516 349 connum.
1535 292 1632 351 a1a1..
1784 289 1849 350 iim
1884 330 1889 343 .

211 424 255 475 est
264 420 432 482 istemurus,
441 418 507 490 quia
515 413 637 471 Ecclesia
645 429 678 466 ex
689 412 785 467 multis
799 420 909 468 constat
918 414 1006 469 fideli·
1014 424 1036 474 Α
1045 418 1227 486 tororumque
1238 414 1452 486 praedicatorum
1464 415 1567 481 edocti,
1576 415 1665 470 tidem
1679 418 1786 468 sancta
1794 414 1848 469 Tri·

210 507 273 572 bus,
287 513 315 562 et
324 523 374 578 per
389 515 510 577 quatuor
522 500 619 557 mundi
632 501 745 556 climata
766 502 910 557 dilatatur.
927 503 1009 557 Altus
1050 503 1147 557 nitatis
1157 502 1848 575 perceperuntEtbenequidemprimumaborien·

210 611 322 670 quoque
336 600 388 657 est,
406 595 471 665 quia
485 607 601 662 corpore
620 589 759 644 inhabitat
781 596 898 655 terram,
914 597 1009 646 mente
1050 596 1078 644 te
1094 597 1181 661 portae
1195 597 1262 655 tres,
1275 591 1375 645 deinde
1389 590 1425 645 ab
1435 591 1567 662 aquilone
1581 597 1847 657 commemorantur,

210 689 304 739 autem
319 682 442 755 possidet
457 681 567 736 ecelum.
584 680 625 734 De
643 695 699 750 quo
714 678 785 732 bene
799 678 945 734 subditur:
962 681 1010 734 tco-
1051 679 1117 750 quia
1131 679 1209 751 prius
1221 680 1236 734 J
1240 679 1309 735 udaei
1323 679 1514 741 crediderunt,
1531 679 1634 734 deinde
1658 678 1792 751 gentiles,
1807 682 1849 750 qui

211 774 314 827 tentem
326 776 422 840 portas
435 772 588 824 duodecim.
603 768 657 823 Per
670 766 817 822 duodecim
833 767 935 840 quippe
948 784 1010 839 por·
1051 777 1204 822 anteerant
1213 767 1438 839 inaquilone.qui
1447 767 1849 838 esttrigidissimusetduuissi·

209 867 254 916 tas
265 859 412 914 duodecim
432 858 631 929 intelliguntur
645 855 774 928 apostoli.
789 857 825 910 Et
837 873 887 926 per
901 857 1008 911 duode-
1049 873 1113 911 mus
1125 861 1236 920 ventus,
1249 856 1386 911 habentes
1400 855 1555 922 diabolum,
1581 856 1631 928 qui
1645 856 1733 911 dicit:
1750 858 1848 911 Ponam

209 949 264 1004 cim
279 948 431 1021 apostolos,
447 947 539 1002 omnis
562 946 631 1001 ordo
646 946 803 1000 doctorum.
818 962 870 1016 per
888 962 1007 1016 quorum
1048 947 1137 999 sedem
1152 962 1242 1000 ineam
1256 947 1293 1000 ad
1306 949 1476 1015 aquilonem.
1494 975 1527 985 -
1540 945 1575 999 Et
1596 947 1633 999 ab
1653 951 1755 1000 austro
1770 951 1848 1014 porta

209 1037 398 1093 ministerium
415 1037 554 1091 intramus
567 1033 726 1089 Ecclesiam.
743 1033 800 1104 Ipsi
815 1033 890 1088 enim
900 1050 952 1088 nos
962 1034 1008 1090 ba·
1049 1038 1113 1089 tres.
1126 1034 1180 1088 Per
1194 1039 1321 1089 austrum
1336 1034 1493 1088 claritatem
1505 1033 1572 1088 fidei
1583 1034 1847 1105 intelligimusqua

207 1128 323 1201 ptisant,
341 1133 370 1182 et
390 1127 523 1182 docentes
536 1141 586 1197 per
608 1125 692 1178 fidem
708 1123 837 1178 Ecclesia
852 1123 941 1193 pertis
956 1140 1006 1178 nos
1048 1121 1077 1176 in
1091 1128 1151 1177 toto
1163 1122 1230 1177 orbe
1243 1130 1386 1177 terrarum
1399 1122 1552 1194 lucet:quia
1562 1123 1632 1179 dum
1648 1123 1691 1177 sol
1703 1123 1734 1177 in
1744 1130 1845 1189 austro,

207 1216 444 1273 introducuntlle
454 1213 655 1288 quihusadhuc
664 1211 845 1267 subinfertur:
861 1217 885 1266 el
899 1215 930 1266 in
942 1229 1007 1282 por·
1046 1210 1132 1266 idest
1146 1212 1175 1265 in
1189 1212 1282 1266 medio
1296 1218 1392 1267 centro
1407 1212 1469 1266 coeli
1485 1211 1591 1282 flgitur,
1602 1216 1698 1267 totum
1714 1212 1847 1266 mundum

190 1360 193 1368 ,
208 1306 243 1358 tis
255 1308 365 1374 angelos
378 1305 532 1358 duodecim.
547 1303 580 1357 ld
595 1301 681 1356 estin
696 1301 830 1371 apostolis
844 1317 942 1356 omnes
953 1301 1005 1356 do·
1047 1299 1198 1366 illuminat,
1216 1300 1379 1370 significans
1393 1299 1548 1366 Christum,
1558 1300 1607 1371 qui
1621 1300 1686 1355 luce
1697 1299 1764 1354 fidei
1773 1300 1848 1354 clari-

207 1397 298 1447 ctores
313 1391 441 1461 subjecti,
458 1391 531 1445 sieut
544 1395 612 1444 sunt
628 1389 786 1460 presbyteri
801 1394 829 1443 et
843 1390 936 1445 caeteri
955 1390 1006 1444 mi·
1046 1389 1113 1443 tatis
1128 1405 1184 1443 suae
1198 1388 1341 1443 illuminat
1354 1389 1516 1443 universum
1530 1389 1698 1443 Ecclesiam.
1708 1389 1742 1443 In
1757 1396 1847 1443 austro

113 1507 117 1513 -
206 1481 284 1534 noris
309 1481 415 1534 ordinis
431 1479 558 1534 Ecclesia
573 1478 735 1550 prepositi:
758 1478 806 1549 qui
820 1479 886 1533 etsi
903 1496 1006 1549 magna
1045 1476 1142 1548 itaque
1166 1483 1252 1549 portae
1266 1484 1324 1532 tres
1339 1482 1415 1542 sunt,
1432 1478 1498 1549 quia
1513 1479 1582 1532 tides
1600 1483 1709 1532 sanctae
1723 1478 1847 1532 Ecclesia

206 1584 263 1623 non
278 1568 379 1628 valent.
396 1574 492 1622 tamm
516 1567 627 1621 minora
654 1582 717 1636 quse
740 1567 1005 1637 acceperunt,l1deli
1046 1567 1195 1636 splendore
1205 1573 1308 1621 sanctae
1320 1566 1467 1621 Trinitatis
1478 1566 1657 1621 illuminatur
1671 1566 1848 1637 baptizatain

203 1657 308 1728 populo
318 1651 450 1712 nuntiare
461 1672 516 1711 non
532 1655 682 1710 desistunt.
695 1657 735 1709 De
746 1655 847 1726 quibus
860 1656 890 1709 in
904 1656 1007 1709 Zacha·
1046 1654 1365 1710 nominePatrisetFilii
1374 1660 1403 1709 et
1412 1655 1533 1726 Spiritus
1548 1655 1691 1710 sanctuar
1706 1656 1742 1708 ob
1756 1670 1847 1708 occasu

205 1744 248 1799 ria
258 1745 462 1816 legiturztuhia
478 1745 625 1799 sacerdotis
640 1746 798 1797 custodiunt
813 1747 967 1804 scientiam,
981 1727 1037 1799 elB
1047 1751 1131 1813 porta
1142 1749 1204 1798 tres.
1220 1745 1274 1798 Per
1283 1760 1411 1798 oceasum
1427 1744 1608 1798 novissimam
1622 1743 1725 1797 mundi
1740 1748 1847 1798 aetatem

206 1834 290 1902 tapam
305 1838 456 1904 requirunt
478 1851 511 1888 eo
525 1850 571 1887 ore
586 1837 654 1902 ejus,
673 1837 739 1902 quia
764 1835 878 1900 capetus
894 1835 1006 1887 Dourlnt
1046 1832 1226 1903 accipiamus,
1244 1833 1272 1886 in
1284 1849 1339 1903 qua
1354 1849 1403 1904 per
1419 1833 1507 1887 Etiam
1519 1838 1547 1887 et
1556 1833 1664 1895 Enoch,
1677 1839 1847 1903 caeterosque

205 1926 377 1977 exercituum
392 1929 430 1977 est
457 1924 532 1990 (Mal.
549 1924 634 1984 11l.ln
653 1921 799 1975 duodecim
824 1921 1003 1991 ergoportis,
1046 1921 1252 1992 praedicatores,
1278 1921 1376 1975 endem
1396 1921 1466 1976 tides
1494 1927 1597 1976 sanctae
1623 1920 1776 1976 Trinitatis
1802 1937 1849 1991 per

205 2009 351 2066 duodecim
367 2011 460 2082 angeli
484 2011 650 2072 consistunt,
667 2011 733 2080 quia
759 2011 887 2064 doctores
911 2011 1004 2064 Eccle·
1046 2009 1281 2080 quadripartitum
1307 2010 1403 2064 orbem
1427 2009 1610 2064 diffundetur.
1626 2010 1743 2064 tudaeos
1767 2017 1848 2080 atque

205 2098 253 2153 aioe
279 2098 364 2154 fldem
388 2105 417 2153 et
435 2099 553 2169 vestigia
574 2099 765 2171 apostolorum
789 2105 955 2168 sequuntur.
971 2099 1004 2153 Et
1045 2098 1164 2169 gentiles
1192 2098 1299 2169 pariter
1322 2098 1517 2169 complectens.
1547 2098 1748 2153 Duodenarius
1777 2099 1848 2152 enim

205 2191 322 2243 nomina
334 2191 504 2257 scriptaque
518 2193 584 2242 sunt
600 2189 865 2241 aornluadundecim
879 2188 1003 2242 tribuum
1046 2187 1848 2259 numerusportarum.quiperquatuormundipartessub

205 2278 331 2344 filiarum
348 2278 445 2330 Israel.
461 2276 546 2330 Filios
568 2274 656 2330 Israel
676 2292 731 2329 uon
747 2275 883 2329 dehemus
899 2274 1004 2329 intelli·
1044 2275 1168 2329 ternario
1182 2275 1438 2346 comprehenditur,
1456 2277 1491 2330 ad
1505 2276 1698 2331 ministerium
1723 2278 1847 2347 pertinet

204 2379 272 2435 gere
286 2364 438 2418 carnaliter
452 2363 598 2418 duodecim
612 2364 685 2418 lilios
706 2363 801 2429 Jacob,
818 2380 938 2435 quorum
952 2364 1006 2419 tuit
1045 2362 1191 2417 duodecim
1207 2364 1409 2434 apostolorum,
1422 2380 1473 2435 per
1487 2380 1557 2435 quos
1581 2363 1654 2418 fides
1668 2370 1775 2419 sanctae
1789 2364 1849 2419 Tri·

204 2450 400 2523 reprobante,
412 2452 485 2508 sicut
499 2452 646 2524 Scriptura
660 2452 832 2516 manitestat,
848 2452 897 2506 sed
909 2457 1004 2522 patres
1044 2450 1142 2506 nitatis
1154 2467 1205 2523 per
1219 2450 1457 2524 quadripartitum
1468 2452 1564 2507 orbem
1580 2452 1686 2507 diltusa
1698 2457 1755 2508 est.

204 2539 357 2612 spiritales,
372 2557 405 2594 en
420 2541 481 2612 eius
494 2541 628 2612 progenie
638 2540 849 2606 descendentes,
865 2540 939 2595 sicut
952 2540 1005 2595 suit
1079 2540 1113 2594 m
1128 2556 1229 2595 murus
1240 2543 1361 2595 cinctutis
1376 2541 1476 2595 babens
1489 2543 1679 2609 fundamento
1693 2542 1846 2597 duodecim.

204 2626 304 2694 Isaiae,
318 2629 464 2690 ieremias,
482 2630 631 2702 caeterique
643 2631 795 2702 propheta,
811 2646 930 2704 quorum
956 2645 1004 2684 no·
1045 2627 1146 2682 Murus
1160 2628 1219 2700 ipsa
1234 2628 1470 2700 essentiaeque
1485 2628 1733 2684 habetdnodecim
1749 2630 1848 2686 sunda-

204 2717 283 2772 mina
295 2718 401 2791 scripta
420 2719 529 2774 suntin
544 2720 641 2790 portis,
660 2720 724 2790 quia
739 2719 875 2773 memoria
891 2718 1004 2772 illorum
1045 2721 1150 2772 menta.
1160 2716 1226 2787 quia
1241 2716 1270 2770 in
1283 2717 1475 2788 apostolorum
1489 2722 1519 2772 et
1532 2718 1739 2788 prophetarum
1750 2718 1848 2774 doetri-

203 2804 304 2861 iulide
323 2807 484 2862 continetur
497 2804 785 2878 apostolorquuod
800 2805 874 2860 enim
890 2806 937 2860 isti
952 2823 1005 2860 an·
1045 2821 1083 2860 na
1094 2805 1358 2870 consistitQuorum
1369 2805 1617 2861 fundamentorum
1630 2806 1848 2863 tundamentum

204 2895 338 2950 nuntiant
355 2895 472 2955 sactum.
495 2895 535 2949 illi
562 2895 754 2966 praedixerunt
781 2894 918 2949 futurum.
934 2894 1006 2959 Quia
1046 2894 1238 2956 Christusest,
1254 2894 1289 2949 de
1307 2910 1362 2966 quo
1384 2895 1488 2950 Paulus
1510 2895 1597 2970 dicit:
1621 2898 1847 2952 Fundamentum

204 2999 272 3055 ergo
285 2984 383 3038 eadem
408 2999 469 3055 qua
491 2983 530 3036 illi
544 2983 735 3053 praedixerunt
748 2983 927 3048 annuntiant,
948 3000 1006 3037 me·
1046 2985 1128 3037 aliud
1139 3000 1218 3038 nemo
1229 2988 1316 3053 potest
1329 3000 1430 3052 ponere
1440 2989 1542 3053 preter
1565 2986 1596 3038 id
1623 2987 1699 3054 quod
1725 2990 1847 3055 position

204 3072 325 3142 moriam
340 3073 452 3127 illorum
470 3072 498 3126 in
514 3073 573 3126 suis
588 3072 720 3127 cordibus
730 3088 760 3126 se
772 3071 876 3126 habere
888 3072 1094 3139 insitamcest,
1114 3072 1185 3141 qrrod
1212 3077 1250 3126 est
1279 3072 1404 3127 Christus
1431 3075 1510 3127 lesus
1531 3073 1556 3137 ll
1571 3073 1634 3128 Cor.
1651 3088 1702 3140 1119.
1732 3075 1848 3139 Quando

205 3160 410 3215 demonstrant.
427 3161 491 3216 Siue
506 3161 591 3215 etiam
611 3161 640 3214 in
656 3160 804 3215 duodecim
827 3161 892 3215 siliis
917 3160 1005 3216 Israel
1046 3160 1119 3215 enim
1147 3160 1330 3231 singulariter
1359 3160 1574 3216 fundamentum
1592 3163 1775 3227 enuntiatur,
1791 3165 1848 3234 ipse

206 3263 355 3319 possumus
369 3248 527 3318 intelligere
543 3265 640 3302 omnes
649 3254 757 3319 gentes,
771 3249 845 3304 sicut
858 3249 887 3303 in
902 3249 1005 3303 duode·
1046 3250 1174 3303 Christus
1196 3249 1375 3320 intelligitur,
1389 3266 1473 3322 super
1487 3266 1571 3321 quem
1592 3252 1688 3306 omnis
1702 3253 1847 3307 aedificatio

206 3337 261 3391 cim
272 3336 598 3408 apostolisinteliigimus
613 3353 725 3390 omnem
737 3337 862 3391 ordinem
874 3339 1002 3408 praedica·
1046 3336 1178 3392 Ecclesia
1190 3338 1386 3393 constituitur:
1399 3339 1517 3403 Quando
1527 3339 1603 3394 enim
1621 3340 1786 3410 pluraliter,
1800 3357 1847 3412 pa·

206 3429 299 3482 torum
320 3425 352 3481 In
366 3425 514 3480 duodecim
529 3441 596 3496 ergo
612 3425 701 3496 portis
723 3426 838 3479 nomina
858 3427 1005 3480 duodecim
1046 3427 1184 3491 triarchas,
1209 3428 1337 3498 apostoli,
1358 3429 1507 3499 ceterique
1522 3429 1661 3484 doctores.
1678 3431 1763 3486 Unde
1776 3430 1845 3484 idem

207 3515 330 3570 liliorum
343 3515 431 3570 Israel
441 3514 700 3585 scriptasunt‚quia
711 3514 739 3568 in
750 3515 804 3569 tide
818 3521 846 3568 et
856 3515 1005 3569 dilectione
1045 3517 1197 3586 Apostolus
1211 3517 1279 3571 dicit
1293 3536 1298 3570 :
1312 3520 1375 3572 lom
1388 3534 1445 3572 non
1459 3523 1521 3572 estis
1545 3518 1664 3587 hospites
1688 3525 1714 3573 et
1728 3521 1843 3585 aduena

206 3605 408 3676 apostolorum,
424 3620 521 3658 onmes
534 3609 633 3674 gentes
645 3604 1006 3661 consistunt.HincPaulus
1046 3606 1092 3658 scd
1103 3607 1165 3658 aslis
1178 3608 1246 3660 ciues
1260 3610 1421 3659 sanctorum
1431 3612 1456 3660 et
1465 3607 1609 3660 domestici
1619 3608 1671 3661 Dei
1679 3610 1843 3677 superedifi-

206 3693 292 3748 dieit:
309 3694 430 3762 Epistola
446 3699 541 3747 ltostro
555 3710 600 3747 cos
615 3695 679 3746 estis
700 3696 803 3760 scripta
827 3697 858 3746 in
879 3695 1006 3747 cordibus
1046 3695 1842 3765 catisuperfundumentumapostolorumclprcplretarum

180 3836 183 3841 ,
207 3784 310 3836 nostris
320 3783 357 3854 (II
367 3781 427 3836 dor.
439 3784 488 3845 ml.
503 3782 544 3835 lo
553 3783 657 3834 oriente
670 3786 756 3848 porta
771 3785 834 3835 tres.
846 3781 900 3835 Per
913 3781 1006 3835 orion·
1045 3782 1154 3851 (Eplrcs.
1166 3785 1208 3850 u).
1230 3782 1276 3837 Sic
1288 3798 1355 3853 ergo
1369 3783 1586 3838 fundamentum
1601 3785 1723 3854 apostoli
1736 3785 1843 3838 cateri-

207 3872 266 3923 tem
278 3867 399 3940 populus
408 3867 577 3939 intelligitur
587 3866 601 3919 J
605 3868 757 3932 udaeorum,
768 3868 803 3922 de
813 3884 868 3939 quo
879 3869 1006 3925 Christus
1047 3885 1102 3940 que
1112 3870 1240 3924 doctores
1249 3871 1455 3941 intelliguntur,
1467 3871 1496 3926 in
1506 3888 1564 3927 uuo
1575 3871 1841 3927 tundamentoChri·

207 3967 251 4014 est
277 3966 391 4013 exortus
407 3957 455 4028 qui
478 3963 521 4011 est
546 3973 627 4011 uerus
642 3957 683 4011 sol
699 3957 818 4027 justitia
844 3957 1006 4015 illuminans
1046 3963 1090 4012 sto
1100 3957 1218 4026 fundati,
1234 3960 1294 4030 ipse
1304 3960 1379 4014 enim
1394 3966 1437 4015 est
1448 3960 1666 4016 fundamentum
1680 3963 1842 4016 tundamen-

207 4049 293 4103 corda
305 4047 489 4102 credentium.
503 4045 545 4100 lbi
560 4047 635 4100 enim
648 4046 762 4100 fuerunt
776 4047 899 4118 primum
920 4053 1006 4117 portae
1046 4051 1140 4101 torum
1163 4048 1236 4102 sicut
1255 4055 1299 4103 est
1312 4049 1370 4102 Rex
1384 4065 1484 4118 regum
1499 4056 1528 4104 et
1545 4050 1684 4105 Dominus
1699 4050 1843 4105 dominan-

206 4143 274 4200 tres,
287 4137 341 4191 hoc
354 4143 398 4190 est
407 4135 477 4189 fides
488 4141 590 4191 sanctae
603 4134 759 4202 Trinitatis,
770 4135 799 4189 in
811 4136 866 4189 illis
880 4135 1004 4206 primum
1047 4137 1129 4190 tium.
1145 4136 1186 4190 Ad
1204 4136 1257 4191 hoe
1267 4137 1341 4192 enim
1361 4138 1483 4208 pertinet
1496 4139 1681 4207 quodetiam,
1693 4139 1843 4194 nominatis

207 4225 375 4280 annuntiata
390 4231 434 4279 est
447 4241 464 4278 a
475 4223 620 4296 prophetis
633 4230 662 4279 el
676 4223 783 4278 cacteris
792 4224 888 4294 justis,
896 4225 945 4296 qui
955 4241 1005 4294 per
1045 4226 1247 4284 fundamentis.
1258 4217 1323 4298 agni
1336 4244 1437 4282 nomen
1452 4229 1610 4293 consiluit,
1624 4230 1674 4284 sed
1687 4231 1746 4284 ait:
1767 4231 1799 4285 Et
1815 4233 1844 4283 in

208 4315 344 4385 Spiritum
359 4313 522 4378 illuminati,
538 4313 622 4366 tidem
635 4318 739 4368 sanctae
752 4313 1005 4383 Trinitatiscogne·
1047 4319 1113 4385 ipsis
1123 4317 1263 4371 duodecim
1272 4321 1388 4371 nomina
1396 4320 1843 4388 duodecimupcslolorumclapm'.

207 4408 318 4464 verunt,
331 4402 406 4457 unde
419 4401 506 4455 lsaias
517 4401 585 4455 dicit
610 4401 723 4456 audisse
744 4418 774 4456 se
793 4402 937 4457 cherubim
953 4403 1007 4457 cla·
1048 4403 1083 4458 Et
1095 4404 1124 4457 in
1134 4404 1201 4476 ipsis
1213 4405 1414 4471 fundamentis,
1430 4407 1483 4461 hoe
1494 4411 1537 4461 est
1551 4407 1580 4461 in
1597 4408 1653 4462 fide
1667 4408 1846 4479 patriarcha·

207 4493 315 4547 mantia
325 4507 331 4541 :
342 4489 470 4551 Sanctus,
483 4495 604 4551 sanctus,
622 4491 927 4559 sanctustlso.1v).Sed
941 4491 1007 4562 quia
1046 4493 1352 4563 rumetapo'stolorum,
1361 4495 1632 4550 nominaduodecim
1641 4498 1845 4567 apostolorum,

205 4580 236 4635 in
260 4579 387 4634 trinitate
405 4592 589 4650 personarum
604 4577 772 4647 intelligitur
786 4594 843 4632 una
861 4580 1003 4649 majestas,
1048 4581 1250 4653 quiauidelicet
1264 4583 1390 4654 quisquis
1403 4583 1433 4637 in
1443 4582 1569 4638 Ecclesia
1578 4584 1709 4656 regimen
1720 4586 1845 4656 suspicit,

103 4727 106 4730 Δ
206 4687 271 4726 cum
286 4669 433 4741 pluraliter
443 4667 655 4739 praemisissent,
667 4667 795 4729 Sanctus,
807 4673 929 4733 sanctus,
940 4684 1004 4722 san·
1044 4671 1136 4725 locum
1157 4671 1348 4742 apostolorum
1377 4677 1462 4738 tenet,
1482 4689 1601 4744 quorum
1627 4673 1788 4729 doctrinam
1821 4679 1847 4728 et

206 4760 416 4827 ctus,unitatem
427 4757 592 4812 substantiae
600 4756 778 4811 attendentes
785 4757 1004 4827 adjunguntllo·
1045 4764 1124 4815 actus
1136 4760 1312 4815 imitaturEt
1322 4767 1353 4816 ut
1365 4761 1520 4817 absolutius
1530 4762 1584 4817 hoo
1593 4761 1779 4823 sit,dicamus
1790 4763 1848 4818 iun·

206 4852 301 4903 minus
312 4850 382 4903 deus
395 4848 523 4903 Sabaoth.
536 4845 673 4900 Similiter
685 4852 713 4899 et
724 4845 873 4899 Psalmista
883 4845 1004 4917 praemit·
1032 4848 1188 4913 demente,
1205 4850 1381 4921 patriarchas
1395 4868 1457 4906 esse
1470 4857 1499 4905 et
1513 4852 1680 4922 prophetas,
1696 4853 1727 4906 in
1748 4852 1847 4924 quihus

206 4942 278 4991 tens:
289 4937 440 4991 Benedicat
454 4937 588 4989 nosDeus
599 4933 849 4995 Pater,benedicnt
863 4951 913 4988 nos
931 4935 1003 4988 Deus
1046 4939 1162 4992 nomina
1186 4938 1335 4993 duodecim
1362 4940 1553 5010 apostolorum
1580 4946 1657 5002 sunt,
1674 4942 1744 5012 quia
1767 4942 1847 4995 tidem

205 5023 1003 5095 Filius‚benedicatnosDeusSpiritussanctus,t1·iuitatem
1046 5042 1129 5097 quam
1152 5031 1338 5098 perceperunt
1359 5026 1665 5099 apostoti,habuerunt
1690 5035 1720 5084 et
1741 5030 1804 5083 illi:
1821 5035 1849 5083 et

205 5127 390 5184 personarum
398 5113 574 5168 convertitad
581 5113 719 5168 unitatem
727 5113 1001 5183 majestatisdicens:
1045 5131 1128 5185 quem
1142 5115 1191 5168 isti
1204 5115 1383 5170 crediderunt
1397 5115 1427 5170 in
1441 5133 1525 5170 carne
1538 5117 1660 5184 uenisse,
1669 5118 1709 5172 illi
1720 5133 1850 5189 praenun·

205 5200 244 5263 Εἰ
270 5205 394 5255 ructuant
423 5219 486 5256 curn
507 5220 599 5257 omncs
622 5206 689 5269 finos
712 5208 790 5256 terra
814 5205 895 5264 ,usal
919 5206 1000 5271 usur).
1043 5203 1359 5259 tinueruntventurum.
1387 5204 1459 5260 Hine
1472 5205 1625 5260 Psalmista
1637 5206 1722 5261 dicit:
1737 5207 1850 5260 Fundo-

205 5293 245 5346 Al
258 5292 387 5359 aquilone
400 5295 484 5357 porta
496 5292 617 5345 uesper
631 5291 790 5362 aquilonem
806 5291 1002 5361 intelliguntur
1043 5298 1136 5346 menta
1150 5295 1208 5360 ejus
1224 5297 1254 5347 in
1271 5295 1410 5347 montibus
1424 5297 1526 5348 sanctis
1538 5297 1625 5362 (Psoi.
1641 5295 1849 5361 transumen-

205 5380 334 5453 gentiles,
345 5378 375 5432 in
388 5380 479 5447 figura
490 5377 673 5445 infidelitatis
685 5386 713 5434 et
726 5380 891 5451 ignorantiae
906 5379 998 5450 positi,
1041 5386 1085 5435 tes
1101 5381 1205 5452 qnippe
1217 5382 1270 5452 ipsi
1286 5387 1353 5436 sunt
1367 5383 1532 5454 patriarcha
1547 5390 1576 5438 et
1594 5385 1753 5456 prophetae,
1767 5401 1849 5457 super

205 5469 277 5526 sicut
290 5470 406 5524 suerunt
420 5473 516 5539 patres
534 5469 633 5522 nostri.
649 5468 690 5522 Ibi
706 5485 817 5540 quoque
832 5475 897 5523 sunt
913 5475 999 5540 porta
1041 5486 1112 5542 quos
1126 5471 1196 5525 Nori
1208 5471 1382 5526 Testamenti
1400 5473 1530 5528 doctores
1544 5473 1713 5540 tundantur,
1725 5475 1793 5548 quia
1806 5490 1848 5530 eo·

205 5563 273 5627 tres,
285 5558 352 5633 quia
360 5563 390 5615 et
397 5556 519 5630 gentiles
524 5571 576 5632 per
584 5555 740 5613 doctrinam
749 5559 1001 5631 apostolorumcae·
1040 5573 1106 5615 rum
1120 5559 1206 5616 tidem
1216 5559 1375 5618 imitantur.
1390 5557 1548 5634 Tanquam,
1559 5562 1670 5620 scilicet
1683 5563 1848 5621 fundamen·
