3818 6104
145 283 199 342 847
357 276 547 337 natamus
567 274 812 333 uatusnsrnr.
834 270 948 328 EPlSG.
969 270 1048 328 OPP.
1070 271 1162 330 PARS
1181 273 1204 328 l.
1225 305 1258 316 -
1278 271 1465 336 mansur.
1486 277 1581 337 ulau.
1739 278 1793 337 8⁴8

181 410 377 477 lnprediemur
387 409 459 460 etaim
471 407 631 472 inrequieta
643 403 756 469 ejusqui
766 400 943 463 credidimus
953 401 977 458 Α
987 402 1127 468 temporis,
1140 402 1213 453 aierit
1225 416 1312 468 suma
1321 400 1427 454 dietum
1438 403 1587 457 nullone
1601 405 1628 455 si
1638 418 1728 456 vocem
1738 407 1791 474 ejas

147 498 377 566 quemadmodum
392 498 474 548 aquil:
490 494 568 549 Sicut
577 493 678 559 jurari
692 493 723 543 in
737 491 782 541 iro
797 490 895 543 irrepsi
904 489 946 539 in·
986 489 1143 551 atrrlr'ert'tt'r,
1160 491 1244 542 nolite
1254 490 1391 543 erbdnrore
1401 493 1484 544 eorda
1498 497 1601 545 uestra.
1611 491 1689 546 Ordo
1701 491 1788 547 serbo

147 587 272 640 troitum
285 589 314 639 in
324 587 444 654 requiem
451 598 551 635 arreum.
566 582 622 634 lsto
633 580 662 633 in
675 579 736 632 loco
744 577 778 630 ad
785 575 945 646 completio·
987 591 1050 628 rum
1062 581 1120 630 est:
1132 577 1199 631 Post
1210 582 1320 631 tantum
1331 579 1467 648 temporis
1482 595 1538 650 quo
1548 580 1589 634 illi
1601 596 1787 636 murmurare

148 691 211 729 nem
225 689 336 740 sensus,
346 687 460 726 necesso
475 676 518 723 est
532 667 638 739 aliquid
654 666 784 736 adjicere.
799 663 943 732 Ingredic-
988 670 1064 729 runt,
1081 670 1108 719 et
1124 667 1228 721 mortui
1245 668 1354 722 suntin
1370 668 1492 727 deserto.
1507 669 1785 731 terminarinhocert

148 781 212 819 mur
229 763 339 835 (inquit)
351 762 378 816 in
395 760 519 831 requiem
534 759 630 829 patriae
644 757 775 816 coelestis,
791 754 875 808 alleo
895 769 947 807 no·
987 755 1088 808 statuit
1099 754 1262 810 etdetlnirit
1274 755 1516 827 Spiritussanctus
1526 757 1632 811 iterum
1642 759 1783 828 quemdam

146 850 189 906 bis
211 852 378 924 promissam
400 847 544 911 subaudis,
561 863 596 901 ne
615 846 685 899 tbrte
699 841 901 898 dicaturnobis
921 840 946 895 si
986 843 1075 909 diem;
1090 850 1202 915 tempus
1217 845 1345 899 videlicet
1371 846 1441 899 Nori
1462 846 1652 911 Testamenti,
1676 847 1782 903 dicende

146 940 284 996 increduli
298 939 445 1001 fuerimus,
458 935 696 1009 quemadmodum
718 933 789 986 ‹tixit
816 931 872 985 illis
897 929 944 999 qui
986 947 1036 1000 per
1048 931 1152 986 David:
1170 934 1267 1003 Hodie,
1280 933 1354 987 sicut
1368 935 1572 1004 supradictum
1593 941 1648 1002 est,
1660 936 1780 1008 ubiApo-

147 1046 203 1085 non
214 1027 426 1092 introierunt,si
438 1025 605 1087 introibunt,
621 1023 648 1076 id
659 1027 710 1086 est,
722 1038 778 1075 nou
789 1018 946 1073 introibunt
987 1020 1076 1074 stolus
1090 1038 1122 1074 ex
1138 1038 1257 1092 persona
1286 1022 1429 1093 proplietae
1453 1023 1565 1078 locutus
1581 1031 1643 1079 est:
1660 1026 1744 1080 Hodie
1760 1027 1781 1080 ri

145 1119 173 1173 in
190 1118 317 1188 requiem
337 1133 443 1171 meam.
462 1113 570 1178 Quibus
596 1110 686 1165 rerbis
703 1111 944 1164 lrortaturomnes
985 1123 1072 1161 rocem
1088 1113 1147 1177 ejus
1162 1110 1478 1181 otidiert'tt'setc.,quasi
1495 1111 1777 1167 diceretaliisrerbit:

143 1206 251 1262 intrare
262 1207 291 1260 in
302 1206 428 1276 requiem
437 1202 605 1264 Domini,ne
614 1201 685 1254 torte
694 1197 774 1251 nobis
784 1197 895 1251 dicatur
909 1194 944 1249 ob
988 1194 1114 1250 Oludaei
1139 1197 1267 1252 concives
1293 1197 1358 1261 mei,
1375 1199 1462 1253 nolite
1476 1205 1582 1271 putare
1612 1200 1689 1272 quod
1716 1200 1778 1256 istud

143 1295 338 1350 infidelitatem
355 1292 430 1363 quod
446 1291 503 1344 illis
518 1290 623 1343 dictum
641 1294 693 1341 est.
710 1286 781 1340 Nam
797 1285 870 1338 sicut
883 1300 944 1338 cer·
988 1283 1063 1353 quod
1074 1284 1160 1339 Darid
1171 1285 1251 1339 dixit:
1261 1286 1351 1340 Hodie
1363 1287 1385 1340 si
1392 1303 1486 1341 rocem
1496 1289 1559 1357 ejus
1570 1289 1777 1354 audieritisno·

143 1389 205 1445 tum
219 1388 262 1437 est
283 1381 356 1453 quod
368 1379 504 1434 increduli
520 1395 575 1432 non
600 1375 766 1434 introibunt.
782 1373 943 1427 sicrestum
986 1371 1035 1425 lite
1046 1371 1184 1427 obdurare
1194 1374 1281 1428 corda
1290 1375 1432 1439 restra‚ad
1445 1375 1515 1430 illud
1524 1381 1642 1447 tempus
1653 1377 1775 1448 pertineat

144 1473 287 1542 fixumque
297 1469 417 1524 babetur
433 1468 507 1539 quod
528 1465 632 1520 creduli
648 1462 813 1517 introibunt.
829 1462 861 1515 llt
884 1463 945 1529 qui·
987 1476 1042 1531 quo
1057 1460 1097 1514 illi
1113 1469 1361 1518 murmuraverunt
1373 1463 1402 1517 in
1417 1463 1540 1529 deserto,
1559 1465 1604 1519 rel
1620 1466 1696 1537 quod
1707 1482 1774 1521 cauta

143 1561 204 1613 dem
219 1560 344 1627 operibus
358 1559 393 1610 ob
422 1558 597 1608 institutione
628 1553 729 1605 uerendi
760 1552 898 1619 perfertis,
914 1548 942 1602 id
986 1548 1086 1603 salutis
1100 1550 1213 1604 illorum
1233 1551 1343 1616 dixerit,
1359 1553 1407 1623 qui
1421 1554 1480 1622 jam
1497 1553 1773 1626 mortuierant:que

142 1652 186 1702 est
199 1652 302 1701 ornatu
315 1643 412 1699 mundi
432 1641 569 1714 perfeeto.
983 1636 1060 1689 niam
1077 1638 1199 1692 adalind
1214 1644 1326 1710 tempus
1336 1640 1468 1710 pertinet,
1479 1640 1516 1694 ad
1530 1647 1648 1713 tempus
1663 1643 1770 1699 videlieet

180 1737 256 1789 oica
266 1735 385 1803 quodem
402 1734 456 1785 loeo
469 1731 554 1784 dedic
565 1731 679 1797 septima
690 1730 729 1780 rie
740 1746 748 1780 .·
760 1728 792 1780 Et
807 1727 972 1808 requievitB
984 1723 1054 1778 Nori
1068 1725 1281 1780 Testamentilt
1292 1727 1337 1781 die
1348 1728 1423 1781 enim
1437 1731 1679 1785 murmurationis
1691 1747 1768 1786 eamn

141 1823 211 1876 lleus
225 1822 268 1874 die
281 1823 397 1889 septimo
419 1820 453 1872 ab
468 1819 596 1871 omnibus
612 1815 737 1883 operibus
751 1817 818 1866 suis.
835 1814 866 1867 ln
882 1812 939 1866 Ge·
982 1812 1010 1865 in
1026 1813 1148 1878 deserto,
1162 1815 1283 1869 multum
1301 1821 1414 1886 tempus
1435 1823 1478 1871 est
1497 1819 1643 1889 usquead
1658 1819 1766 1874 Deridet

142 1909 202 1965 nesi
211 1909 364 1963 dixitDeus
373 1924 424 1978 per
434 1907 548 1976 lloysen
559 1903 633 1958 istud
653 1903 728 1967 (Gen.
745 1903 789 1971 u).
809 1901 859 1954 llis
882 1917 942 1954 rer·
981 1902 1120 1972 usquead
1136 1919 1195 1967 nos,
1212 1903 1313 1974 quibus
1321 1904 1407 1958 David
1423 1905 1767 1977 ietaproloquebaturdoe

140 1998 184 2054 bis
207 1999 266 2052 vult
283 1997 433 2068 Apostolus
455 1993 614 2060 ostendere,
628 1992 712 2045 aliam
732 2006 793 2044 esse
814 1989 940 2059 requiem
984 1989 1222 2062 siderandumque
1237 1991 1321 2046 simul
1346 1992 1420 2047 diem
1436 2010 1488 2064 pro
1506 2001 1640 2066 tempore
1653 1994 1766 2051 1)οωίυῆ

140 2087 287 2142 meliorem
304 2087 340 2140 ad
356 2101 441 2156 quam
457 2082 547 2136 rocati
560 2097 670 2147 sumus,
690 2096 774 2151 quam
795 2078 879 2132 luerit
894 2077 943 2132 illa
984 2077 1132 2145 adrentus,
1145 2079 1272 2150 Norique
1282 2079 1454 2136 Testamenti
1465 2083 1708 2153 accipiundumst
1715 2083 1765 2156 quid

140 2177 170 2231 in
180 2174 378 2241 Palestina,ad
400 2188 485 2243 quarn
500 2170 590 2224 ludaei
610 2168 700 2222 rotati
713 2174 793 2233 sunt3
809 2184 861 2220 nec
873 2167 943 2221 dicit
984 2164 1054 2219 dicit
1079 2167 1107 2220 in
1130 2167 1230 2227 Darid,
1244 2168 1300 2222 tale
1316 2175 1359 2223 est
1382 2169 1462 2239 quasi
1489 2187 1541 2242 per
1555 2172 1656 2226 David.
1670 2171 1764 2228 unua

140 2280 192 2320 nos
207 2263 363 2317 intraturos
377 2261 406 2314 in
422 2261 499 2313 illam
516 2275 577 2328 quae
599 2257 654 2311 suit
678 2257 704 2310 in
719 2256 878 2317 palestina,
892 2257 940 2310 sed
983 2254 1057 2308 enim
1068 2255 1287 2327 propositionem
1303 2273 1380 2312 more
1390 2257 1587 2315 solitol'otest
1604 2267 1634 2316 et
1651 2262 1691 2317 ita
1702 2261 1763 2317 intel·

141 2353 264 2408 ostendit
278 2351 341 2405 illos
360 2365 415 2403 non
428 2348 550 2402 intrasse.
566 2351 681 2417 propter
699 2345 833 2398 duritiam
850 2343 941 2399 cordis
984 2343 1036 2412 ligi
1051 2344 1124 2414 quod
1136 2344 1204 2397 dicit
1217 2363 1223 2397 :
1238 2344 1383 2400 Terminat
1395 2346 1470 2401 diem
1487 2349 1652 2419 quemdam,
1668 2351 1762 2417 horest,

139 2441 194 2506 sui,
209 2457 261 2494 nec
277 2439 305 2492 in
326 2436 515 2493 Palaestinam.
533 2450 584 2489 nec
599 2434 627 2487 in
640 2433 766 2504 requiem
782 2433 938 2489 celestem.
985 2432 1137 2485 terminum
1150 2437 1178 2486 et
1192 2432 1275 2486 linem
1291 2433 1411 2505 imponit
1423 2435 1549 2506 Spiritus
1563 2444 1764 2510 sanctuspmte·

138 2529 212 2584 Dicit
229 2545 296 2599 ergo
307 2527 341 2581 de
354 2526 446 2597 prima
461 2523 558 2594 requie
573 2523 631 2576 sic:
648 2521 794 2592 Requicrit
808 2520 882 2574 [leus
896 2521 942 2575 dic
982 2518 1037 2573 rito
1050 2520 1261 2590 temporiquod
1271 2521 1352 2576 tuito
1367 2522 1412 2576 die
1422 2525 1763 2592 murmurationisillomn.

138 2617 258 2689 septima
270 2615 306 2669 ab
316 2613 446 2670 omnibus
458 2609 817 2683 operibussuis.ltequierit
827 2609 940 2679 quidem
983 2613 1011 2661 et
1035 2606 1083 2661 dat
1103 2607 1216 2661 initium
1233 2609 1313 2662 alteri
1334 2612 1466 2682 tempori,
1483 2612 1605 2669 dicendo
1620 2631 1671 2686 per
1684 2613 1763 2680 Dnrid,

139 2704 325 2761 reconditione
335 2718 470 2758 norarurn
481 2707 685 2760 creaturarum,
698 2697 745 2751 sed
762 2713 818 2752 uon
832 2697 941 2767 requie·
981 2697 1077 2758 Hodie,
1094 2702 1150 2755 etc.
1171 2695 1315 2768 Sequitur:

139 2794 179 2847 rit
190 2810 207 2847 a
220 2791 427 2863 gubernatione
442 2804 538 2843 eorum
555 2804 616 2858 quae
631 2786 746 2849 lecerat,
763 2792 791 2839 et
804 2790 837 2838 ut
850 2785 941 2854 qnoti-
1017 2785 1088 2838 Nom
1105 2788 1130 2838 si
1143 2789 1182 2838 eis
1198 2787 1275 2840 lesus
1289 2786 1364 2841 tilius
1377 2786 1464 2855 Nare,
1475 2789 1579 2844 ductor
1586 2792 1682 2863 populi
1692 2791 1763 2847 Istae·

138 2882 184 2937 die
195 2898 228 2936 ex
242 2881 312 2951 ipsis
334 2880 419 2935 etiam
435 2895 506 2933 nora
531 2876 675 2948 producat.
694 2875 773 2929 Unde
786 2873 896 2928 Veritas
911 2874 940 2927 in
982 2871 1061 2933 lirici,
1065 2876 1237 2940 prestitisset
1247 2875 1519 2942 requiempubeudis
1529 2894 1764 2949 remmmuaquen

138 2969 289 3040 Evangelio
303 2968 318 3023 J
321 2967 407 3023 udaeis
422 2967 502 3021 dicit:
519 2968 599 3020 Pater
613 2980 691 3017 meur
703 2964 867 3031 usquemodo
882 2978 941 3030 ope·
960 3019 969 3042 Ἰ
984 2962 1015 3013 de
1029 2963 1088 3014 alia
1104 2961 1200 3030 requie
1214 2964 1370 3030 loqueretur
1384 2964 1483 3029 David,
1502 2967 1619 3035 postltae
1632 2969 1683 3034 die,
1695 2967 1720 3022 id
1732 2972 1765 3023 est

138 3063 224 3112 rotttr
249 3063 274 3111 et
300 3073 347 3125 epo
373 3071 470 3125 operor
487 3056 580 3108 (laert.
600 3058 635 3119 r).
651 3052 713 3105 Non
729 3051 804 3105 enirn
820 3050 883 3121 plus
898 3020 970 3104 esqb
982 3048 1123 3118 deinceps,
1134 3056 1282 3121 postquam
1295 3051 1477 3124 illam‘adepti
1492 3056 1764 3111 essentllicosteudit

140 3147 200 3202 Deo
225 3146 360 3201 mundum
377 3162 408 3198 ex
425 3143 512 3198 nihilo
535 3157 640 3206 creare,
657 3157 741 3211 quam
767 3140 870 3193 lactum
890 3156 941 3208 gu·
981 3137 1255 3208 tertiamquamdam
1270 3140 1396 3209 requiem
1407 3141 1442 3195 de
1463 3157 1521 3213 qua
1532 3141 1625 3198 Darid
1637 3145 1709 3209 dixit,
1724 3145 1762 3199 llo·

137 3233 419 3290 bernare.l’raemissa
431 3231 594 3301 ergoprima
603 3229 699 3300 requie
708 3228 820 3299 septimi
830 3227 896 3288 diei.
907 3228 935 3281 in
980 3225 1034 3290 die,
1049 3231 1178 3291 etc.‚non
1193 3226 1269 3280 illam
1284 3228 1458 3298 significans,
1471 3230 1507 3283 ad
1524 3246 1612 3301 quam
1622 3231 1762 3287 lesusliliut

138 3341 194 3397 qua
211 3323 347 3394 requierit
362 3323 444 3384 Deus,
462 3318 608 3388 subjunxit
624 3316 774 3370 secuudum
795 3332 856 3386 quae
872 3333 936 3386 pro·
978 3312 1053 3366 Nare
1062 3314 1194 3384 populum
1204 3314 1420 3380 introduxit‚sed
1434 3318 1520 3373 aliam
1532 3322 1683 3390 quamdam
1691 3319 1760 3375 mdia

138 3415 224 3469 missa
237 3421 280 3466 est
293 3411 396 3484 populo
412 3408 461 3464 Dei
476 3408 589 3461 dicens:
611 3406 650 3458 lle
671 3404 720 3457 illa
739 3403 850 3475 quidem
865 3421 936 3475 quo·
977 3403 1214 3467 excellentiorem,
1228 3403 1262 3457 ed
1278 3420 1363 3474 quam
1380 3421 1436 3459 non
1447 3407 1562 3477 typicus
1572 3410 1664 3474 lesus,
1678 3408 1761 3464 mdre·

138 3501 203 3557 dam
217 3502 278 3557 loco
293 3501 333 3554 ita
348 3499 418 3552 dixit
432 3497 507 3551 Deus
529 3511 579 3566 per
599 3494 713 3563 Moysen
729 3498 754 3546 et
768 3495 799 3546 in
811 3497 861 3546 isto
876 3492 936 3548 loco
978 3505 1026 3542 rus
1044 3489 1199 3544 introducit
1213 3492 1338 3562 quotidie
1352 3494 1457 3564 eosqui
1468 3496 1759 3566 suntejus.Sienimle·

138 3607 254 3646 rursum
268 3589 350 3644 dicit:
375 3588 407 3642 Si
427 3586 586 3639 introibunt
607 3586 636 3637 t'n
653 3585 774 3649 requiem
791 3597 892 3640 tricem.
910 3583 942 3637 Si
982 3593 1031 3630 sus
1044 3577 1119 3631 filius
1134 3579 1210 3632 Nare
1225 3595 1318 3633 reram
1334 3581 1513 3651 prestitisset
1526 3587 1654 3656 requiem
1667 3584 1756 3657 populo
1803 3636 1805 3657 ,

137 3696 203 3734 rero
216 3677 386 3749 conjunctio,
399 3675 471 3728 sicut
480 3675 539 3742 jam
553 3688 638 3742 supra
651 3671 756 3724 dictatu
768 3676 819 3729 est,
828 3687 878 3741 pro
894 3671 935 3724 al·
981 3665 1062 3734 cuius
1078 3666 1178 3719 du⁰t⁰r
1192 3667 1319 3732 existltstt
1330 3685 1510 3739 nequaquam
1521 3671 1556 3725 de
1572 3673 1629 3727 alia
1640 3671 1756 3744 requitlt

139 3760 308 3830 firmatione,
325 3780 375 3836 pro
390 3761 565 3816 dubitatione
581 3767 609 3814 et
620 3775 669 3831 pro
682 3753 830 3828 negatione
848 3759 935 3830 accipi
977 3760 1114 3822 queretur
1126 3755 1214 3809 David
1228 3761 1336 3826 postea.
1349 3757 1464 3814 Certum
1480 3765 1525 3813 est
1538 3761 1616 3816 enim
1631 3761 1755 3833 quietata-

139 3853 387 3928 potest.Superius
408 3866 529 3920 namque
544 3865 593 3919 pro
608 3847 759 3917 negatione
773 3847 881 3900 duobus
907 3847 935 3901 iu
978 3857 1039 3895 rum
1054 3848 1097 3896 est
1117 3843 1255 3914 quosdam
1269 3844 1405 3914 occipere,
1427 3861 1491 3916 quae
1514 3865 1567 3919 per
1583 3850 1658 3904 illam
1674 3847 1753 3920 egra

137 3944 206 4000 locis
222 3943 314 4015 posita
327 3947 389 4008 est;
411 3939 459 3994 ubi
481 3938 522 3992 ait
537 3938 647 4007 jurasse
660 3936 748 3989 Deum
764 3942 879 4006 propter
891 3935 936 3990 in·
976 3939 1040 3984 cata
1055 3937 1107 3998 est,
1125 3948 1186 4002 quae
1197 3931 1251 3987 suit
1267 3933 1295 3987 in
1310 3933 1469 3990 Palaesnna.

138 4023 933 4095 credulitatemillorum.siintroibuntinrequiemmeam,
1013 4021 1116 4087 ltaque,
1132 4019 1749 4099 subaudisquialesustiliusNarenonprest'e

139 4124 168 4177 id
183 4128 292 4176 estnon
309 4115 532 4174 introibunt2hic
547 4131 612 4168 rero
628 4130 678 4185 pro
693 4112 879 4167 affirmatione
889 4130 936 4185 po·
975 4105 1011 4160 tit
1020 4122 1114 4161 reram
1127 4108 1252 4178 requiem
1264 4110 1417 4180 populocui
1427 4110 1747 4184 praeemtrelinquiturd

139 4215 196 4263 test
207 4209 303 4278 accipi,
312 4206 364 4260 sub
376 4206 431 4259 alio
445 4220 538 4265 sensu,
549 4203 620 4256 sicut
636 4203 649 4255 J
653 4217 757 4255 oannes
771 4202 936 4273 Chr'ysosto-
976 4200 1020 4248 est
1034 4202 1194 4250 reservatur
1204 4197 1233 4251 in
1247 4197 1385 4265 summme
1400 4201 1587 4256 Sabbafflmffl
1599 4207 1690 4272 P⁰P¹⁴10
1700 4203 1742 4257 Μ·

140 4312 204 4350 nius
217 4295 321 4365 aliique
343 4294 470 4346 doctores
494 4294 646 4360 exponunt.
663 4290 744 4360 quasi
763 4290 885 4344 diceret:
904 4291 934 4345 si
976 4283 1077 4336 Veram
1089 4284 1216 4354 requiem
1226 4285 1452 4355 Patriaecoelesiis
1466 4288 1670 4346 sabbatismum
1680 4292 1743 4353 Μ»

139 4383 298 4438 introibant
314 4382 343 4435 in
359 4379 483 4450 requiem
497 4394 598 4442 meam,
612 4377 746 4431 subaudis
765 4377 834 4432 bene
849 4378 932 4433 habe·
943 4361 965 4419 fl
975 4372 1104 4426 alludens
1116 4373 1151 4426 ud
1163 4390 1277 4440 nomen,
1292 4376 1424 4445 quoniam
1434 4377 1524 4433 Judaei
1540 4380 1664 4451 requiem
1674 4375 1741 4433 ubre

139 4462 221 4526 bunt,
237 4468 266 4516 et
278 4462 329 4514 hoc
342 4459 377 4513 de
391 4457 489 4527 requie
512 4473 573 4526 quae
589 4455 641 4508 luit
659 4456 687 4509 in
703 4456 853 4511 Palaestina
866 4457 937 4511 acci·
978 4461 1091 4514 tismum
1104 4461 1246 4516 dicebant.
1256 4463 1376 4534 Requies
1390 4481 1459 4535 ergo
1474 4467 1600 4523 coelestis
1613 4466 1742 4536 sebbetipr

140 4567 184 4622 ΡΘ·
201 4549 280 4605 Unde
294 4547 423 4620 ΡΓοῖἰηιιε
438 4544 570 4598 addim
978 4548 1043 4617 pulo
1055 4549 1104 4602 Dei
1119 4551 1244 4604 credenti
1264 4552 1400 4607 veraciter
1416 4561 1581 4611 reservatur
1594 4560 1624 4612 in
1637 4558 1738 4615 runem.

174 4641 311 4708 Quoniam
326 4652 389 4704 erpo
401 4637 521 4702 superest
536 4633 667 4701 quosdam
681 4633 800 4685 introire
816 4635 847 4685 iu
861 4649 933 4698 eam,
979 4637 1034 4690 vita
1046 4637 1151 4692 scilicet
1162 4644 1277 4702 aeterua,
1288 4656 1350 4710 quse
1364 4641 1500 4711 precellit
1514 4643 1661 4700 sabbatum
1678 4640 1737 4712 legin

135 4732 160 4781 et
175 4727 206 4780 ln'
214 4727 313 4807 quibus
320 4721 678 4794 prioribusonauntiotum
697 4722 744 4783 est,
757 4733 812 4771 uon
822 4721 936 4773 introie-
976 4725 1109 4793 quoniam
1135 4727 1164 4780 in
1183 4727 1232 4781 illo
1247 4729 1460 4800 requiescebant
1478 4736 1592 4788 tantum
1606 4725 1737 4806 eorpomil

139 4820 208 4869 ruat
218 4819 329 4882 propter
343 4811 578 4871 incredulitatem,
594 4805 658 4859 idco
683 4805 773 4859 dixit:
796 4806 933 4869 Quoniam
974 4810 1029 4866 ista
1042 4818 1135 4867 autem
1152 4814 1251 4868 anime
1266 4815 1361 4886 populi
1377 4817 1437 4871 Dei.
1453 4818 1536 4874 Unde
1552 4820 1687 4892 sequitur:

137 4909 267 4972 superest
276 4903 318 4956 rel
326 4906 414 4956 restat
424 4897 560 4970 quosdam
570 4895 692 4949 intrasse
702 4895 731 4948 in
743 4895 868 4965 requiem
878 4903 934 4951 ter·
1010 4903 1063 4969 Qui
1078 4905 1152 4956 enim
1168 4905 1357 4970 inpressusest
1372 4909 1402 4959 iu
1418 4910 1545 4975 requiem
1561 4904 1737 4978 ipsimboeet

137 4989 391 5058 repromissionis,
408 4994 437 5042 et
455 4986 522 5057 quia
543 4983 624 5056 pauci
640 4984 817 5038 intraverunt
826 4984 855 5038 in
870 5001 933 5040 eam
973 4990 1024 5045 Dei
1039 4989 1328 5062 omnipotentiquue
1343 4998 1387 5048 est
1413 4993 1473 5049 rita
1487 5002 1607 5064 aeterna,
1621 4995 1740 5058 etiemlptt

138 5075 264 5143 requiem
276 5092 339 5146 quae
348 5075 401 5129 luit
413 5075 442 5128 in
451 5073 635 5135 Palestina,id
645 5077 688 5127 est
695 5073 750 5126 duo
761 5080 872 5127 tantum
883 5075 934 5128 ee·
974 5081 1107 5146 requierit
1120 5082 1155 5133 ob
1170 5081 1297 5147 operibus
1311 5084 1379 5148 suis,
1396 5085 1519 5139 terrenis
1534 5077 1740 5155 omnibusque·

136 5161 221 5215 lebet
238 5163 332 5228 losue,
348 5179 380 5216 ex
395 5162 524 5216 omnibus
536 5162 591 5215 illis
606 5161 702 5232 quide
724 5161 843 5231 AEgypto
858 5162 930 5216 exie·
973 5165 1097 5231 boribus,
1111 5170 1182 5220 sieut
1198 5183 1216 5220 a
1229 5170 1520 5243 ruislleus,rcquicrit
1529 5174 1577 5230 die
1591 5165 1740 5246 separate

136 5254 212 5317 runt,
228 5250 267 5312 hi,
283 5250 311 5303 id
327 5256 370 5303 est
387 5250 533 5319 sexaginta
550 5250 639 5304 millia
664 5248 765 5320 quibus
789 5249 929 5319 prioribus
972 5253 1052 5322 quies
1073 5252 1126 5307 Dei
1145 5254 1280 5325 perfectio
1300 5273 1415 5328 operum
1429 5259 1507 5316 illius
1520 5261 1692 5335 intelligenda
1701 5255 1736 5309 ἄν
1804 5250 1808 5280 ³

133 5339 333 5395 annuntiatum
349 5342 400 5399 est,
418 5353 473 5390 non
489 5338 664 5391 intraverunt
678 5338 706 5391 in
717 5339 930 5403 campedcada-
971 5341 1097 5396 videlicet
1107 5343 1310 5399 durnsextodie
1321 5346 1735 5418 finitaprimordialioemmpe
1800 5334 1808 5382 ,Ι

131 5446 196 5486 rera
212 5443 310 5483 eorum
335 5430 476 5496 prostrata
486 5424 516 5478 in
529 5425 649 5479 deserto.
673 5429 777 5480 ltcrmn
792 5431 926 5481 terutiuot
970 5431 1056 5495 tione,
1066 5430 1095 5484 in
1114 5432 1236 5502 septimo
1250 5435 1369 5490 cessarit
1384 5439 1559 5497 screatione
1574 5453 1694 5497 novaram
1704 5445 1732 5485 lt*
1799 5424 1808 5455 ²

130 5514 446 5589 diemquemdomlrodie
460 5515 492 5567 in
506 5513 729 5581 Daviddt'ceado,
739 5521 923 5584 posttonlum
964 5534 1042 5576 rum.
1057 5520 1201 5576 Perillam
1218 5537 1283 5577 vero
1298 5525 1426 5598 requiem
1439 5525 1729 5604 mmmmm
1795 5508 1808 5551 t
