3818 6104
129 287 183 349 eso
294 382 296 387 Α
336 291 525 350 aemonis
544 292 788 352 aneensem.
810 294 923 352 anso.
945 279 1024 351 orn.
1047 289 1139 347 runs
1156 289 1180 349 1.
1200 317 1232 332 -
1255 250 1554 346 annumeratos.
1704 257 1743 349 etl

129 422 184 479 hoc
194 432 305 491 quoquo
318 419 518 491 omnipotentis
532 419 584 475 Dei
603 424 670 476 sunt
690 421 856 489 imitatores,
879 422 962 494 quiA
1006 420 1039 474 at
1051 434 1102 487 per
1116 419 1277 486 fenestram,
1291 414 1394 487 inquit,
1411 416 1443 468 in
1455 418 1548 484 sporta
1562 414 1687 468 dimissus
1697 430 1742 472 son

131 507 231 565 leudes
245 523 311 562 suas
321 507 481 563 hominibus
491 508 625 580 loquitur,
642 514 781 581 quatenus
792 511 827 565 ab
841 511 930 583 hqmi·
968 525 1019 579 per
1034 524 1160 573 maram,
1177 512 1200 561 et
1213 509 1252 560 sic
1264 509 1348 575 effapi
1360 521 1462 560 inanes
1476 508 1547 576 ejas.
1561 504 1741 575 Sportnrasest

134 595 217 657 nibus
227 601 405 666 agnoscatur.
425 597 498 651 Nam
512 597 587 651 Deus
602 596 651 668 qui
671 614 721 652 nos
735 597 865 669 prohibet
880 614 932 670 per
972 614 1004 653 ex
1015 599 1101 669 junco
1112 601 1141 650 et
1155 596 1313 667 palmarum
1327 594 1403 648 foliis
1413 593 1616 649 contextumin
1628 594 1741 666 quodeor·

136 684 308 756 Scripturam
317 684 412 739 dicens
423 703 429 738 :
442 686 574 740 Laudette
584 689 787 740 alicmrsetnon
796 704 824 741 os
833 693 928 741 tauns:
972 703 1035 741 sum
1049 702 1113 740 oum
1128 683 1241 738 funibus
1252 682 1384 738 dimissus
1394 686 1438 737 est
1451 699 1503 754 per
1516 698 1629 737 murum
1644 681 1740 736 ulmtri-

136 775 196 844 ipse
210 788 260 845 per
274 773 432 844 Scripturas
447 790 541 828 sacras
556 775 654 830 laudes
669 791 734 829 suas
746 776 880 846 loquitur,
893 775 932 829 di·
973 774 1025 828 bus
1034 772 1171 828 fidelibus.
1189 771 1310 837 Quaestio
1324 771 1409 826 estin
1423 771 1740 841 hoclocoquaretlposto·

135 862 364 934 ccnsadllloysen
377 879 383 915 :
395 864 449 931 lino
458 880 519 918 sain
531 865 599 918 Deus
610 868 789 932 orrrrn'petens,
801 871 825 918 et
834 881 932 919 rroirren
973 865 1017 918 lus
1029 863 1064 916 de
1077 863 1212 917 Damasco
1225 860 1337 931 fugerit,
1350 861 1398 932 qui
1408 859 1522 914 dicebat
1536 877 1541 912 :
1554 861 1609 928 Epo
1620 861 1740 913 nonsolron

136 967 229 1006 eneam
246 951 354 1006 Antenoi
378 948 432 1006 non
450 954 574 1006 indicavi
593 955 632 1007 eis
648 954 741 1020 (deod.
761 957 816 1022 ri),
833 961 861 1009 et
883 969 933 1026 per
973 955 1089 1020 altipert
1099 951 1373 1017 inllirrusalem,sed
1384 949 1741 1017 etmaripronomr'mluni·

136 1039 238 1096 Isaiam
251 1041 335 1096 :Ante
346 1057 388 1094 mc
397 1045 495 1095 nonest
504 1042 753 1108 [orinatuslteusel
761 1047 818 1110 post
827 1058 869 1096 me
878 1057 931 1095 non
975 1045 1007 1094 ni
1021 1043 1084 1094 lesa
1096 1046 1214 1110 paratus
1227 1057 1290 1093 sitin
1312 1040 1379 1103 lilct.
1395 1042 1468 1109 111l3
1484 1055 1547 1110 quae
1560 1038 1613 1091 hoc
1625 1036 1742 1090 modosol·

137 1133 190 1186 eril
202 1132 264 1199 [isa.
276 1132 364 1201 xn111l,
374 1145 461 1202 quare
472 1147 539 1201 ergo
549 1131 685 1202 lacitipse
695 1132 769 1202 quod
785 1130 933 1202 prohibet?
975 1129 1062 1183 venda
1077 1135 1119 1184 est
1136 1146 1141 1180 :
1158 1128 1294 1200 quianon
1310 1127 1372 1183 idea
1387 1127 1460 1199 legit
1473 1132 1507 1181 ut
1522 1125 1684 1197 martyrium
1696 1125 1742 1179 lior-

136 1218 279 1275 Nimirum
294 1219 318 1274 si
333 1218 450 1274 virtutes
464 1235 531 1274 suas
549 1226 578 1275 et
595 1220 730 1275 miracula
743 1221 803 1291 ipse
816 1226 931 1285 taceret,
974 1224 1049 1272 reret
1063 1216 1255 1289 accipere‚sed
1271 1215 1512 1288 maluiteempum
1524 1213 1681 1269 certaminis
1689 1229 1743 1286 que·

138 1324 318 1380 nequaquam
332 1324 397 1363 eum
412 1309 486 1363 ullus
502 1312 690 1379 cognosceret.
711 1310 740 1364 si
755 1310 848 1364 nullus
867 1325 931 1363 eum
975 1323 1045 1373 rere,
1063 1312 1091 1362 et
1114 1306 1292 1361 latitudinem
1311 1305 1440 1376 gentium
1463 1309 1572 1376 petere,
1595 1319 1674 1374 quam
1693 1302 1744 1357 inter

138 1401 312 1469 agnosceret,
320 1396 415 1452 nullus
424 1401 541 1450 amaret.
559 1397 588 1452 Si
603 1398 697 1451 nullus
712 1403 829 1460 narraret,
840 1398 933 1451 nullus
974 1395 1098 1448 claustra
1112 1393 1233 1448 civitatis
1241 1392 1340 1459 teneri,
1352 1398 1381 1447 et
1388 1392 1542 1460 occidi,ubi
1554 1391 1680 1464 perpauci
1686 1397 1745 1445 eraut

138 1486 174 1543 ad
184 1487 268 1541 uitam
276 1485 393 1553 rediret3
402 1486 714 1557 undeperPsalmistam
725 1487 758 1540 de
768 1503 801 1540 co
812 1486 914 1540 dicitur
926 1503 931 1539 :
977 1484 1131 1549 eredentes,
1144 1483 1192 1554 qui
1206 1484 1267 1553 ejus
1277 1481 1414 1555 martyrio
1425 1481 1673 1537 corroborarentur
1681 1486 1704 1534 et
1714 1481 1745 1534 iu·

144 1577 276 1631 Virtutem
288 1578 713 1642 operumsaormrnannantiabit
722 1579 821 1645 popnrlo
831 1592 880 1629 suo
889 1595 895 1628 :
905 1575 935 1629 lit
978 1572 1177 1638 formarentur,
1197 1577 1229 1626 ut
1243 1570 1345 1625 similia
1363 1571 1422 1643 pati
1435 1587 1493 1625 non
1506 1569 1674 1624 dubitarent.
1689 1566 1748 1634 Quod

138 1663 182 1717 det
194 1665 253 1718 illis
267 1663 455 1716 hereditatam
475 1666 609 1730 penitam,
629 1680 710 1732 opera
725 1681 858 1717 marianas
878 1667 936 1732 rias
978 1666 1075 1733 postea
1085 1660 1355 1732 implevitipsedum
1365 1659 1535 1731 martyrium
1544 1657 1697 1713 sustinendo
1705 1656 1748 1728 plu·

138 1753 241 1806 ueritas
251 1755 276 1804 el
283 1753 426 1820 jerdicr'anr
439 1753 522 1822 (Psoi.
534 1751 588 1819 cx).
597 1752 722 1806 Virtutes
734 1769 800 1823 ergo
811 1770 876 1806 suas
888 1768 967 1838 rin-B
979 1751 1066 1804 rimos
1080 1751 1115 1803 ad
1130 1749 1183 1803 hoc
1197 1748 1367 1803 informarit.
1382 1747 1514 1820 Implevit
1525 1763 1593 1819 ergo
1607 1752 1747 1819 paeceptum

137 1839 251 1895 aunbat
263 1855 320 1894 non
333 1844 365 1895 ut
378 1838 508 1894 laudibus
522 1839 580 1895 suis
589 1840 793 1912 ipseproficiat,
804 1847 853 1895 aut
862 1842 937 1896 indi·
978 1838 1090 1894 Domini
1104 1839 1221 1892 dicentis
1238 1856 1244 1890 :
1261 1838 1329 1892 Cum
1343 1855 1387 1892 ros
1400 1830 1541 1906 persecuti
1554 1838 1660 1905 [iterim
1669 1838 1748 1889 incia·

138 1933 213 2000 gest,
231 1929 280 1983 sed
300 1928 367 1981 dum
387 1945 466 1983 suam
492 1928 571 1983 nobis
587 1930 809 2000 magnitudinem
829 1938 936 1999 inerrat,
980 1934 1033 1982 tate
1045 1933 1106 1994 ista,
1117 1930 1206 1997 sapite
1221 1932 1251 1982 in
1265 1929 1473 2000 aliorafflattlt.
1487 1927 1748 1995 x).Etrerernserm·

138 2022 264 2073 nostram
275 2017 347 2071 adse
358 2017 529 2088 imperitiam
540 2018 675 2073 sublevat.
685 2021 757 2073 lusti
770 2020 865 2090 itaque
874 2038 937 2075 cuin
980 2018 1019 2071 rit
1032 2017 1139 2089 pariter
1153 2016 1313 2088 exemplum
1326 2015 1454 2088 martyrii
1471 2020 1500 2070 et
1515 2015 1664 2069 utilitatem
1677 2009 1748 2084 pradi-

138 2105 256 2160 virtutes
271 2105 510 2176 suasprredicant,
527 2108 761 2178 reprehensibiles
784 2125 838 2162 non
861 2114 936 2176 sant,
979 2106 1095 2160 cationis
1119 2122 1177 2160 sure
1203 2121 1287 2177 quam
1310 2111 1408 2176 postea
1433 2104 1571 2175 implerit.
1599 2103 1683 2173 Hujus
1700 2115 1747 2170 ergo

140 2194 207 2264 quia
221 2193 288 2249 dum
304 2193 390 2247 vitam
407 2211 487 2248 suam
502 2197 637 2261 relerunt,
648 2196 766 2250 aliorum
784 2198 891 2251 animas
902 2198 938 2252 nd
980 2195 1106 2266 exemplo
1121 2193 1267 2248 erudimur
1280 2192 1505 2247 adversariorum
1523 2208 1644 2263 pugnum
1658 2196 1683 2244 et
1691 2204 1747 2243 eons-

140 2280 227 2335 ritam
249 2286 388 2351 quaerunt.
413 2282 454 2336 Dc
478 2283 579 2353 quibus
602 2290 697 2337 tamen
719 2286 862 2339 sciernlmn
884 2293 936 2351 est,
981 2290 1076 2337 tanter
1090 2290 1230 2354 appetere,
1245 2288 1273 2336 et
1286 2283 1440 2352 prudenter
1453 2281 1605 2353 aliquando
1623 2278 1746 2335 declinere.

135 2369 207 2441 >quia
219 2385 364 2440 nunquam
375 2369 448 2424 bona
457 2387 508 2424 sua
518 2373 662 2443 detegunt,
672 2374 779 2428 nisieos
788 2383 836 2428 aut
849 2375 939 2447 proni·
1430 2425 1439 2437 ‚

140 2474 251 2514 morum
274 2458 391 2524 utilitas
414 2465 463 2515 aut
478 2468 553 2515 certe
576 2463 662 2516 nimia
681 2465 832 2518 necessitas
847 2472 936 2534 cogat,
1277 2423 1396 2480 CAPUT
1417 2425 1480 2479 m

139 2545 209 2602 sicut
233 2553 300 2603 tuno
322 2549 487 2619 Apostolum
512 2551 612 2622 coegit,
635 2553 710 2606 unde
725 2555 783 2623 ipse
802 2554 871 2607 dixit
888 2572 892 2604 :
907 2555 939 2610 Si
1015 2553 1177 2620 Sr'pleriari
1188 2555 1365 2619 oportetrmn
1373 2549 1480 2619 reperiit
1488 2549 1608 2619 periclem.
1621 2547 1647 2602 Si
1656 2544 1744 2618 gloriari

139 2638 376 2706 alorr'arioportet,
391 2644 420 2693 et
430 2656 526 2693 revera
541 2642 695 2711 oportebat.
706 2643 777 2713 Ergo
788 2643 938 2712 siglorian-
979 2658 1024 2695 me
1035 2647 1144 2714 eportet
1155 2647 1268 2712 propter
1277 2639 1397 2694 salutern
1410 2638 1530 2692 alioruin
1543 2644 1571 2692 ot
1581 2635 1743 2691 necessitatem

140 2725 208 2782 dum
222 2731 264 2781 est
279 2727 449 2788 Christiano,
465 2728 494 2782 in
510 2729 668 2782 humilitate
690 2738 732 2784 est
746 2731 937 2801 gloriandum.
980 2730 1242 2802 supradictamque
1251 2727 1448 2800 compellor·,in
1459 2728 1512 2781 hoc
1526 2722 1743 2799 possumgloriari,

175 2816 246 2870 Deus
259 2820 284 2870 et
296 2817 378 2870 Pater
390 2817 504 2871 Doniirn'
518 2821 607 2870 riustri
616 2821 679 2873 Jrsn
696 2820 800 2873 Clnn'sti
809 2824 858 2874 scit
872 2822 938 2888 quia
981 2818 1045 2890 quia
1057 2818 1130 2872 eversi
1142 2816 1585 2888 uranuspersequentium,tamen
1595 2810 1744 2883 nonexpalit,

140 2919 197 2959 nort
211 2909 338 2957 mentior.
356 2904 486 2959 Dicturus
500 2923 558 2960 rem
574 2923 645 2978 pierio
658 2907 852 2961 incredibilem
866 2907 938 2979 qnod
980 2908 1008 2962 ia
1025 2914 1136 2962 estnon
1160 2914 1203 2960 est
1221 2906 1291 2960 milri
1311 2922 1422 2960 necesse
1442 2912 1474 2959 ut
1486 2904 1592 2976 glorier
1608 2921 1613 2957 ε
1634 2903 1743 2975 quianon
1788 2920 1790 2977 g

138 2992 232 3049 iudaei
245 2993 381 3048 inereduli
395 3000 492 3050 contra
508 3012 571 3050 eum
584 2997 720 3068 principes
733 2998 860 3068 gentium
877 3015 940 3052 corr·
981 2997 1051 3067 clegi
1067 2994 1226 3066 superbiam
1243 3001 1271 3048 et
1282 2995 1459 3065 jactantiam,
1473 2994 1524 3049 sed
1541 2992 1717 3048 humilitatem.

141 3081 283 3147 citassent,
299 3097 443 3152 regnaque
457 3089 539 3137 terrae
553 3091 651 3139 contra
666 3087 970 3154 euriiinsurrexerintc
1023 3087 1131 3138 l'eniom
1146 3090 1239 3137 aretem
1254 3086 1290 3136 at
1305 3087 1419 3137 visiones
1429 3089 1455 3137 et
1466 3087 1639 3138 revelationes
1649 3077 1741 3137 rosnat.

142 3168 269 3239 nihilque
284 3169 309 3222 ei
323 3170 480 3236 nocuerint,
493 3172 581 3226 Deum
597 3179 696 3227 testem
713 3175 832 3236 invocat¹
848 3181 879 3229 ut
896 3174 938 3228 la·
980 3172 1113 3229 subaudis
1128 3171 1162 3225 de
1177 3171 1278 3242 quibus
1290 3175 1386 3242 potero
1401 3171 1529 3242 gloriari.
1546 3169 1664 3224 Visiones
1676 3173 1697 3221 st
1710 3179 1741 3218 re

143 3252 225 3312 'cilius
237 3256 377 3311 credatur.
395 3256 518 3329 ideoque
533 3261 600 3314 talin
620 3269 830 3325 coruiuemorat,
848 3269 938 3317 utos·
982 3260 1131 3314 relationes
1145 3258 1256 3313 Domini
1271 3259 1346 3325 dicit,
1359 3259 1434 3331 quod
1447 3275 1536 3314 unum
1553 3264 1604 3324 est,
1619 3252 1741 3328 quascios

143 3343 351 3415 tendatquanta
366 3344 500 3400 distantia
510 3353 553 3401 ost
567 3347 730 3402 interseras
742 3351 882 3421 apostolos
892 3351 940 3421 qui
981 3349 1071 3402 tendit
1087 3348 1236 3405 Dominus.
1263 3349 1344 3402 Nunc
1359 3348 1386 3402 in
1400 3347 1584 3420 sequentibus
1598 3344 1740 3401 dicturusest

143 3437 224 3488 tanta
232 3449 282 3504 pro
299 3432 345 3487 Dei
357 3449 453 3487 amoro
463 3435 648 3501 sustinebant,
658 3445 814 3507 quaerentes
822 3439 939 3492 salutern
983 3438 1090 3510 quasit
1108 3438 1241 3499 elevatus,
1266 3442 1298 3490 ut
1319 3453 1369 3507 per
1392 3437 1444 3491 hoc
1468 3436 1606 3506 possimus
1622 3432 1738 3500 intelligere

144 3521 316 3585 auditorum,
338 3527 367 3576 et
384 3523 633 3593 pseudoapostolos
654 3526 701 3595 qui
721 3527 863 3580 auditores
877 3544 942 3581 suos
984 3534 1088 3598 quanta
1101 3533 1128 3580 et
1142 3526 1234 3597 qualia
1257 3525 1282 3579 ei
1303 3530 1416 3580 ostensa
1430 3530 1459 3580 et
1472 3525 1549 3580 dicta
1563 3531 1627 3579 sunt
1638 3541 1643 3575 :
1654 3518 1737 3576 nesictl

144 3610 346 3682 exspoliabant,
362 3627 417 3665 non
433 3619 590 3683 quaerentes
602 3615 722 3669 salutem
738 3615 859 3669 illorum.
984 3615 1224 3686 pseudoapostolis
1236 3614 1354 3685 aliisque
1365 3615 1516 3668 incredulis
1526 3607 1736 3675 eiectamenta

180 3701 308 3755 Darrtesci
321 3704 481 3770 prepositus
491 3705 675 3770 perstantem
690 3708 761 3771 repis
778 3707 942 3758 custodiebat
984 3704 1093 3758 caeteris
1107 3703 1239 3773 apostolis
1253 3703 1281 3756 in
1296 3703 1390 3773 gratia
1402 3704 1574 3768 crederetur,
1591 3698 1735 3774 quuiurisue·

145 3788 283 3844 civitatem
294 3790 525 3843 Darnasccnoram
542 3793 878 3860 ntniccorrrprclrrmlerrt.
894 3794 944 3846 Da·
986 3791 1113 3846 sissimus
1136 3791 1174 3846 sit
1194 3797 1317 3856 vocatus,
1345 3798 1373 3845 et
1395 3791 1548 3848 Dominum
1569 3781 1735 3864 prasentenit

147 3892 257 3932 muscus
270 3875 366 3931 civitas
381 3883 422 3932 est
439 3880 601 3950 metropolis
618 3881 714 3951 Syriae,
731 3898 814 3951 queem
826 3882 944 3935 melifica-
985 3897 1068 3935 carne
1087 3897 1143 3934 non
1157 3879 1265 3933 uiderit.

147 3964 186 4020 vit
199 3963 352 4021 Damascus
365 3967 480 4034 Elicner,
496 3985 592 4023 servus
603 3969 729 4034 Abrabae,
742 3978 769 4024 et
780 3971 946 4041 iuterpreta-
1015 3969 1074 4024 Scio
1085 3969 1222 4022 lionrinrm
1234 3971 1265 4022 in
1276 3969 1382 4024 Obristo
1392 3973 1456 4022 arete
1469 3984 1561 4022 annos
1575 3960 1738 4038 portanaria
1787 3972 1790 4029 1

125 4110 127 4115 ,
147 4058 195 4109 tur
208 4055 362 4109 Damascus
373 4057 538 4126 sanguinem
554 4057 661 4130 bibens,
674 4061 745 4129 quoii
763 4060 832 4113 licite
845 4075 944 4112 conre-
986 4062 1040 4113 sire
1057 4061 1085 4112 in
1101 4054 1219 4126 corpore,
1236 4060 1290 4111 sire
1309 4063 1386 4111 retra
1401 4073 1500 4126 corpeus
1520 4061 1616 4121 rtcsoio,
1631 4057 1687 4110 bros
1698 4047 1739 4103 Stil,
1787 4050 1790 4107 f

148 4143 191 4199 nit
210 4144 251 4197 illi
266 4144 336 4208 loco,
354 4147 421 4214 quin
443 4145 480 4198 ibi
496 4147 599 4199 ellusus
615 4156 655 4201 est
671 4151 785 4218 sanguis
802 4149 878 4203 ibri.
896 4148 945 4203 llla
988 4152 1098 4213 ruptam
1110 4147 1244 4199 lroininrrn
1256 4129 1746 4214 raperentranamcartenitanu-

149 4237 243 4283 autem
260 4248 321 4300 quse
332 4231 377 4283 hic
391 4232 522 4286 dicuntur
537 4234 571 4286 de
586 4237 728 4302 apostolo,
747 4237 773 4290 in
790 4238 901 4291 exordio
913 4237 945 4289 u·
987 4240 1047 4288 tuin
1057 4232 1228 4287 consuetudo
1239 4240 1281 4285 est
1291 4233 1471 4303 scriptorum,
1488 4232 1537 4303 qui
1550 4218 1754 4286 nobissaenslt·

151 4317 197 4370 dei
219 4319 278 4387 ejus
303 4319 375 4371 lacta
399 4326 476 4388 sunt,
492 4322 603 4390 quando
620 4332 737 4378 caecatus
753 4343 769 4378 n
784 4327 901 4380 Domino
916 4327 961 4380 in·
988 4330 1063 4377 teras
1074 4315 1756 4392 intrasti-antutquandonbaliquoeoremnamur

150 4406 251 4461 itinere
267 4407 417 4477 productus
432 4416 474 4462 est
489 4410 665 4477 Damascum,
679 4414 722 4466 ubi
737 4416 839 4469 iiurnsit
849 4410 1213 4470 diebusDliistoriacurnad
1224 4410 1345 4480 seipsum
1355 4411 1470 4475 venerit,
1479 4409 1561 4464 sicde
1570 4426 1600 4463 se
1607 4395 1762 4478 anqnaut⁶

152 4495 242 4550 tribus
266 4513 321 4550 non
341 4496 439 4550 bibens
459 4514 550 4568 neque
572 4502 751 4555 runrrdueans.
771 4505 868 4558 renen
883 4522 946 4559 sero
988 4502 1043 4555 alio
1066 4501 1214 4571 loquatur;
1234 4499 1307 4552 sicut
1329 4498 1394 4552 fecit
1417 4499 1527 4570 Moyses
1543 4499 1590 4570 qai
1609 4478 1764 4552 diximlrss‘

149 4583 318 4656 baptizatus,
344 4593 372 4639 et
395 4595 507 4656 accepto
531 4604 602 4657 pune
625 4592 806 4651 eorii'ortulus.
824 4593 949 4646 introivit
988 4597 1081 4644 anlem-
1097 4591 1199 4657 illapsas
1220 4592 1265 4641 rir
1281 4590 1444 4641 mitissimas
1458 4604 1544 4657 super
1557 4603 1658 4643 orrracm
1670 4581 1766 4637 tenter!

150 4675 246 4731 statim
262 4674 290 4729 in
306 4675 482 4746 Synagugam
503 4676 664 4731 iudaeorum
687 4685 712 4732 et
733 4681 816 4750 cepit
839 4682 948 4752 publice
989 4681 1082 4743 ptam.
1095 4690 1139 4740 xnt
1151 4696 1156 4744 ;
1170 4675 1257 4730 etlob
1270 4693 1275 4729 :
1290 4678 1406 4733 l'ircrat
1419 4681 1449 4732 irc
1461 4683 1538 4733 tarra
1547 4680 1604 4734 llas
1613 4677 1701 4732 nomine
1708 4652 1773 4720 10⁶

152 4765 304 4835 praedicare
326 4781 429 4818 nornen
452 4765 563 4820 Dornini
577 4767 652 4821 lesu.
671 4769 749 4832 Quod
765 4771 889 4825 ridentes
903 4773 950 4825 lu·
989 4769 1054 4835 (Μ).
1066 4774 1082 4831 tl
1093 4786 1099 4829 ;
1111 4768 1149 4820 sic
1161 4766 1426 4834 beatusMattlraeus,
1440 4784 1504 4822 cum
1515 4767 1545 4822 in
1558 4754 1775 4824 terrenitate*

151 4853 195 4906 doi
224 4855 348 4907 succensi
374 4859 441 4909 sunt
464 4855 531 4919 nelo,
554 4862 582 4910 ot
601 4857 762 4924 quaerebant
777 4860 948 4913 «reensionem
991 4855 1525 4927 nissuaevenissetndseipsum,vidit,
1545 4845 1775 4934 inquinabit?

153 4944 292 5010 quomodo
308 4961 370 4997 euin
388 4946 555 5013 perderent:
573 4947 621 4999 scil
641 4947 707 5000 dum
730 4967 779 5019 per
791 4968 820 5001 se
834 4951 949 5003 ruiriime
991 4963 1056 4999 nuni
1069 4945 1182 5000 rioriiinc
1197 4947 1360 5001 Mattianum
1371 4947 1481 5012 (laerta.
1492 4954 1541 5017 lx),
1556 4964 1610 5002 non
1625 4920 1774 5007 dixibllffl‘

154 5027 206 5081 hoc
219 5031 356 5084 :ardanna
371 5050 464 5102 agere,
489 5037 620 5089 salierunt
636 5038 813 5108 praepositum
830 5039 949 5091 ciiitntis
992 5053 1045 5099 rire,
1058 5035 1104 5089 seri
1117 5035 1156 5088 sic
1168 5052 1196 5088 se
1208 5035 1326 5090 inseruit
1345 5035 1438 5090 ordini
1453 5037 1624 5092 narrationis
1635 5049 1688 5097 suc,
1698 5020 1770 5111 0¹¹¹?

155 5131 239 5182 super
253 5119 304 5171 liae
319 5136 366 5171 re:
383 5130 521 5189 qemenus
545 5126 621 5178 illius
640 5127 742 5179 auxilio
770 5127 949 5197 etperiuissn
990 5126 1154 5179 senissetad
1171 5125 1292 5197 seipsum
1303 5133 1438 5196 tanquam
1452 5142 1549 5181 rerum
1560 5133 1686 5197 gestarum
1697 5117 1768 5168 Μ’·

155 5202 280 5257 milererit
295 5205 372 5258 illum
388 5209 521 5264 occidere.
543 5213 596 5275 Qui
610 5215 703 5267 rolens
716 5215 824 5284 placere
834 5215 946 5280 leideeis,
990 5221 1061 5285 ptiu,
1080 5233 1134 5268 non
1152 5222 1284 5286 tanquam
1299 5215 1421 5287 suipsius
1437 5217 1612 5287 praedicator.
1619 5200 1763 5273 lauanti&

155 5297 182 5344 et
197 5297 327 5346 strenuus
342 5294 370 5347 in
385 5296 475 5350 osticio
488 5299 539 5353 sibi
555 5303 657 5355 credito
668 5305 949 5375 apparerepraeeepit
990 5311 1083 5358 tarrien
1097 5304 1195 5357 beatus
1210 5304 1359 5374 Apostolus
1375 5320 1430 5359 non
1445 5303 1475 5358 in
1488 5306 1613 5373 historia,
1627 5289 1756 5359 ubirtttlm

154 5381 288 5435 custodiri
303 5383 426 5453 unrlique
441 5385 579 5441 civitatem
596 5407 630 5444 ne
645 5392 702 5445 ulle
719 5410 763 5447 mo
775 5393 800 5447 lo
821 5395 897 5448 snus
912 5394 948 5447 ei·
988 5400 1131 5463 gestarum
1151 5393 1301 5464 suscipitur
1323 5394 1486 5465 euprlicrmdu
1513 5395 1652 5461 narratio;
1672 5381 1704 5443 ⁸³⁶
1725 5369 1750 5425 ᾗ

154 5471 251 5541 sugere
265 5472 402 5543 potuisset
418 5491 425 5526 :
442 5475 490 5527 sed
512 5477 562 5529 Dei
582 5480 683 5533 auxilio
699 5492 864 5552 procurante
879 5484 948 5538 eliu-
990 5483 1112 5552 Epistola
1124 5482 1175 5536 lroc
1187 5481 1263 5545 fecit,
1279 5483 1349 5537 sicut
1368 5483 1422 5538 isto
1434 5484 1464 5539 in
1478 5484 1539 5541 loco
1558 5466 1744 5559 apparetubilt

153 5559 238 5632 giteo
252 5561 335 5616 moda
349 5578 404 5633 quo
418 5565 564 5634 sequeutia
580 5568 769 5627 manifestant.
989 5571 1085 5643 quitur
1093 5572 1127 5626 de
1136 5587 1166 5626 se
1174 5586 1258 5627 causa
1267 5571 1523 5646 humilitatisquasi
1531 5574 1567 5632 de
1576 5562 1738 5642 eliminium
