3818 6104
257 222 265 229 ’
341 266 860 331 mosmoauamsmum.
877 268 1092 332 -mamse
1110 272 1137 331 n
1155 269 1296 331 mam.
1587 266 1639 335 aas

109 416 131 456 aa
147 403 315 457 mactatum
329 399 409 454 tibia
422 414 468 455 me
482 402 720 465 commendatum,
736 399 923 469 sinehhujus
951 402 1044 456 secuti
1058 401 1173 456 incerta
1196 406 1263 457 sunt
1288 402 1356 473 quia
1379 402 1543 458 transitoria
1560 406 1636 458 sunt·

109 504 120 553 t,
133 491 374 560 irreprehensibile
388 505 473 556 usqam
482 492 514 543 in
527 493 675 544 orteentam
687 490 801 543 homini
841 503 924 558 quam
940 490 1106 562 pierumque
1119 491 1232 545 amittet
1248 491 1312 545 ilias
1323 491 1409 545 homo
1427 497 1493 546 ante
1507 496 1637 559 mortem,

109 581 170 634 iesu
188 580 303 644 Christi,
314 578 342 632 id
366 582 408 632 est
422 593 568 649 usipueqao
583 579 618 632 ab
632 579 680 631 iiio
693 576 799 630 voceris
840 591 873 629 ex
883 581 1047 633 totoautem
1063 578 1092 632 in
1106 578 1167 650 ipsa
1182 585 1281 633 morte.
1311 579 1434 651 Ideoque
1458 595 1541 635 nemo
1556 578 1641 635 debet

109 672 179 723 rtem
190 668 324 738 corporis,
337 668 380 721 rel
394 684 482 737 usque
494 668 527 721 ad
539 668 614 721 diem
624 666 723 738 judicii
738 681 799 719 ser·
839 680 917 735 apem
930 682 1010 721 suam
1020 668 1048 721 iu
1064 667 1120 721 iliis
1133 682 1246 739 ponere,
1258 670 1305 722 sed
1317 672 1348 722 in
1362 668 1422 734 Deo,
1432 668 1565 724 subaudis
1590 668 1639 723 de·

111 756 799 828 aquisquotideliumhecmandatum,quodsupra
839 752 887 807 bet
901 770 1024 824 sperare,
1045 757 1093 824 qui
1114 761 1229 826 praestat
1253 755 1332 811 nabis
1352 758 1449 812 omnia
1473 758 1584 813 abunde
1603 758 1640 813 ad

109 844 266 906 amandavi,
282 860 371 912 qaaere,
384 843 519 898 subaudis
529 845 679 898 sitientum
685 842 797 897 Domini
840 842 1000 907 fruendum,
1013 844 1041 897 id
1057 848 1100 898 est
1113 846 1264 915 quiomnia
1277 845 1349 900 bona
1359 846 1439 902 nobis
1449 846 1638 914 administrat,

109 934 166 988 iesu
180 932 294 994 Christi,
311 936 370 986 siris
384 936 561 1002 terrrporihas,
576 934 602 986 id
612 940 656 987 est
665 928 796 1002 congruis
839 947 902 1001 quae
912 946 1062 1002 possumus
1077 933 1117 987 ita
1130 934 1277 1004 disponere
1289 936 1319 990 in
1334 936 1475 1006 praesenti,
1500 946 1532 990 ut
1549 936 1579 990 tn
1598 936 1641 991 iu-

109 1021 190 1087 mitis,
207 1023 325 1075 ostendet
340 1024 433 1074 beotns
447 1027 470 1075 ct
493 1024 567 1076 sotiis
579 1028 674 1090 potens
686 1024 739 1076 hec
751 1037 795 1074 rc·
836 1026 901 1073 turo
915 1021 1043 1076 truamur
1056 1023 1283 1077 remuneratione
1298 1038 1404 1078 eorum.
1414 1022 1537 1096 Pracipe
1551 1025 1639 1079 etiam

119 1112 255 1165 Dominus
278 1112 495 1163 doetrinonh'nm.
527 1112 642 1164 beatum
659 1116 688 1163 ct
705 1111 796 1163 solum
838 1108 893 1162 iilis
905 1111 1067 1176 bennonem,
1083 1106 1213 1165 rideticet
1227 1118 1260 1165 ut
1274 1112 1344 1166 bene
1370 1118 1464 1183 agant,
1480 1114 1640 1168 concinant-

109 1214 141 1252 sm
156 1199 318 1268 Regemque
333 1214 430 1266 regum
446 1214 478 1251 ac
493 1198 798 1252 Doniinumdominun·
838 1210 911 1273 rure,
925 1197 954 1250 id
965 1203 1007 1251 est
1021 1199 1155 1252 mortales
1166 1200 1357 1271 screcogitare
1366 1208 1393 1255 et
1407 1202 1496 1257 socios
1506 1218 1567 1257 esse
1576 1202 1638 1256 aliis
1725 1216 1731 1227 ’

109 1286 219 1340 abemus
234 1286 392 1355 intelligere
414 1286 459 1338 hic
480 1292 604 1340 sanemur
618 1286 795 1350 Trinitatem,
839 1283 1000 1339 hominibus
1014 1285 1041 1338 in
1055 1285 1257 1353 fragilitatem
1271 1288 1460 1343 thesaurizare
1472 1288 1525 1343 sihi
1539 1290 1640 1345 ibada-

134 1375 272 1435 ridelicet,
300 1376 411 1435 Filium,
428 1392 460 1428 ac
488 1376 624 1445 Spiritum
657 1380 796 1439 sanctum,
839 1381 967 1428 mentum
979 1373 1083 1428 bonum
1095 1375 1123 1427 iu
1135 1374 1271 1439 futurum,
1291 1376 1320 1428 id
1331 1377 1494 1432 estdivitias
1508 1378 1640 1449 sibiprae-

109 1465 186 1519 >eum
202 1464 432 1533 omnipotentem,
449 1466 496 1533 qui
512 1465 661 1518 adrentum
677 1464 798 1518 horninis
840 1478 939 1532 parare
955 1462 984 1516 in
998 1462 1136 1523 saturum.
1166 1464 1292 1518 iaciendo
1311 1465 1415 1519 amicos
1428 1466 1463 1520 de
1478 1482 1641 1521 mammona

111 1552 133 1607 ti
149 1552 264 1606 ah'crho
278 1552 401 1606 ostendit
416 1552 546 1621 congruis
562 1552 799 1621 temporibusque
838 1549 1005 1620 iniquitatis,
1019 1552 1101 1620 juxta
1125 1553 1199 1621 quod
1212 1552 1348 1606 Dominus
1367 1553 1406 1607 ait
1422 1573 1427 1606 :
1448 1554 1641 1609 Thesaurisate

109 1642 160 1695 chet
171 1645 420 1697 immortalitatem.
431 1643 456 1694 id
472 1648 515 1695 est
525 1642 794 1696 immutabilitatem.
838 1640 911 1692 coia
929 1640 1069 1692 thesauros
1083 1645 1114 1693 in
1130 1643 1213 1694 ento:
1227 1643 1276 1694 ahi
1292 1644 1329 1695 est
1344 1643 1491 1697 thesaurus
1506 1648 1580 1705 tuus,
1598 1646 1639 1698 ibi

112 1732 143 1783 et
166 1731 266 1782 animae
294 1730 441 1783 bominum
466 1731 728 1794 immortatessunt,
749 1732 797 1783 sed
839 1733 1073 1782 estetenrtaam.
1093 1731 1114 1784 Ο
1137 1730 1281 1791 Timotheo,
1307 1732 1470 1798 depositum,
1491 1731 1639 1787 sirecom-

109 1818 208 1872 atione
224 1818 424 1889 omnipotentis
440 1819 499 1876 Dei.
519 1820 599 1888 cujus
616 1818 798 1873 immutabili·
840 1817 1002 1871 mandatum
1018 1820 1132 1877 custodi,
1145 1818 1172 1871 id
1187 1822 1230 1872 est
1242 1818 1363 1888 gratiam
1376 1819 1441 1873 iidei
1456 1824 1485 1874 et
1497 1820 1642 1891 sapientia

109 1922 145 1961 ue
160 1906 283 1965 initium.
301 1924 391 1976 neque
402 1909 486 1960 irritent
501 1906 594 1967 habet,
618 1908 664 1960 isti
682 1909 797 1960 immor·
839 1906 994 1959 doctrinam
1011 1922 1096 1976 quam
1107 1907 1157 1960 tibi
1170 1907 1362 1962 commendavi
1375 1910 1509 1972 devitans,
1522 1910 1579 1964 sire
1591 1911 1643 1965 de·

109 1995 798 2064 insuinquiaeoruminnnortalitasextempore
840 1994 1104 2063 clinansprosanas,
1120 1997 1146 2050 id
1172 2002 1213 2050 est
1242 1996 1413 2065 irreligiosas
1442 2000 1574 2052 novitates
1592 2015 1643 2054 ao·

109 2098 169 2140 sse.
192 2084 240 2136 Vct
257 2089 288 2137 ut
308 2085 429 2153 aiaprlius
452 2085 586 2143 dieamus,
605 2085 633 2138 in
654 2084 705 2137 hoc
725 2083 798 2153 quod
841 2098 913 2136 carna.
929 2083 1000 2137 Sunt
1013 2083 1087 2137 enim
1098 2085 1236 2138 novitates
1254 2100 1352 2138 vocum
1370 2101 1425 2139 non
1439 2086 1571 2156 prosunae,
1592 2088 1643 2142 sed

115 2176 270 2243 potuerunt
282 2173 373 2241 angeli
391 2181 419 2225 et
429 2174 540 2234 anirum,
558 2174 638 2243 quasi
651 2173 799 2226 immorta·
840 2170 988 2240 religiosae,
1005 2171 1078 2226 sicut
1093 2173 1213 2241 tegimus
1228 2173 1302 2242 quod
1313 2173 1341 2226 in
1354 2173 1501 2227 Antiochia
1518 2175 1642 2245 primum

122 2260 247 2315 fuerunt.
260 2262 377 2324 Quando
392 2262 466 2314 enim
483 2263 600 2331 angelus
616 2262 750 2331 peccarit,
770 2260 800 2314 in
842 2259 994 2313 Christiani
1008 2260 1141 2330 appellati
1156 2265 1232 2326 sunt,
1248 2266 1277 2314 et
1290 2261 1364 2315 sicut
1378 2262 1468 2315 saneti
1493 2263 1590 2317 Patres
1608 2263 1639 2318 in

109 2365 159 2404 :am
174 2352 286 2419 erigens
300 2366 339 2415 se,
356 2351 435 2419 cultis
450 2351 489 2404 rei
505 2367 590 2404 eausa
618 2357 743 2404 incitatus
759 2355 801 2404 est
842 2347 949 2417 synodo
961 2362 1065 2402 noriam
1081 2349 1220 2418 quoddam
1235 2364 1338 2402 nomen
1365 2350 1570 2406 adinvenerunt
1588 2352 1640 2406 ho-

109 2455 119 2493 >
136 2438 166 2493 in
180 2440 296 2501 saalum,
315 2439 394 2509 quasi
411 2440 439 2493 in
455 2446 576 2492 mortem
603 2440 712 2499 cecidit,
735 2439 801 2509 quia
843 2439 979 2502 triousion,
994 2435 1022 2488 id
1034 2440 1076 2489 est
1087 2436 1171 2490 uirtus
1187 2436 1351 2491 substantiae
1368 2439 1462 2508 :quod
1475 2440 1501 2493 in
1526 2444 1586 2493 tota
1601 2454 1644 2494 se-

116 2528 223 2600 potuit;
254 2528 384 2581 similiter
408 2529 500 2593 homo,
528 2529 640 2598 quando
661 2529 801 2598 peccando
843 2524 884 2577 ric
898 2524 1055 2579 divinarum
1068 2525 1277 2595 Scriptumrum
1291 2529 1357 2579 ante
1369 2527 1640 2583 nonestinventum.

109 2618 174 2671 ade
190 2617 260 2670 bono
276 2617 304 2670 in
319 2618 423 2670 matun]
442 2617 470 2669 in
499 2622 618 2670 mortem
632 2618 755 2687 eorporis
774 2623 802 2670 et
843 2613 906 2666 Iste
923 2613 994 2667 tales
1008 2613 1146 2667 novimas
1158 2630 1257 2667 vocum
1271 2630 1326 2668 nou
1338 2624 1404 2669 sunt
1419 2620 1516 2670 contra
1533 2616 1643 2687 religio·

110 2706 221 2765 cecidit,
240 2707 358 2774 ideoque
382 2708 458 2758 sotus
483 2705 661 2776 onmipotens
680 2707 755 2759 nous
774 2712 803 2761 et
844 2717 919 2765 nem,
934 2701 983 2756 sed
997 2702 1145 2771 religiosa,
1162 2702 1226 2772 quia
1242 2703 1278 2756 ad
1293 2703 1459 2771 reiigionem
1482 2690 1648 2774 pertinent.¹

109 2795 165 2850 alis
179 2801 276 2848 manet
286 2795 313 2847 in
328 2802 474 2853 aeteruum,
488 2800 511 2845 et
529 2797 613 2846 iissem
634 2795 740 2846 hathtnt
755 2797 800 2847 in-
844 2790 963 2844 Eoontm
974 2797 1040 2844 sunt
1055 2791 1193 2843 novitates
1208 2805 1305 2844 vocum
1326 2793 1461 2861 protanae,
1477 2808 1547 2863 quas
1560 2793 1642 2847 adin-

109 2884 272 2939 diem.Deus
287 2885 465 2953 ianinipotrns
477 2882 521 2934 tux
540 2888 583 2935 est
596 2882 799 2946 substantiatis,
842 2885 980 2933 verterunt
990 2878 1124 2943 haeretici,
1140 2894 1158 2932 a
1172 2878 1274 2948 quibus
1284 2878 1416 2949 praecepit
1425 2880 1576 2951 Apostolus
1591 2881 1640 2935 de-

109 2971 221 3026 uminat
235 2988 346 3024 ‹ininem
362 2971 521 3033 imminem;
536 2969 584 3023 sed
610 2970 632 3023 si
652 2970 800 3023 inaccessi·
842 2965 946 3020 clinare
960 2967 1150 3021 Timotheum.
1170 2966 1202 3020 Et
1214 2966 1307 3020 devita
1321 2966 1405 3021 etiam
1418 2972 1605 3037 appositiones,
1614 2969 1644 3025 id

109 3064 129 3123 t,
145 3075 232 3131 quare
246 3060 311 3112 dicit
327 3059 494 3112 Psatniistat
510 3061 631 3113 Aeratite
651 3061 687 3110 nd
702 3075 764 3111 erere
777 3063 801 3110 et
843 3061 885 3109 est
900 3055 1069 3125 quaestiones
1083 3058 1203 3111 scientie
1214 3058 1282 3122 (uisi
1293 3059 1427 3117 nominis,
1440 3055 1469 3110 id
1496 3061 1539 3111 est
1552 3070 1643 3127 quaes-

109 3148 240 3202 anhimhii
261 3151 341 3218 (Psoi.
365 3148 455 3214 sanni
470 3149 501 3201 ln
517 3148 570 3200 boc
593 3163 659 3216 crgo
672 3152 715 3200 est
729 3120 948 3201 inae-Catones
963 3144 1136 3210 iudeorum,
1153 3159 1223 3213 quas
1237 3139 1329 3197 scierit
1351 3160 1502 3215 opponere,
1526 3162 1588 3216 qua
1605 3146 1644 3201 vi·

109 3237 142 3301 is,
160 3237 226 3307 quia
244 3253 325 3289 neum
342 3241 434 3305 potest
447 3237 580 3289 accedere
594 3236 629 3288 ad
658 3252 733 3297 eum,
747 3236 802 3289 nisi
843 3232 946 3285 dentur
958 3231 1128 3301 quaestiones
1142 3248 1203 3285 esse
1227 3232 1359 3295 scientim,
1379 3233 1429 3288 sed
1452 3233 1521 3288 iaiso
1540 3250 1644 3291 nomen

109 3326 273 3380 attrahatur.
304 3325 355 3388 Qui
374 3341 438 3377 vero
460 3340 476 3377 a
499 3325 557 3378 Deo
578 3324 740 3383 attrahitur,
761 3324 800 3376 itti
842 3320 1092 3384 scientiahubent‚
1115 3320 1181 3390 quin
1210 3336 1266 3373 non
1282 3326 1324 3374 est
1335 3321 1373 3374 ibi
1397 3322 1524 3385 scientia,
1545 3340 1643 3391 qaam,

109 3413 231 3473 scibitis,
249 3430 326 3481 quem
339 3417 435 3465 saisitus
447 3416 517 3466 cidit
531 3415 688 3476 horuimnn,
698 3412 801 3466 subau-
842 3410 986 3462 scientiam
999 3409 1061 3462 taisi
1077 3408 1199 3461 noriiinis
1216 3411 1540 3479 quictampromitteates,
1553 3412 1582 3466 id
1601 3417 1645 3467 est

109 3500 192 3555 aereis
208 3501 305 3561 ocutis,
322 3502 366 3552 sed
382 3517 429 3553 aaa
451 3502 542 3552 i-iitrre
555 3504 651 3566 potest,
671 3499 742 3552 sicut
758 3507 800 3554 est
841 3498 1029 3559 ostendentes,
1047 3505 1181 3568 tanquam
1197 3514 1261 3551 vera
1275 3499 1393 3552 scicntia
1408 3500 1445 3552 sit
1470 3504 1546 3554 circa
1560 3503 1643 3568 tidem

109 3589 248 3651 iisocutis,
265 3590 483 3641 rideturtomen
500 3595 627 3658 expiasti.»
644 3589 801 3641 mentisin-
842 3588 1012 3650 ceciderant,
1030 3586 1057 3640 id
1073 3586 1274 3639 estaseritute
1301 3587 1366 3640 tidei
1395 3587 1480 3640 alieni
1500 3590 1642 3658 pejerunt.

109 3678 238 3733 Jtvieiuus
262 3678 346 3748 iiujus
362 3677 457 3730 sacnti
476 3677 594 3746 pirmixipc
610 3693 665 3729 non
681 3676 800 3730 sublime
842 3675 940 3729 Gratia
956 3675 1007 3729 Dei
1023 3681 1121 3736 tectim,
1136 3674 1270 3729 subaudis
1299 3675 1344 3728 eit.
1362 3677 1463 3740 darien,
1480 3676 1508 3729 id
1531 3681 1574 3730 est
1592 3677 1643 3732 hat

121 3767 150 3821 id
165 3774 209 3820 est
224 3784 279 3820 non
303 3766 458 3837 superbire,
484 3782 573 3834 neque
593 3765 620 3817 in
641 3765 801 3834 superbiam
843 3762 917 3834 quod
931 3779 992 3831 oro,
1005 3765 1049 3817 ael
1068 3776 1164 3819 verum
1181 3762 1314 3831 estquod
1330 3763 1467 3818 hactenus
1480 3763 1547 3831 dixi,
1563 3769 1615 3822 etc.

109 3870 185 3929 seque
202 3872 313 3927 sperare
329 3854 357 3909 in
371 3856 478 3909 incerto
500 3853 673 3911 divitiarum,
693 3853 802 3907 Divitia

340 4147 399 4224 IN
435 4146 743 4223 EPISTOLAh‘I
771 4146 811 4223 11
845 4148 922 4224 AD
952 4146 1296 4227 TIMOTHEUM·

262 4390 532 4447 ARGUMENTUM,
838 4392 981 4447 christum
995 4392 1088 4459 datur,
1103 4393 1168 4464 quia
1180 4393 1210 4447 in
1223 4392 1271 4447 illo
1285 4390 1424 4459 consistit,
1436 4390 1510 4447 sicut
1524 4391 1584 4466 ipse
1595 4391 1641 4446 di·

109 4480 186 4537 idam
204 4480 676 4552 Epistolam'l'imotheoscripsitab
691 4480 761 4534 urbc
781 4496 796 4533 a
838 4481 877 4534 cit
892 4501 897 4534 :
913 4482 1045 4549 tipasam
1068 4485 1124 4546 eia,
1146 4485 1250 4536 veritus
1266 4488 1290 4535 et
1312 4485 1370 4535 cito
1386 4484 1476 4547 idoare.
1492 4480 1566 4550 xrr);
1587 4486 1637 4536 et:

117 4571 152 4627 de
163 4571 357 4625 exhortatione
373 4571 511 4640 martyrii,
528 4578 556 4625 et
578 4571 645 4641 quid
669 4571 795 4624 futurum
838 4573 897 4625 tine
908 4574 1121 4626 cstcitaaternn
1141 4576 1345 4639 atcopnoscont
1365 4574 1397 4631 te,
1411 4575 1435 4623 et
1447 4586 1528 4637 quem
1538 4572 1642 4623 measti

109 4659 218 4732 poribus
230 4660 400 4723 novissimis,
421 4666 449 4713 ct
472 4676 523 4712 sua
549 4660 678 4730 passione
691 4676 696 4721 ;
718 4664 745 4712 et
765 4663 928 4728 utDtcsum
940 4662 1091 4718 Christum,
1100 4676 1187 4714 unum
1200 4664 1228 4712 ct
1242 4674 1337 4711 remim
1351 4659 1437 4711 heum
1451 4658 1544 4725 (tiron.
1556 4659 1635 4725 xvii).

109 4750 222 4803 raretin
233 4749 644 4819 otiiciisrectaepradicationis,
662 4754 794 4803 etsaneta
875 4750 1012 4803 Timotheo
1027 4751 1190 4803 chiarissimo
1202 4749 1270 4813 litio,
1282 4746 1310 4798 in
1330 4746 1426 4798 Graeco
1441 4743 1561 4798 habetur
1572 4758 1639 4814 ger·

109 4852 165 4904 ³¹¹⁸,
179 4843 232 4891 etc·
836 4840 1004 4892 manissime
1014 4837 1104 4903 iratri3
1118 4839 1285 4903 protiosapo
1304 4836 1356 4888 liro
1369 4848 1444 4895 meo,
1455 4835 1502 4885 cai
1516 4835 1603 4887 scruto
1620 4848 1638 4887 α

243 4927 360 4981 CAPUT
377 4926 535 4980 PRIMUM.
832 4926 1066 4995 propraetoribus,
1084 4924 1141 4977 sire
1158 4922 1314 4993 apatribus
1325 4922 1405 4983 meis,
1424 4924 1455 4973 in
1471 4923 1638 4975 conscientia

109 5032 132 5069 rs
142 5019 290 5083 apiostolus.
308 5017 395 5083 Cujus
409 5014 581 5085 Apostolus?
605 5016 707 5069 timisti
730 5018 793 5069 tem
834 5030 918 5083 pinu,
934 5014 962 5067 id
977 5012 1060 5067 estin
1076 5016 1170 5064 mente
1183 5024 1253 5080 pura
1276 5008 1311 5062 ab
1330 5007 1406 5062 omni
1426 5008 1541 5062 fictione
1555 5015 1584 5063 et
1598 5008 1638 5062 si·

109 5109 223 5158 mtntem
243 5106 291 5158 hei
307 5103 407 5167 Patris,
424 5104 571 5157 scoriadam
582 5107 793 5171 procacissimam
836 5103 1001 5164 mutatione,
1021 5100 1094 5171 quod
1109 5100 1169 5152 sine
1180 5096 1514 5152 intermissionehabesm
1525 5098 1567 5152 tui
1581 5114 1638 5153 mc·

109 5208 129 5249 a
141 5199 179 5247 est
195 5197 223 5246 in
241 5195 348 5247 Christo
362 5196 434 5245 resa.
454 5193 527 5245 Deus
552 5192 729 5263 omnipotens
744 5193 794 5246 Pu·
835 5192 963 5246 moriam.
980 5190 1099 5253 Quidam
1112 5188 1221 5241 codices
1235 5186 1356 5240 babent:
1377 5203 1461 5257 quam
1477 5187 1538 5241 sino
1552 5186 1638 5242 inter-

109 5282 245 5337 roceoiuit
256 5282 320 5351 etigi
334 5281 577 5352 perFiiiumsuum
595 5282 712 5335 Paulum
724 5298 792 5352 apo·
834 5281 978 5345 missione,
988 5277 1036 5332 sed
1048 5276 1147 5331 meiius
1157 5284 1200 5330 cst
1210 5277 1302 5331 dicere
1314 5276 1387 5349 quod
1399 5276 1519 5345 tegimus
1531 5276 1560 5330 in
1577 5276 1634 5330 Ge-

116 5372 291 5443 utperiitum
310 5371 712 5440 arinuntiarctprornissionem
730 5371 792 5425 sitae
835 5371 893 5424 nesi
909 5380 978 5436 (cop.
996 5369 1063 5433 xiv),
1081 5364 1154 5437 quod
1177 5366 1320 5420 Abrabam
1350 5370 1507 5420 revertente
1526 5364 1634 5417 acoede

109 5506 113 5523 ‚
129 5467 248 5532 quaeest
262 5460 290 5512 in
313 5460 424 5512 t'luisto
440 5460 516 5515 iesu.
529 5460 555 5512 id
576 5465 618 5513 est
634 5477 694 5530 quaa
709 5460 793 5513 datur
834 5464 956 5532 quatuor
965 5473 1073 5527 regum,
1086 5455 1240 5510 occurrerit
1251 5456 1275 5510 ei
1283 5449 1632 5509 hiciehisedceh.aacerdoa

109 5566 142 5607 :m
152 5549 256 5606 Christi
268 5550 334 5604 Jesu
344 5549 449 5604 eiectis.
465 5549 530 5603 Vita
544 5549 620 5604 enim
627 5554 733 5604 aeterna
741 5565 793 5621 per
832 5549 884 5605 Dei
899 5544 1012 5615 summi,
1023 5549 1052 5602 et
1061 5545 1375 5617 obtuteriteipanemet
1384 5535 1631 5605 vinumauihbra·
