3818 6104
140 239 191 310 li!
605 242 816 305 lusitantes
831 247 872 304 ut
888 247 1047 307 usum
1065 248 1312 308 efflictim.
1720 245 1774 305 tte

140 379 153 427 ι
168 365 198 427 Si
209 365 371 431 nomem
382 367 458 425 nem
471 366 582 438 punios
598 387 612 423 s
629 367 705 427 Male
719 371 821 440 punica
830 379 873 438 tut
884 378 1007 437 sav-Aet
1027 381 1122 431 vetera
1146 378 1286 447 justornm
1310 389 1438 446 personas
1460 373 1589 444 intelligi,
1615 374 1663 445 qui
1681 375 1728 429 vel
1743 375 1774 431 iu

138 454 305 525 pradictum
316 461 369 521 est)
378 454 566 517 rubicundum
579 455 621 513 vel
634 457 819 527 sanguineum
829 461 934 523 babent
974 463 1069 519 Veteri
1085 466 1127 520 vel
1142 465 1172 518 in
1186 465 1263 519 Novo
1275 465 1455 519 'testamento
1469 461 1594 516 fuerunt.
1614 463 1689 516 Dicit
1705 479 1773 533 ergo

138 542 280 608 corticem.
294 548 323 602 et
337 543 399 606 ideo
414 542 574 612 significant
589 545 747 613 passionem
758 547 879 615 Domini,
892 551 935 604 ret
974 550 1105 617 Ecclesia,
1124 553 1236 608 Servari
1250 552 1301 607 tibi
1316 568 1388 606 nova
1406 557 1435 605 ct
1449 556 1553 616 vetera,
1569 549 1597 603 id
1612 554 1664 613 εει,
1680 551 1772 620 justos

138 629 329 695 menrbrorum
342 630 439 701 ipsius.
450 630 524 689 Dicit
536 647 613 701 ergo.
626 652 638 686 ι
652 633 681 688 si
693 634 850 691 tloruerunt
858 639 934 693 malo
974 640 1023 709 qui
1037 642 1065 695 in
1078 641 1172 695 Veteri
1184 642 1364 695 Testamenta
1374 643 1585 710 precesserunt,
1596 637 1640 691 vel
1653 629 1772 692 inNovo

137 717 248 789 11111911,
263 737 277 781 l
293 719 347 779 hoc
368 723 421 784 est.
436 718 460 775 li
482 720 573 780 macti
592 720 712 791 auitam
727 723 781 779 ude
797 731 826 780 et
849 742 934 796 opere
974 726 1115 783 subsecuti
1130 734 1204 791 sunt,
1220 728 1272 782 tibi
1286 727 1402 789 servavi,
1415 732 1448 781 ut
1458 742 1508 797 per
1523 732 1551 779 te
1565 725 1694 780 laborum
1709 740 1773 780 suo·

136 805 253 876 perfecti
268 812 345 872 sunt,
364 807 459 868 idonei
472 808 558 867 etiam
578 808 636 869 viat
654 810 761 871 interi
774 813 932 882 passionem
973 831 1038 869 rum
1051 817 1166 886 premia
1179 816 1365 887 perciperent.
1376 815 1476 870 Nullus
1489 814 1563 868 enim
1572 815 1714 883 iustorum
1727 827 1772 865 re·

136 893 241 959 chassi
254 901 282 959 tl
294 896 354 966 peti
363 895 480 966 broulo.
490 895 680 967 Malepuuica
689 906 771 959 erant
780 901 820 959 illi
831 902 935 972 quibus
972 918 1060 973 gnum
1074 903 1208 956 coelorum
1231 903 1337 957 intrare
1350 903 1447 964 valuit,
1468 901 1522 956 nisi
1535 916 1586 972 per
1601 900 1744 957 christum
1762 917 1771 955 :

135 983 287 1053 Apostolus
300 983 410 1048 dicebat
429 1000 436 1038 ι
460 1005 478 1037 ι
496 984 583 1046 Vobis
595 985 693 1048 datum
714 994 757 1047 sst
771 1005 827 1044 non
842 992 933 1046 solum
974 990 1040 1059 quia
1049 990 1109 1061 ipse
1118 990 1227 1062 primus
1237 991 1372 1056 ascendit,
1380 996 1410 1044 ει
1419 989 1601 1061 sequentibus
1614 988 1673 1043 suis
1683 1002 1772 1043 mem·

135 1086 333 1136 pensaverunt
341 1072 427 1133 etism
438 1078 469 1133 ut
478 1088 529 1142 pro
539 1073 588 1133 itte
598 1074 755 1144 rademini.
766 1096 779 1129 e
789 1078 850 1133 «lbi
861 1079 933 1133 dabo
974 1077 1034 1133 bris
1046 1080 1147 1134 εωιιιιιι
1160 1080 1282 1150 aperuit.

134 1156 184 1222 ilbi
198 1156 290 1223 ubera
303 1175 375 1214 mea·
391 1159 652 1223 intereuntem
662 1163 789 1223 doctores
798 1176 872 1226 sunt.
886 1170 935 1239 qui

136 1244 231 1298 tideles
248 1246 371 1316 primum
386 1247 422 1301 ad
437 1247 521 1301 sidem
532 1249 672 1305 erudiunt.
688 1252 758 1309 Cum
776 1254 934 1325 <inquinari
1264 1221 1381 1279 CAPUT
1399 1219 1480 1291 Vm·

135 1333 231 1401 tineas
257 1334 420 1400 exierimus,
437 1335 475 1391 ibi
499 1336 571 1391 dabo
594 1337 654 1400 tibi,
680 1356 828 1412 oaponse,
847 1343 934 1400 ubera
1013 1334 1109 1409 «Quis
1120 1335 1190 1391 mibi
1199 1335 1412 1391 dottelratrcm
1423 1352 1517 1390 meum
1526 1339 1673 1406 sugentem
1683 1335 1772 1390 ubera

136 1423 353 1488 mentionees
380 1423 435 1489 tibi
458 1424 531 1488 tilios
556 1427 706 1495 generabo.
736 1428 816 1486 Unde
843 1433 935 1489 adhuc
974 1423 1075 1479 matris
1089 1425 1202 1479 meast»
1219 1425 1257 1478 Ex
1270 1424 1316 1479 bis
1329 1424 1418 1479 verbis
1433 1425 1600 1494 intelligitur
1614 1425 1773 1481 totumhoc

135 1508 290 1575 subditur:
975 1527 1089 1569 carmen
1111 1514 1237 1570 divinum
1259 1531 1320 1568 esse
1341 1520 1371 1570 et
1388 1514 1542 1585 spirituale,
1557 1523 1586 1568 et
1604 1513 1675 1566 nibil
1693 1511 1722 1565 in
1742 1526 1774 1566 se

173 1596 932 1674 ‹Mendrsaoredederuntodoremiopomsnostrts.»
975 1600 1050 1667 quod
1067 1601 1149 1669 tuate
1164 1602 1289 1659 litteram
1306 1603 1427 1671 intelligi
1448 1602 1545 1672 possit,
1571 1600 1683 1655 habere.
1705 1599 1774 1663 Qua

132 1684 326 1758 blandragom
341 1687 427 1755 herba
440 1695 484 1747 est
497 1691 660 1757 aromatica,
672 1694 753 1762 cujus
763 1695 842 1772 radix
857 1696 934 1753 simi·
943 1683 967 1761 ll
977 1687 1051 1745 enim
1062 1703 1186 1758 unquam
1195 1690 1314 1745 amatrix
1324 1691 1376 1743 boc
1384 1690 1489 1760 optavit
1498 1694 1531 1744 ut
1541 1689 1566 1743 is
1574 1704 1659 1759 quem
1668 1686 1772 1757 diligit,

132 1771 286 1843 titudinem
296 1774 382 1854 babet
395 1776 512 1846 humani
522 1779 656 1849 corporis.
668 1781 755 1837 Poma
765 1784 826 1851 ejus
835 1786 934 1854 optimi
975 1777 1108 1846 parvulus
1131 1777 1277 1839 efficiatur,
1299 1784 1327 1834 et
1346 1778 1406 1848 eius
1424 1777 1520 1841 trater,
1541 1781 1570 1831 et
1587 1777 1617 1830 in
1635 1776 1773 1839 intentem

132 1868 202 1933 parit
216 1862 323 1929 oanis,
334 1865 364 1931 ia
379 1864 594 1932 similitudinem
606 1868 681 1937 pomi
698 1869 815 1929 uariam
825 1882 846 1935 ⁸,
859 1874 934 1942 quoe
975 1878 1072 1919 vei-sus
1085 1872 1168 1942 suget
1182 1865 1267 1935 uasis
1283 1866 1475 1922 matrissuae?
1492 1867 1540 1922 sse
1551 1881 1618 1934 soso
1632 1881 1683 1923 vox
1696 1864 1773 1930 sutas

129 1951 223 2015 nostri
236 1956 321 2017 terras
334 1953 438 2019 melum
450 1961 558 2019 vocant·
571 1957 635 2022 liaec
646 1956 733 2019 herba
744 1959 829 2013 rebus
843 1962 933 2017 medi.
975 1951 1113 2014 ecclesis.
1131 1968 1193 2028 quse
1215 1954 1365 2011 adveutum
1388 1953 1493 2009 Christi
1515 1951 1664 2023 precessit,
1686 1966 1773 2022 quam

129 2037 272 2105 vinalibus
283 2041 428 2111 aptissimo
442 2047 493 2103 est.
511 2043 584 2097 Nam
600 2044 695 2111 terunt
709 2048 814 2117 eosqui
829 2048 934 2104 iucom·
976 2040 1154 2111 synagogam
1179 2042 1217 2105 tid
1239 2048 1282 2099 est
1306 2042 1563 2115 congregationem
1586 2040 1771 2110 appellamus.

129 2127 219 2195 tpodo
229 2128 389 2199 uigiliarum
402 2129 540 2196 laborant,
555 2131 659 2191 haustu
674 2133 758 2203 hujus
771 2137 846 2206 pomi
861 2137 933 2199 retra
977 2129 1073 2192 «Quis
1082 2129 1198 2200 (inquit)
1207 2130 1275 2189 mibi
1286 2130 1334 2187 det
1347 2135 1375 2185 te
1389 2130 1505 2191 tratrem
1517 2144 1611 2183 rneum
1623 2132 1773 2197 sugentem

126 2215 202 2278 veri,
215 2221 245 2270 et
255 2233 336 2286 posse
346 2218 478 2277 dormire.
491 2220 562 2273 item
572 2220 666 2275 serunt
678 2224 781 2294 eosqui
792 2222 934 2287 obcarsm
975 2216 1063 2280 ubera
1074 2218 1174 2279 matris
1186 2218 1273 2273 vueae‘l
1286 2238 1298 2270 s
1313 2219 1345 2278 ut
1359 2223 1402 2275 est
1415 2233 1523 2280 sensus,
1534 2217 1576 2270 TU
1587 2216 1635 2285 qui
1647 2215 1774 2271 ¹1¹⁰(lO-08

125 2304 248 2363 seeum
271 2310 348 2370 sunt,
365 2306 389 2373 st
408 2307 574 2371 exteriorem
594 2308 680 2379 hunul
700 2312 777 2381 pomi
802 2313 933 2369 corticem
975 2305 1006 2359 io
1020 2306 1083 2368 sinu
1098 2306 1200 2369 Patris,
1213 2307 1277 2377 quis
1288 2307 1337 2365 det
1350 2313 1383 2365 ut
1395 2306 1479 2363 bomo
1493 2304 1633 2367 etlioiaris,
1647 2309 1676 2361 et
1687 2303 1774 2374 parti·

127 2388 265 2455 biberint,
288 2409 345 2455 non
363 2395 468 2453 sentire
482 2395 633 2451 sectionem
651 2398 692 2451 vel
708 2400 885 2461 adustionem
903 2398 929 2459 b,
976 2410 1041 2464 ceps
1055 2410 1087 2449 ac
1101 2411 1216 2451 consors
1231 2411 1302 2455 meas
1316 2402 1424 2452 nature
1442 2395 1573 2458 existens,
1589 2393 1677 2449 irater
1691 2407 1774 2448 meus

131 2479 201 2552 Qua
210 2481 307 2547 opinis
319 2481 343 2535 si
361 2482 423 2552 quis
435 2483 554 2552 mystice
568 2484 724 2554 disquirere
739 2489 866 2553 voluerit,
880 2491 935 2560 spi.
975 2483 1142 2562 appelleris?
1156 2484 1227 2541 Nam
1239 2484 1336 2554 ipsese
1346 2482 1663 2553 tratremapostolorum
1674 2496 1774 2537 vocare

136 2567 253 2626 rituales
261 2586 361 2635 sensus
371 2576 400 2624 et
408 2571 538 2637 Ecclesiae
548 2573 742 2631 convenientes
753 2575 790 2641 ibi
800 2577 932 2637 inveniet.
976 2571 1109 2640 dignatus
1119 2580 1171 2635 est.
1183 2572 1278 2633 dicens
1288 2589 1338 2642 per
1351 2572 1530 2632 psalmistam
1544 2589 1549 2623 :
1562 2589 1575 2623 ι
1587 2569 1714 2625 Narrabo
1724 2585 1773 2625 so·

140 2655 208 2727 llicit
217 2675 296 2729 erga,
306 2677 320 2713 c
329 2659 520 2730 Mandragore
531 2661 668 2723 dederunt
678 2664 793 2727 odorem
804 2666 833 2729 in
846 2669 934 2736 portis
976 2675 1042 2713 men
1052 2666 1131 2719 tunm
1144 2661 1277 2721 tratribus
1292 2660 1370 2715 meis.
1387 2680 1397 2711 ι
1414 2661 1448 2719 Et
1462 2665 1525 2730 post
1538 2658 1772 2715 resurrectionem

137 2747 247 2819 nostris.
266 2765 280 2812 ε,
296 2747 389 2817 Partes
412 2748 541 2817 Ecclesiae
562 2757 629 2815 sunt
651 2754 769 2820 apostoli
790 2760 819 2809 ει
836 2771 933 2817 eorum
976 2748 1176 2813 mulieribus«
1193 2748 1246 2811 lte,
1260 2749 1361 2819 inquit,
1374 2748 1501 2807 nuntiate
1515 2746 1648 2805 tratribus
1664 2746 1772 2804 meis.»

142 2849 321 2906 snccessqres,
334 2837 401 2907 quia
414 2853 497 2907 nemo
510 2837 651 2903 civitatem
666 2840 768 2910 Deitid
783 2847 826 2906 est
841 2843 934 2905 Εεειε-Ι
978 2837 1165 2906 «Segestem
1185 2837 1274 2893 ubere
1288 2837 1385 2893 matris
1399 2853 1478 2898 mess.
1495 2855 1510 2896 n
1525 2834 1626 2905 inquit,
1646 2834 1701 2893 boc
1717 2838 1771 2901 est,

140 2920 218 2995 atam)
229 2922 329 2989 intrat,
342 2923 397 2991 nisi
411 2941 461 2996 per
474 2930 584 2983 sanctas
594 2925 720 2989 doctores
734 2944 809 2998 equa
826 2928 934 3001 baptis-
975 2924 1138 2995 implentem
1149 2926 1244 2985 omnia
1255 2942 1317 2995 qne
1331 2930 1440 2986 nature
1450 2925 1580 2983 humente
1591 2922 1771 2989 conveniunt,

140 3011 218 3082 testis
229 3017 415 3084 regeneratus
422 3013 533 3079 etvitati¹
541 3013 670 3081 doctrina
677 3015 832 3084 instructas
838 2988 965 3085 tuerint}-
975 3021 1089 3082 excepto
1099 3020 1221 3083 peccato.
1239 3015 1312 3071 Nam
1326 3021 1417 3074 mater
1431 3014 1586 3084 synagoge
1598 3011 1628 3068 in
1643 3011 1696 3071 hoc
1710 3011 1774 3071 lone

141 3096 176 3163 Ile
187 3098 232 3154 bis
246 3100 338 3170 portis
350 3098 501 3169 Psatmista
515 3100 640 3169 dicebat:
660 3123 672 3155 s
686 3104 785 3175 Diligit
798 3106 934 3173 Dominus
975 3103 1037 3173 ipsa
1050 3102 1176 3163 humana
1199 3107 1301 3164 nature
1321 3102 1497 3172 intelligitus,
1516 3101 1552 3165 de
1570 3117 1626 3179 qua
1641 3102 1704 3171 ipsa
1718 3100 1772 3171 Sys

140 3191 230 3257 portas
241 3188 310 3253 Sion
320 3204 405 3258 snper
419 3189 514 3254 omnia
528 3189 710 3255 tabernacula
720 3193 805 3255 Jacob
829 3195 934 3257 »Man-
975 3206 1085 3261 nagoga
1095 3195 1191 3249 exorta
1204 3195 1255 3251 est.
1269 3211 1280 3240 r
1293 3191 1444 3259 sugentem
1455 3187 1569 3259 (inquit)
1579 3189 1666 3252 ubere
1675 3188 1773 3249 matris

141 3273 263 3345 derare
278 3281 375 3341 nutent
390 3276 718 3347 tregrentiemvirtutum
732 3282 888 3353 designant.
902 3285 935 3344 ln
975 3295 1053 3341 mem,
1079 3297 1092 3330 ι
1116 3278 1144 3332 id
1166 3283 1219 3343 est,
1241 3278 1427 3339 sustinentem
1452 3276 1547 3340 omnin
1564 3293 1625 3347 que
1644 3277 1776 3353 humana

141 3363 223 3433 1111118,
234 3380 303 3433 ergo
315 3364 442 3431 Ecclesiae
456 3367 648 3437 mandragorae
658 3369 772 3431 odorem
783 3371 932 3439 dederunt,
975 3366 1120 3437 tragilitsti
1137 3372 1310 3437 competunt.
1322 3385 1335 3419 ι
1347 3367 1384 3429 Ut
1397 3367 1537 3423 inveniam
1552 3371 1582 3427 te
1596 3365 1675 3425 toris.
1689 3366 1776 3427 »llos

143 3451 247 3520 quaudo
262 3453 384 3522 apostoli
398 3455 440 3507 vel
455 3471 629 3520 successores
641 3473 738 3521 eorum
753 3459 856 3521 famam
871 3479 934 3519 sua·
974 3464 1027 3519 est,
1043 3463 1075 3513 ut
1095 3455 1237 3515 hominem
1259 3456 1362 3513 sactum
1385 3455 1413 3517 in
1435 3460 1534 3525 aperto
1552 3453 1671 3516 videam.
1688 3453 1776 3517 Quasi

144 3537 254 3595 111111ῦέ
264 3541 407 3611 opinionis
421 3551 447 3605 et
459 3543 572 3601 odorem
583 3544 717 3609 virtutum
731 3547 812 3618 longe
823 3549 935 3620 lateque
975 3545 1051 3600 enim
1066 3545 1141 3599 intus
1156 3550 1217 3599 erat
1233 3546 1314 3607 Deus,
1335 3560 1399 3597 cum
1412 3544 1470 3613 jem
1487 3544 1516 3601 in
1540 3543 1603 3597 sinu
1617 3543 1774 3612 majestatis

145 3630 932 3704 1181801111·Ιάεοᾳιιείριίιειερειιειιιιιειιιιιιιιιιιειιίιιι,
975 3640 1098 3702 paternas
1129 3632 1238 3699 lateret,
1266 3632 1314 3684 sed
1342 3630 1409 3684 toris
1432 3631 1562 3695 inventus
1583 3635 1635 3695 est,
1661 3630 1775 3709 quanda

148 3715 203 3784 quia
214 3718 275 3786 jam
290 3733 394 3784 nomen
409 3720 471 3788 ejus
493 3719 576 3789 longe
597 3721 709 3792 lateque
728 3739 779 3793 per
792 3725 934 3795 apostolos
974 3721 1059 3785 bomo
1077 3721 1167 3787 tactas
1182 3718 1306 3775 sobolem
1326 3719 1408 3786 vitem
1425 3734 1455 3773 se
1470 3718 1631 3779 hominibus
1643 3716 1774 3788 praebuit,

150 3806 331 3873 annuntiatur,
353 3812 382 3872 et
401 3807 471 3872 odor
494 3809 700 3878 predicationis
717 3812 822 3875 Christi
851 3814 935 3885 longe
976 3813 1005 3862 et
1016 3807 1303 3878 incomprehensibilis
1314 3807 1401 3862 voluit
1412 3807 1621 3878 comprehendi.
1634 3826 1646 3865 ι
1660 3806 1694 3873 Et
1705 3804 1775 3869 deor,

152 3888 246 3963 lateque
261 3893 472 3964 dispergitum
488 3896 590 3961 Omnia
604 3915 688 3968 poma
702 3915 772 3961 nova
787 3907 816 3954 et
829 3909 933 3968 vetera,
976 3896 1067 3960 sculcr
1085 3903 1121 3948 te.
1142 3915 1154 3947 s
1170 3896 1204 3962 lit
1222 3895 1366 3957 deosculor
1380 3900 1418 3960 te,
1435 3895 1538 3965 inquit,
1559 3895 1587 3963 id
1609 3901 1661 3959 est,
1682 3894 1777 3962 pieni-2

154 3977 236 4034 dilecte
250 3984 300 4045 mi,
314 3983 420 4036 servavi
434 3983 495 4037 tibi.
514 4004 525 4034 s
542 3983 574 4038 Id
589 3992 641 4051 est,
658 3996 797 4059 precepta
809 3991 852 4044 vel
871 4008 934 4061 pro-i
976 3985 1049 4051 setta
1074 3989 1103 4039 te
1123 3983 1255 4053 aspicieus
1277 3982 1391 4049 visione,
1415 3999 1500 4054 quem
1523 3999 1597 4052 111111ο
1619 3982 1777 4051 11111ιῦ11111

156 4066 224 4133 uisas
243 4070 356 4139 Veteris
380 4071 552 4140 Testamenti
577 4080 605 4128 ct
626 4075 696 4139 Novi
712 4079 819 4137 servavi
840 4078 935 4149 etuas
977 4071 1043 4133 srdei
1071 4076 1152 4127 tenea
1178 4071 1281 4135 osculo,
1315 4071 1389 4140 quod
1417 4070 1498 4141 initio
1526 4071 1609 4140 huqu
1642 4071 1777 4137 carminis

158 4150 237 4224 dilostc
248 4157 298 4211 mi.
311 4159 424 4225 Sciebat
436 4160 510 4227 enirn
521 4162 615 4228 omnia
625 4180 686 4233 ques
697 4164 726 4230 ip
738 4165 833 4221 Veteri
842 4167 936 4225 Testa,
978 4159 1092 4229 optavit,
1108 4158 1204 4227 dicens
1220 4174 1227 4228 ς
1246 4178 1257 4210 r
1275 4159 1425 4223 osculetur
1445 4176 1490 4228 me
1504 4159 1599 4221 osculo
1615 4158 1740 4229 misssi,
1761 4178 1775 4227 a

160 4247 411 4315 ltentoanpantiata
424 4255 500 4315 sunt.
512 4265 568 4305 non
583 4251 637 4304 nisi
652 4268 702 4321 per
712 4253 853 4320 Christum
866 4262 895 4323 ot
907 4249 1006 4321 inDid
1020 4255 1071 4303 est.
1090 4264 1139 4319 per
1163 4248 1346 4319 semetipsum
1366 4251 1425 4320 jam
1441 4249 1534 4313 veniet
1553 4254 1586 4303 ut
1605 4249 1674 4317 mihi
1689 4265 1777 4321 appa:

161 4324 247 4398 illisio
261 4351 344 4406 posse
363 4337 507 4406 compleri.
524 4339 647 4410 Ideoque
664 4340 783 4407 dicebat,
799 4342 859 4408 Tibi
875 4360 935 4400 ser·
977 4343 1047 4403 reat.
1069 4337 1154 4401 Quasi
1178 4337 1253 4393 enim
1277 4354 1328 4411 per
1352 4338 1504 4409 prophetes
1527 4337 1706 4407 osculabatur
1724 4339 1777 4405 an

162 4420 204 4490 levi
222 4439 302 4495 tame
317 4431 430 4493 povaet
445 4432 547 4488 vetere,
564 4427 616 4481 hoo
634 4435 686 4495 est,
703 4436 731 4483 te
746 4437 886 4501 exspecto,
905 4440 938 4489 ιιι
978 4426 1092 4481 clettam
1119 4425 1248 4493 (tilectus.
1277 4443 1342 4481 cum
1372 4428 1523 4495 adventum
1551 4443 1634 4495 suum
1657 4443 1707 4497 per
1729 4443 1779 4497 ent

162 4509 404 4583 Pelleimplcpptur
414 4513 443 4583 ip
454 4515 530 4569 Novo
540 4515 721 4582 Testamenta
732 4535 793 4588 quse
804 4519 937 4588 praedicta
977 4516 1196 4586 repromitteret.
1214 4516 1301 4587 Optat
1319 4532 1386 4586 ergo
1405 4521 1437 4570 ut
1456 4532 1505 4585 per
1524 4515 1647 4585 seipsum
1663 4515 1778 4584 verriana

164 4602 210 4685 11111
220 4597 245 4670 in
255 4599 360 4667 Veteri.
375 4601 454 4669 Unde
467 4609 496 4669 et
505 4604 534 4671 ip
545 4608 734 4676 passionesus
741 4608 800 4676 tam
811 4607 936 4678 pendens
976 4603 1054 4673 ittam
1071 4604 1222 4669 osculetur,
1239 4604 1290 4661 hoc
1310 4608 1354 4657 est
1374 4604 1403 4657 in
1424 4619 1508 4659 carne
1527 4619 1578 4656 sus
1596 4601 1786 4673 presentiam=

164 4692 342 4755 iteratarum
352 4699 495 4760 gustasset
501 4698 622 4759 acetum,
634 4694 716 4761 dixit:
729 4713 742 4747 v
754 4696 936 4763 Consumma-
978 4691 1116 4753 exhibeat.
1128 4713 1139 4743 ι
1155 4692 1188 4746 Et
1196 4693 1257 4762 jam
1269 4707 1315 4745 me
1328 4706 1410 4761 nemo
1421 4690 1566 4760 despiciat.
1582 4712 1592 4738 ι
1604 4689 1690 4757 Quasi
1701 4688 1777 4767 epira

164 4770 207 4837 tvn
214 4782 258 4843 est.
271 4798 282 4829 v
294 4778 330 4847 lit
338 4787 402 4850 post
415 4783 647 4849 resurrectionen]
656 4785 803 4853 apostolis:
816 4786 935 4841 Necesse
977 4780 1108 4854 despecte
1127 4787 1188 4833 erat
1208 4785 1273 4841 ante
1292 4780 1441 4849 Synagoga
1455 4793 1540 4847 quam
1555 4776 1683 4847 cbristus
1697 4775 1776 4847 vetri-

165 4861 302 4938 etinpteri
315 4867 411 4929 omnia
426 4885 487 4940 qne
501 4871 606 4942 scripta
623 4877 689 4935 sunt
706 4872 735 4939 ip
751 4872 812 4942 lege
826 4879 855 4937 et
870 4891 935 4945 pro·
977 4876 1031 4944 ret,
1043 4868 1180 4940 quiajam
1196 4867 1332 4939 legalibus
1346 4864 1585 4933 observationibus
1602 4864 1708 4938 dedite,
1725 4864 1778 4936 stult

164 4943 231 5019 lists
242 4960 270 5023 et
285 4955 404 5029 psalmis
416 4957 452 5011 de
465 4974 520 5012 me.
532 4959 653 5027 Possunt
667 4960 753 5015 etiam
767 4977 851 5032 poma
865 4978 936 5030 nova
977 4961 1045 5031 typo
1059 4961 1088 5010 et
1102 4957 1202 5027 figura,
1219 4965 1247 5010 ct
1261 4971 1317 5011 non
1332 4955 1361 5008 in
1374 4953 1491 5019 veritate
1504 4953 1656 5025 adventans
1671 4953 1777 5027 cbristi

185 5073 284 5132 alama
299 5077 425 5133 Matiana
437 5079 532 5133 Romae
543 5080 665 5134 Maximo
677 5083 705 5135 in
718 5083 824 5137 honore
837 5083 933 5145 tuisse,
976 5082 1084 5136 Plinius
1096 5081 1144 5134 lib.
1163 5094 1205 5143 xv,
1221 5095 1281 5149 cap.
1297 5078 1348 5145 tt;
1374 5093 1455 5148 quem
1477 5094 1509 5130 ex
1527 5077 1651 5147 equestri
1666 5078 1774 5144 ordine,

163 5138 278 5220 lllecme
291 5149 414 5219 quodam
427 5166 507 5220 pago,
522 5152 549 5204 in
560 5151 677 5220 Alpibus
688 5154 741 5207 sito
751 5171 837 5225 prope
849 5155 937 5224 Aqui·
976 5153 1095 5223 Augusti
1107 5152 1240 5213 naricum,
1252 5156 1279 5203 ει
1289 5148 1422 5205 arborum
1435 5149 1619 5205 serendarum
1629 5150 1778 5207 studiosis.

164 5206 234 5277 tiam.
253 5227 376 5289 testatur
401 5222 550 5289 atheneus
571 5223 609 5275 lib
640 5238 681 5291 ut,
698 5241 757 5294 cap.
777 5226 801 5279 l.
823 5226 855 5279 Et
872 5226 936 5291 binc
977 5226 1080 5283 sisium
1097 5223 1181 5275 tuisse
1194 5221 1280 5276 tradit
1295 5220 1341 5274 lib.
1356 5237 1401 5279 sn.
1418 5237 1478 5290 cap.
1496 5221 1522 5288 i,
1540 5221 1619 5293 bprr.

164 5293 331 5353 memorantur
357 5291 496 5345 veteribus
519 5309 574 5346 non
599 5295 695 5360 semel,
720 5304 750 5351 ιιι
776 5295 935 5359 Cotuinellm
1015 5287 1076 5347 eux
1094 5292 1235 5365 bispatet,
1254 5292 1414 5353 uttradunt
1435 5292 1520 5345 etiam
1536 5276 1593 5352 alii,
1611 5291 1669 5362 jam
1687 5290 1778 5363 mcdiq

162 5342 319 5431 ltinecsp.
336 5356 433 5425 11119,
452 5367 480 5414 ει
499 5363 615 5417 tlarrob.
633 5364 680 5418 lib.
700 5380 728 5422 ιι,
748 5383 808 5436 cap.
826 5366 871 5425 15.
888 5367 934 5420 ubi
977 5381 1034 5419 mro
1049 5364 1195 5433 chirurgos
1215 5363 1242 5415 in
1266 5365 1422 5416 exsectione
1446 5360 1637 5416 membrorum
1655 5362 1696 5415 vel
1711 5377 1778 5443 eaq-

161 5420 298 5485 ltdiversis
310 5431 448 5487 melorum
459 5438 487 5487 et
499 5434 624 5500 pirorum
637 5436 871 5507 generibusagit3
888 5454 934 5490 ca·
976 5435 1141 5490 terisatione
1166 5434 1310 5487 vulnerum
1333 5433 1491 5488 somniferis
1508 5433 1667 5504 plantarum
1690 5444 1779 5485 succis

161 5507 201 5563 tut
211 5516 227 5555 ι
239 5503 305 5571 Gaio
321 5502 364 5557 vet
381 5504 458 5558 cnse
480 5506 565 5567 Matio
578 5522 682 5562 nomen
703 5506 806 5563 bebere
831 5509 936 5571 indicet
977 5506 1131 5578 patientem
1146 5506 1239 5577 sopire
1255 5505 1362 5569 solitos,
1380 5506 1420 5563 sic
1435 5505 1539 5562 doloris
1555 5504 1685 5561 inscium.
1696 5501 1779 5566 une.
