<?xml version="1.0" encoding="UTF-8"?>
<!DOCTYPE html PUBLIC "-//W3C//DTD XHTML 1.0 Transitional//EN"
    "http://www.w3.org/TR/xhtml1/DTD/xhtml1-transitional.dtd">
<html xmlns="http://www.w3.org/1999/xhtml" xml:lang="en" lang="en">
 <head>
  <title>
</title>
<meta http-equiv="Content-Type" content="text/html;charset=utf-8" />
  <meta name='ocr-system' content='tesseract 3.04.00' />
  <meta name='ocr-capabilities' content='ocr_page ocr_carea ocr_par ocr_line ocrx_word'/>
</head>
<body>
  <div class='ocr_page' id='page_1' title='image "./patrologiaecurs31unkngoog_0291.png"; bbox 0 0 3818 6104; ppageno 0'>
   <div class='ocr_carea' id='block_1_1' title="bbox 127 234 1764 307">
    <p class='ocr_par' dir='ltr' id='par_1_1' title="bbox 127 234 1764 307">
     <span class='ocr_line' id='line_1_1' title="bbox 127 234 1764 307; baseline -0.006 -1"><span class='ocrx_word' id='word_1_1' title='bbox 127 247 179 307; x_wconf 73' lang='lat' dir='ltr'>bil</span> <span class='ocrx_word' id='word_1_2' title='bbox 359 249 547 306; x_wconf 71' lang='lat' dir='ltr'>helnonis</span> <span class='ocrx_word' id='word_1_3' title='bbox 562 250 806 305; x_wconf 67' lang='lat' dir='ltr'>manasset.</span> <span class='ocrx_word' id='word_1_4' title='bbox 822 249 934 304; x_wconf 83' lang='lat' dir='ltr'>EPISC.</span> <span class='ocrx_word' id='word_1_5' title='bbox 949 247 1033 303; x_wconf 80' lang='lat' dir='ltr'>DPP.</span> <span class='ocrx_word' id='word_1_6' title='bbox 1050 234 1143 302; x_wconf 71' lang='lat' dir='ltr'>PARS</span> <span class='ocrx_word' id='word_1_7' title='bbox 1156 244 1180 300; x_wconf 93' lang='lat'>1.</span> <span class='ocrx_word' id='word_1_8' title='bbox 1197 268 1229 285; x_wconf 82' lang='lat'>-</span> <span class='ocrx_word' id='word_1_9' title='bbox 1245 237 1431 297; x_wconf 67' lang='grc' dir='ltr'>ΟΟΜΗΕΝΤ.</span> <span class='ocrx_word' id='word_1_10' title='bbox 1449 235 1542 292; x_wconf 87' lang='lat' dir='ltr'>BIBL.</span> <span class='ocrx_word' id='word_1_11' title='bbox 1713 237 1764 296; x_wconf 51' lang='grc' dir='ltr'>ΨΩ</span> 
     </span>
    </p>
   </div>
   <div class='ocr_carea' id='block_1_2' title="bbox 100 361 1781 5587">
    <p class='ocr_par' dir='ltr' id='par_1_2' title="bbox 100 361 1781 5587">
     <span class='ocr_line' id='line_1_2' title="bbox 128 361 1781 446; baseline -0.007 -16"><span class='ocrx_word' id='word_1_12' title='bbox 128 389 192 444; x_wconf 70' lang='lat' dir='ltr'>qtae</span> <span class='ocrx_word' id='word_1_13' title='bbox 214 374 306 444; x_wconf 77' lang='lat' dir='ltr'>reptet</span> <span class='ocrx_word' id='word_1_14' title='bbox 323 375 429 435; x_wconf 86' lang='lat' dir='ltr'>omnia,</span> <span class='ocrx_word' id='word_1_15' title='bbox 448 375 538 446; x_wconf 74' lang='lat' dir='ltr'>replet</span> <span class='ocrx_word' id='word_1_16' title='bbox 559 381 588 428; x_wconf 90' lang='lat' dir='ltr'>et</span> <span class='ocrx_word' id='word_1_17' title='bbox 604 374 686 439; x_wconf 89' lang='lat' dir='ltr'>illud,</span> <span class='ocrx_word' id='word_1_18' title='bbox 700 375 824 444; x_wconf 78' lang='lat' dir='ltr'>lecitque</span> <span class='ocrx_word' id='word_1_19' title='bbox 839 380 871 427; x_wconf 87' lang='lat' dir='ltr'>at</span> <span class='ocrx_word' id='word_1_20' title='bbox 888 374 1039 439; x_wconf 67' lang='lat' dir='ltr'>sitADuirt</span> <span class='ocrx_word' id='word_1_21' title='bbox 1052 373 1142 425; x_wconf 84' lang='lat' dir='ltr'>dicam</span> <span class='ocrx_word' id='word_1_22' title='bbox 1157 370 1249 423; x_wconf 78' lang='lat' dir='ltr'>cobis?</span> <span class='ocrx_word' id='word_1_23' title='bbox 1264 383 1281 420; x_wconf 91' lang='lat' dir='ltr'>o</span> <span class='ocrx_word' id='word_1_24' title='bbox 1297 361 1447 427; x_wconf 75' lang='lat' dir='ltr'>Corinthii,</span> <span class='ocrx_word' id='word_1_25' title='bbox 1461 362 1553 425; x_wconf 89' lang='lat' dir='ltr'>idest,</span> <span class='ocrx_word' id='word_1_26' title='bbox 1575 364 1645 434; x_wconf 79' lang='lat' dir='ltr'>quid</span> <span class='ocrx_word' id='word_1_27' title='bbox 1654 375 1781 435; x_wconf 60' lang='lat' dir='ltr'>possam</span> 
     </span>
     <span class='ocr_line' id='line_1_3' title="bbox 128 451 1781 534; baseline -0.007 -16"><span class='ocrx_word' id='word_1_28' title='bbox 128 479 220 518; x_wconf 84' lang='lat' dir='ltr'>anum</span> <span class='ocrx_word' id='word_1_29' title='bbox 240 464 343 518; x_wconf 78' lang='lat' dir='ltr'>Christi</span> <span class='ocrx_word' id='word_1_30' title='bbox 358 480 469 534; x_wconf 87' lang='lat' dir='ltr'>corpus.</span> <span class='ocrx_word' id='word_1_31' title='bbox 485 480 638 532; x_wconf 83' lang='lat' dir='ltr'>orsrnesqae</span> <span class='ocrx_word' id='word_1_32' title='bbox 661 464 708 533; x_wconf 88' lang='lat' dir='ltr'>qul</span> <span class='ocrx_word' id='word_1_33' title='bbox 733 464 817 533; x_wconf 70' lang='lat' dir='ltr'>«ligem</span> <span class='ocrx_word' id='word_1_34' title='bbox 840 464 927 534; x_wconf 87' lang='lat' dir='ltr'>perci·</span> <span class='ocrx_word' id='word_1_35' title='bbox 972 461 1049 514; x_wconf 79' lang='lat' dir='ltr'>robis</span> <span class='ocrx_word' id='word_1_36' title='bbox 1064 461 1156 513; x_wconf 81' lang='lat' dir='ltr'>dicere</span> <span class='ocrx_word' id='word_1_37' title='bbox 1172 473 1228 528; x_wconf 74' lang='lat' dir='ltr'>prro</span> <span class='ocrx_word' id='word_1_38' title='bbox 1241 454 1328 509; x_wconf 80' lang='lat' dir='ltr'>sirmio</span> <span class='ocrx_word' id='word_1_39' title='bbox 1339 452 1453 506; x_wconf 79' lang='lat' dir='ltr'>doloret</span> <span class='ocrx_word' id='word_1_40' title='bbox 1467 452 1559 505; x_wconf 76' lang='lat' dir='ltr'>tanao</span> <span class='ocrx_word' id='word_1_41' title='bbox 1569 467 1625 514; x_wconf 84' lang='lat' dir='ltr'>eos,</span> <span class='ocrx_word' id='word_1_42' title='bbox 1639 451 1781 516; x_wconf 67' lang='lat' dir='ltr'>sabaudi.</span> 
     </span>
     <span class='ocr_line' id='line_1_4' title="bbox 129 539 1781 623; baseline -0.007 -17"><span class='ocrx_word' id='word_1_43' title='bbox 129 552 213 623; x_wconf 75' lang='lat' dir='ltr'>piant</span> <span class='ocrx_word' id='word_1_44' title='bbox 224 553 305 618; x_wconf 87' lang='lat' dir='ltr'>illud,</span> <span class='ocrx_word' id='word_1_45' title='bbox 320 566 408 607; x_wconf 88' lang='lat' dir='ltr'>anum</span> <span class='ocrx_word' id='word_1_46' title='bbox 428 563 529 622; x_wconf 77' lang='lat' dir='ltr'>corpas</span> <span class='ocrx_word' id='word_1_47' title='bbox 549 551 654 606; x_wconf 88' lang='lat' dir='ltr'>Christi</span> <span class='ocrx_word' id='word_1_48' title='bbox 666 552 775 607; x_wconf 79' lang='lat' dir='ltr'>iaciant</span> <span class='ocrx_word' id='word_1_49' title='bbox 789 569 847 606; x_wconf 87' lang='lat' dir='ltr'>aon</span> <span class='ocrx_word' id='word_1_50' title='bbox 860 553 928 618; x_wconf 80' lang='lat' dir='ltr'>due,</span> <span class='ocrx_word' id='word_1_51' title='bbox 972 551 1001 604; x_wconf 91' lang='lat' dir='ltr'>in</span> <span class='ocrx_word' id='word_1_52' title='bbox 1012 550 1065 603; x_wconf 90' lang='lat' dir='ltr'>hoo</span> <span class='ocrx_word' id='word_1_53' title='bbox 1079 550 1154 618; x_wconf 83' lang='lat' dir='ltr'>quod</span> <span class='ocrx_word' id='word_1_54' title='bbox 1170 546 1273 601; x_wconf 91' lang='lat' dir='ltr'>bonam</span> <span class='ocrx_word' id='word_1_55' title='bbox 1286 541 1370 612; x_wconf 89' lang='lat' dir='ltr'>agitis</span> <span class='ocrx_word' id='word_1_56' title='bbox 1384 542 1413 593; x_wconf 93' lang='lat' dir='ltr'>in</span> <span class='ocrx_word' id='word_1_57' title='bbox 1430 539 1601 610; x_wconf 87' lang='lat' dir='ltr'>quibasdam</span> <span class='ocrx_word' id='word_1_58' title='bbox 1615 541 1701 595; x_wconf 91' lang='lat' dir='ltr'>rebus</span> <span class='ocrx_word' id='word_1_59' title='bbox 1716 559 1724 606; x_wconf 68' lang='grc' dir='ltr'><strong>ς</strong></span> <span class='ocrx_word' id='word_1_60' title='bbox 1741 544 1781 611; x_wconf 62' lang='grc' dir='ltr'>ι’.</span> 
     </span>
     <span class='ocr_line' id='line_1_5' title="bbox 128 627 1781 711; baseline -0.007 -17"><span class='ocrx_word' id='word_1_61' title='bbox 128 640 198 710; x_wconf 86' lang='lat' dir='ltr'>qaia</span> <span class='ocrx_word' id='word_1_62' title='bbox 210 640 271 711; x_wconf 82' lang='lat' dir='ltr'>ipse</span> <span class='ocrx_word' id='word_1_63' title='bbox 282 639 353 694; x_wconf 82' lang='lat' dir='ltr'>dixit</span> <span class='ocrx_word' id='word_1_64' title='bbox 365 656 373 695; x_wconf 83' lang='lat' dir='ltr'>r</span> <span class='ocrx_word' id='word_1_65' title='bbox 387 641 444 707; x_wconf 71' lang='lat' dir='ltr'>&lt;iai</span> <span class='ocrx_word' id='word_1_66' title='bbox 458 641 608 694; x_wconf 73' lang='lat' dir='ltr'>mendsaat</span> <span class='ocrx_word' id='word_1_67' title='bbox 622 654 733 695; x_wconf 74' lang='lat' dir='ltr'>marram</span> <span class='ocrx_word' id='word_1_68' title='bbox 745 657 845 706; x_wconf 80' lang='lat' dir='ltr'>measa,</span> <span class='ocrx_word' id='word_1_69' title='bbox 857 645 881 693; x_wconf 83' lang='lat' dir='ltr'>rt</span> <span class='ocrx_word' id='word_1_70' title='bbox 892 642 931 694; x_wconf 77' lang='lat' dir='ltr'>ht·</span> <span class='ocrx_word' id='word_1_71' title='bbox 973 639 1021 691; x_wconf 84' lang='lat' dir='ltr'>boc</span> <span class='ocrx_word' id='word_1_72' title='bbox 1032 645 1195 693; x_wconf 85' lang='lat' dir='ltr'>tamennon</span> <span class='ocrx_word' id='word_1_73' title='bbox 1216 634 1308 695; x_wconf 75' lang='lat' dir='ltr'>icaria</span> <span class='ocrx_word' id='word_1_74' title='bbox 1330 644 1435 700; x_wconf 85' lang='lat' dir='ltr'>resque</span> <span class='ocrx_word' id='word_1_75' title='bbox 1450 627 1605 682; x_wconf 83' lang='lat' dir='ltr'>Ecclesiam</span> <span class='ocrx_word' id='word_1_76' title='bbox 1617 628 1670 683; x_wconf 90' lang='lat' dir='ltr'>Dei</span> <span class='ocrx_word' id='word_1_77' title='bbox 1683 629 1781 699; x_wconf 53' lang='grc' dir='ltr'>περὶ</span> 
     </span>
     <span class='ocr_line' id='line_1_6' title="bbox 129 715 1781 798; baseline -0.008 -14"><span class='ocrx_word' id='word_1_78' title='bbox 129 730 170 784; x_wconf 83' lang='lat' dir='ltr'>bit</span> <span class='ocrx_word' id='word_1_79' title='bbox 190 746 284 783; x_wconf 76' lang='lat' dir='ltr'>mesra</span> <span class='ocrx_word' id='word_1_80' title='bbox 302 733 481 798; x_wconf 70' lang='lat' dir='ltr'>marsinam,</span> <span class='ocrx_word' id='word_1_81' title='bbox 498 732 530 782; x_wconf 83' lang='lat' dir='ltr'>ia</span> <span class='ocrx_word' id='word_1_82' title='bbox 554 745 596 783; x_wconf 81' lang='lat' dir='ltr'>rac</span> <span class='ocrx_word' id='word_1_83' title='bbox 618 734 722 794; x_wconf 63' lang='lat' dir='ltr'>mane,</span> <span class='ocrx_word' id='word_1_84' title='bbox 735 736 760 783; x_wconf 89' lang='lat' dir='ltr'>et</span> <span class='ocrx_word' id='word_1_85' title='bbox 784 746 831 797; x_wconf 78' lang='lat' dir='ltr'>epo</span> <span class='ocrx_word' id='word_1_86' title='bbox 849 734 881 783; x_wconf 85' lang='lat' dir='ltr'>in</span> <span class='ocrx_word' id='word_1_87' title='bbox 898 747 929 784; x_wconf 49' lang='lat' dir='ltr'>‘es</span> <span class='ocrx_word' id='word_1_88' title='bbox 971 726 1090 781; x_wconf 80' lang='lat' dir='ltr'>cabiloni</span> <span class='ocrx_word' id='word_1_89' title='bbox 1111 724 1216 788; x_wconf 73' lang='lat' dir='ltr'>facitis,</span> <span class='ocrx_word' id='word_1_90' title='bbox 1229 727 1258 776; x_wconf 85' lang='lat' dir='ltr'>st</span> <span class='ocrx_word' id='word_1_91' title='bbox 1271 720 1368 776; x_wconf 82' lang='lat' dir='ltr'>taliter</span> <span class='ocrx_word' id='word_1_92' title='bbox 1377 720 1438 788; x_wconf 78' lang='lat' dir='ltr'>jam</span> <span class='ocrx_word' id='word_1_93' title='bbox 1454 715 1535 781; x_wconf 81' lang='lat' dir='ltr'>ebrii,</span> <span class='ocrx_word' id='word_1_94' title='bbox 1549 730 1653 786; x_wconf 85' lang='lat' dir='ltr'>corpus</span> <span class='ocrx_word' id='word_1_95' title='bbox 1663 716 1781 796; x_wconf 57' lang='lat' dir='ltr'>Dom&#39;Q</span> 
     </span>
     <span class='ocr_line' id='line_1_7' title="bbox 129 803 1632 887; baseline -0.009 -17"><span class='ocrx_word' id='word_1_96' title='bbox 129 816 220 881; x_wconf 72' lang='lat' dir='ltr'>tieem</span> <span class='ocrx_word' id='word_1_97' title='bbox 237 817 284 884; x_wconf 77' lang='lat' dir='ltr'>vi).</span> <span class='ocrx_word' id='word_1_98' title='bbox 295 816 463 886; x_wconf 75' lang='lat' dir='ltr'>Quicunque</span> <span class='ocrx_word' id='word_1_99' title='bbox 475 828 544 887; x_wconf 82' lang='lat' dir='ltr'>&#39;ergo</span> <span class='ocrx_word' id='word_1_100' title='bbox 555 827 662 873; x_wconf 74' lang='lat' dir='ltr'>cenam</span> <span class='ocrx_word' id='word_1_101' title='bbox 679 818 789 872; x_wconf 79' lang='lat' dir='ltr'>Domini</span> <span class='ocrx_word' id='word_1_102' title='bbox 801 818 929 873; x_wconf 69' lang='lat' dir='ltr'>valtimi</span> <span class='ocrx_word' id='word_1_103' title='bbox 971 814 1124 886; x_wconf 73' lang='lat' dir='ltr'>percipitis,</span> <span class='ocrx_word' id='word_1_104' title='bbox 1139 822 1168 869; x_wconf 91' lang='lat' dir='ltr'>et</span> <span class='ocrx_word' id='word_1_105' title='bbox 1179 811 1263 866; x_wconf 86' lang='lat' dir='ltr'>iacies</span> <span class='ocrx_word' id='word_1_106' title='bbox 1276 821 1432 880; x_wconf 89' lang='lat' dir='ltr'>pauperum</span> <span class='ocrx_word' id='word_1_107' title='bbox 1448 803 1632 859; x_wconf 78' lang='lat' dir='ltr'>confunditis.</span> 
     </span>
     <span class='ocr_line' id='line_1_8' title="bbox 128 892 1781 977; baseline -0.009 -18"><span class='ocrx_word' id='word_1_108' title='bbox 128 903 184 959; x_wconf 81' lang='lat' dir='ltr'>teri</span> <span class='ocrx_word' id='word_1_109' title='bbox 196 903 485 976; x_wconf 82' lang='lat' dir='ltr'>percipiendeeorpus</span> <span class='ocrx_word' id='word_1_110' title='bbox 499 905 584 970; x_wconf 82' lang='lat' dir='ltr'>illius,</span> <span class='ocrx_word' id='word_1_111' title='bbox 595 907 638 960; x_wconf 83' lang='lat' dir='ltr'>vel</span> <span class='ocrx_word' id='word_1_112' title='bbox 648 906 734 961; x_wconf 83' lang='lat' dir='ltr'>stiam</span> <span class='ocrx_word' id='word_1_113' title='bbox 748 907 928 977; x_wconf 85' lang='lat' dir='ltr'>percipiendo</span> <span class='ocrx_word' id='word_1_114' title='bbox 1006 904 1066 973; x_wconf 76' lang='lat' dir='ltr'>Epo</span> <span class='ocrx_word' id='word_1_115' title='bbox 1080 906 1156 956; x_wconf 77' lang='lat' dir='ltr'>caim</span> <span class='ocrx_word' id='word_1_116' title='bbox 1170 901 1260 967; x_wconf 78' lang='lat' dir='ltr'>accepi</span> <span class='ocrx_word' id='word_1_117' title='bbox 1273 915 1291 952; x_wconf 87' lang='lat' dir='ltr'>a</span> <span class='ocrx_word' id='word_1_118' title='bbox 1304 898 1422 952; x_wconf 80' lang='lat' dir='ltr'>Domina</span> <span class='ocrx_word' id='word_1_119' title='bbox 1441 895 1515 961; x_wconf 78' lang='lat' dir='ltr'>paeri</span> <span class='ocrx_word' id='word_1_120' title='bbox 1528 896 1553 946; x_wconf 89' lang='lat' dir='ltr'>et</span> <span class='ocrx_word' id='word_1_121' title='bbox 1568 893 1678 946; x_wconf 82' lang='lat' dir='ltr'>tradidi</span> <span class='ocrx_word' id='word_1_122' title='bbox 1690 892 1781 973; x_wconf 51' lang='lat' dir='ltr'>aab.)</span> 
     </span>
     <span class='ocr_line' id='line_1_9' title="bbox 128 980 1781 1069; baseline -0.01 -20"><span class='ocrx_word' id='word_1_123' title='bbox 128 993 200 1049; x_wconf 81' lang='lat' dir='ltr'>elios</span> <span class='ocrx_word' id='word_1_124' title='bbox 221 994 312 1064; x_wconf 75' lang='lat' dir='ltr'>cibos,</span> <span class='ocrx_word' id='word_1_125' title='bbox 330 995 521 1050; x_wconf 85' lang='lat' dir='ltr'>communiter</span> <span class='ocrx_word' id='word_1_126' title='bbox 533 995 617 1050; x_wconf 90' lang='lat' dir='ltr'>debet</span> <span class='ocrx_word' id='word_1_127' title='bbox 636 1012 669 1050; x_wconf 88' lang='lat' dir='ltr'>ee</span> <span class='ocrx_word' id='word_1_128' title='bbox 687 996 729 1050; x_wconf 89' lang='lat' dir='ltr'>ati</span> <span class='ocrx_word' id='word_1_129' title='bbox 744 1019 751 1053; x_wconf 94' lang='lat'>:</span> <span class='ocrx_word' id='word_1_130' title='bbox 769 997 835 1066; x_wconf 87' lang='lat' dir='ltr'>quia</span> <span class='ocrx_word' id='word_1_131' title='bbox 850 1006 930 1052; x_wconf 74' lang='lat' dir='ltr'>coena</span> <span class='ocrx_word' id='word_1_132' title='bbox 970 993 1064 1047; x_wconf 86' lang='lat' dir='ltr'>idest</span> <span class='ocrx_word' id='word_1_133' title='bbox 1087 989 1254 1062; x_wconf 70' lang='lat' dir='ltr'>mysterium</span> <span class='ocrx_word' id='word_1_134' title='bbox 1278 983 1403 1066; x_wconf 85' lang='lat' dir='ltr'>corporis</span> <span class='ocrx_word' id='word_1_135' title='bbox 1426 988 1455 1037; x_wconf 90' lang='lat' dir='ltr'>et</span> <span class='ocrx_word' id='word_1_136' title='bbox 1478 980 1628 1050; x_wconf 82' lang='lat' dir='ltr'>sanguinis</span> <span class='ocrx_word' id='word_1_137' title='bbox 1653 980 1781 1069; x_wconf 47' lang='lat' dir='ltr'>Dominj&#39;</span> 
     </span>
     <span class='ocr_line' id='line_1_10' title="bbox 129 1069 1765 1152; baseline -0.011 -13"><span class='ocrx_word' id='word_1_138' title='bbox 129 1083 243 1140; x_wconf 79' lang='lat' dir='ltr'>Domini</span> <span class='ocrx_word' id='word_1_139' title='bbox 249 1083 383 1138; x_wconf 84' lang='lat' dir='ltr'>erunibus</span> <span class='ocrx_word' id='word_1_140' title='bbox 390 1083 619 1139; x_wconf 67' lang='lat' dir='ltr'>moechantibus</span> <span class='ocrx_word' id='word_1_141' title='bbox 631 1085 787 1139; x_wconf 88' lang='lat' dir='ltr'>communis</span> <span class='ocrx_word' id='word_1_142' title='bbox 799 1085 813 1136; x_wconf 85' lang='lat' dir='ltr'>l</span> <span class='ocrx_word' id='word_1_143' title='bbox 813 1086 863 1152; x_wconf 82' lang='lat' dir='ltr'>ait,</span> <span class='ocrx_word' id='word_1_144' title='bbox 872 1101 929 1139; x_wconf 85' lang='lat' dir='ltr'>non</span> <span class='ocrx_word' id='word_1_145' title='bbox 971 1081 1109 1152; x_wconf 90' lang='lat' dir='ltr'>quomodo</span> <span class='ocrx_word' id='word_1_146' title='bbox 1124 1077 1249 1133; x_wconf 73' lang='lat' dir='ltr'>debeatis</span> <span class='ocrx_word' id='word_1_147' title='bbox 1261 1089 1373 1130; x_wconf 89' lang='lat' dir='ltr'>sumere</span> <span class='ocrx_word' id='word_1_148' title='bbox 1386 1072 1460 1126; x_wconf 90' lang='lat' dir='ltr'>siout</span> <span class='ocrx_word' id='word_1_149' title='bbox 1478 1069 1549 1123; x_wconf 90' lang='lat' dir='ltr'>mibi</span> <span class='ocrx_word' id='word_1_150' title='bbox 1571 1069 1710 1132; x_wconf 78' lang='lat' dir='ltr'>revelarit,</span> <span class='ocrx_word' id='word_1_151' title='bbox 1731 1083 1765 1139; x_wconf 66' lang='lat' dir='ltr'>gg</span> 
     </span>
     <span class='ocr_line' id='line_1_11' title="bbox 100 1157 1756 1253; baseline -0.007 -27"><span class='ocrx_word' id='word_1_152' title='bbox 100 1243 106 1253; x_wconf 34' lang='lat'>&#39;</span> <span class='ocrx_word' id='word_1_153' title='bbox 127 1173 220 1226; x_wconf 86' lang='lat' dir='ltr'>selum</span> <span class='ocrx_word' id='word_1_154' title='bbox 233 1171 325 1238; x_wconf 70' lang='lat' dir='ltr'>bonis</span> <span class='ocrx_word' id='word_1_155' title='bbox 340 1173 390 1227; x_wconf 89' lang='lat' dir='ltr'>sed</span> <span class='ocrx_word' id='word_1_156' title='bbox 403 1173 488 1227; x_wconf 81' lang='lat' dir='ltr'>etiam</span> <span class='ocrx_word' id='word_1_157' title='bbox 501 1173 638 1243; x_wconf 80' lang='lat' dir='ltr'>proditori</span> <span class='ocrx_word' id='word_1_158' title='bbox 651 1174 739 1228; x_wconf 75' lang='lat' dir='ltr'>lude.</span> <span class='ocrx_word' id='word_1_159' title='bbox 750 1174 805 1228; x_wconf 86' lang='lat' dir='ltr'>Sed</span> <span class='ocrx_word' id='word_1_160' title='bbox 814 1190 869 1228; x_wconf 87' lang='lat' dir='ltr'>non</span> <span class='ocrx_word' id='word_1_161' title='bbox 878 1175 929 1227; x_wconf 68' lang='lat' dir='ltr'>ini·</span> <span class='ocrx_word' id='word_1_162' title='bbox 969 1169 1074 1224; x_wconf 86' lang='lat' dir='ltr'>tradidi</span> <span class='ocrx_word' id='word_1_163' title='bbox 1087 1167 1173 1222; x_wconf 84' lang='lat' dir='ltr'>robis.</span> <span class='ocrx_word' id='word_1_164' title='bbox 1192 1167 1311 1235; x_wconf 78' lang='lat' dir='ltr'>Insuper</span> <span class='ocrx_word' id='word_1_165' title='bbox 1335 1161 1421 1216; x_wconf 90' lang='lat' dir='ltr'>etiem</span> <span class='ocrx_word' id='word_1_166' title='bbox 1445 1157 1513 1230; x_wconf 88' lang='lat' dir='ltr'>quid</span> <span class='ocrx_word' id='word_1_167' title='bbox 1538 1157 1680 1226; x_wconf 85' lang='lat' dir='ltr'>significet</span> <span class='ocrx_word' id='word_1_168' title='bbox 1699 1157 1756 1235; x_wconf 64' lang='lat' dir='ltr'>illud</span> 
     </span>
     <span class='ocr_line' id='line_1_12' title="bbox 129 1245 1746 1333; baseline -0.009 -19"><span class='ocrx_word' id='word_1_169' title='bbox 129 1260 231 1314; x_wconf 85' lang='lat' dir='ltr'>merito</span> <span class='ocrx_word' id='word_1_170' title='bbox 251 1261 354 1331; x_wconf 79' lang='lat' dir='ltr'>querit</span> <span class='ocrx_word' id='word_1_171' title='bbox 375 1261 486 1332; x_wconf 81' lang='lat' dir='ltr'>aliquis.</span> <span class='ocrx_word' id='word_1_172' title='bbox 502 1276 589 1331; x_wconf 88' lang='lat' dir='ltr'>quare</span> <span class='ocrx_word' id='word_1_173' title='bbox 602 1262 732 1316; x_wconf 68' lang='lat' dir='ltr'>vSalvator</span> <span class='ocrx_word' id='word_1_174' title='bbox 744 1269 848 1327; x_wconf 80' lang='lat' dir='ltr'>noster,</span> <span class='ocrx_word' id='word_1_175' title='bbox 865 1269 930 1333; x_wconf 84' lang='lat' dir='ltr'>post</span> <span class='ocrx_word' id='word_1_176' title='bbox 970 1264 1186 1319; x_wconf 81' lang='lat' dir='ltr'>sacramentam,</span> <span class='ocrx_word' id='word_1_177' title='bbox 1208 1255 1281 1308; x_wconf 90' lang='lat' dir='ltr'>sicut</span> <span class='ocrx_word' id='word_1_178' title='bbox 1305 1252 1335 1307; x_wconf 91' lang='lat' dir='ltr'>in</span> <span class='ocrx_word' id='word_1_179' title='bbox 1359 1245 1542 1319; x_wconf 87' lang='lat' dir='ltr'>sequentibus</span> <span class='ocrx_word' id='word_1_180' title='bbox 1564 1245 1689 1300; x_wconf 88' lang='lat' dir='ltr'>dicturus</span> <span class='ocrx_word' id='word_1_181' title='bbox 1709 1260 1746 1318; x_wconf 79' lang='lat' dir='ltr'>est,</span> 
     </span>
     <span class='ocr_line' id='line_1_13' title="bbox 128 1337 1744 1422; baseline -0.008 -19"><span class='ocrx_word' id='word_1_182' title='bbox 128 1365 237 1403; x_wconf 85' lang='lat' dir='ltr'>ooenam</span> <span class='ocrx_word' id='word_1_183' title='bbox 252 1350 378 1420; x_wconf 89' lang='lat' dir='ltr'>corporis</span> <span class='ocrx_word' id='word_1_184' title='bbox 392 1357 420 1404; x_wconf 92' lang='lat' dir='ltr'>et</span> <span class='ocrx_word' id='word_1_185' title='bbox 433 1351 578 1420; x_wconf 75' lang='lat' dir='ltr'>sanguinis</span> <span class='ocrx_word' id='word_1_186' title='bbox 594 1352 647 1413; x_wconf 87' lang='lat' dir='ltr'>sai,</span> <span class='ocrx_word' id='word_1_187' title='bbox 662 1356 838 1405; x_wconf 87' lang='lat' dir='ltr'>sacramente</span> <span class='ocrx_word' id='word_1_188' title='bbox 850 1368 932 1422; x_wconf 87' lang='lat' dir='ltr'>apos·</span> <span class='ocrx_word' id='word_1_189' title='bbox 974 1347 1086 1418; x_wconf 83' lang='lat' dir='ltr'>quando</span> <span class='ocrx_word' id='word_1_190' title='bbox 1107 1343 1242 1416; x_wconf 85' lang='lat' dir='ltr'>pergebat</span> <span class='ocrx_word' id='word_1_191' title='bbox 1266 1342 1444 1401; x_wconf 80' lang='lat' dir='ltr'>Damascum,</span> <span class='ocrx_word' id='word_1_192' title='bbox 1469 1340 1499 1390; x_wconf 90' lang='lat' dir='ltr'>et</span> <span class='ocrx_word' id='word_1_193' title='bbox 1516 1339 1638 1390; x_wconf 77' lang='lat' dir='ltr'>caeoatm</span> <span class='ocrx_word' id='word_1_194' title='bbox 1654 1340 1699 1388; x_wconf 80' lang='lat' dir='ltr'>est.</span> <span class='ocrx_word' id='word_1_195' title='bbox 1712 1337 1744 1394; x_wconf 86' lang='lat' dir='ltr'>llsl</span> 
     </span>
     <span class='ocr_line' id='line_1_14' title="bbox 131 1424 1743 1510; baseline -0.007 -18"><span class='ocrx_word' id='word_1_196' title='bbox 131 1437 198 1492; x_wconf 80' lang='lat' dir='ltr'>telis</span> <span class='ocrx_word' id='word_1_197' title='bbox 212 1437 369 1504; x_wconf 78' lang='lat' dir='ltr'>tradiderit,</span> <span class='ocrx_word' id='word_1_198' title='bbox 378 1439 420 1492; x_wconf 84' lang='lat' dir='ltr'>rel</span> <span class='ocrx_word' id='word_1_199' title='bbox 430 1440 505 1494; x_wconf 90' lang='lat' dir='ltr'>unde</span> <span class='ocrx_word' id='word_1_200' title='bbox 517 1440 685 1510; x_wconf 84' lang='lat' dir='ltr'>processerit</span> <span class='ocrx_word' id='word_1_201' title='bbox 699 1439 932 1494; x_wconf 87' lang='lat' dir='ltr'>istaconsuetado</span> <span class='ocrx_word' id='word_1_202' title='bbox 973 1443 1040 1491; x_wconf 89' lang='lat' dir='ltr'>tuac</span> <span class='ocrx_word' id='word_1_203' title='bbox 1052 1433 1242 1490; x_wconf 77' lang='lat' dir='ltr'>manifestavit</span> <span class='ocrx_word' id='word_1_204' title='bbox 1256 1432 1281 1485; x_wconf 87' lang='lat' dir='ltr'>ei</span> <span class='ocrx_word' id='word_1_205' title='bbox 1294 1428 1430 1486; x_wconf 89' lang='lat' dir='ltr'>Dominus</span> <span class='ocrx_word' id='word_1_206' title='bbox 1443 1426 1498 1479; x_wconf 91' lang='lat' dir='ltr'>boo</span> <span class='ocrx_word' id='word_1_207' title='bbox 1508 1424 1586 1478; x_wconf 91' lang='lat' dir='ltr'>inter</span> <span class='ocrx_word' id='word_1_208' title='bbox 1597 1427 1697 1478; x_wconf 78' lang='lat' dir='ltr'>uetere</span> <span class='ocrx_word' id='word_1_209' title='bbox 1708 1424 1743 1480; x_wconf 79' lang='lat' dir='ltr'>Vel</span> 
     </span>
     <span class='ocr_line' id='line_1_15' title="bbox 132 1509 1741 1598; baseline -0.009 -18"><span class='ocrx_word' id='word_1_210' title='bbox 132 1526 299 1580; x_wconf 81' lang='lat' dir='ltr'>universalis</span> <span class='ocrx_word' id='word_1_211' title='bbox 314 1527 452 1596; x_wconf 74' lang='lat' dir='ltr'>Ecclesia,</span> <span class='ocrx_word' id='word_1_212' title='bbox 464 1533 497 1582; x_wconf 82' lang='lat' dir='ltr'>ut</span> <span class='ocrx_word' id='word_1_213' title='bbox 508 1529 599 1598; x_wconf 67' lang='lat' dir='ltr'>tejam</span> <span class='ocrx_word' id='word_1_214' title='bbox 610 1529 765 1582; x_wconf 86' lang='lat' dir='ltr'>doceamur</span> <span class='ocrx_word' id='word_1_215' title='bbox 777 1529 877 1583; x_wconf 86' lang='lat' dir='ltr'>eadem</span> <span class='ocrx_word' id='word_1_216' title='bbox 888 1544 932 1582; x_wconf 84' lang='lat' dir='ltr'>se·</span> <span class='ocrx_word' id='word_1_217' title='bbox 972 1524 1086 1596; x_wconf 86' lang='lat' dir='ltr'>quando</span> <span class='ocrx_word' id='word_1_218' title='bbox 1101 1522 1208 1593; x_wconf 86' lang='lat' dir='ltr'>positus</span> <span class='ocrx_word' id='word_1_219' title='bbox 1223 1524 1264 1574; x_wconf 90' lang='lat' dir='ltr'>est</span> <span class='ocrx_word' id='word_1_220' title='bbox 1279 1518 1309 1572; x_wconf 92' lang='lat' dir='ltr'>ia</span> <span class='ocrx_word' id='word_1_221' title='bbox 1324 1514 1426 1570; x_wconf 81' lang='lat' dir='ltr'>exstasi</span> <span class='ocrx_word' id='word_1_222' title='bbox 1438 1511 1552 1572; x_wconf 89' lang='lat' dir='ltr'>mentis,</span> <span class='ocrx_word' id='word_1_223' title='bbox 1573 1509 1639 1563; x_wconf 89' lang='lat' dir='ltr'>dam</span> <span class='ocrx_word' id='word_1_224' title='bbox 1652 1513 1741 1566; x_wconf 71' lang='lat' dir='ltr'>emeth</span> 
     </span>
     <span class='ocr_line' id='line_1_16' title="bbox 131 1597 1740 1688; baseline -0.009 -20"><span class='ocrx_word' id='word_1_225' title='bbox 131 1622 279 1669; x_wconf 71' lang='lat' dir='ltr'>onmente</span> <span class='ocrx_word' id='word_1_226' title='bbox 300 1615 453 1686; x_wconf 78' lang='lat' dir='ltr'>percipere,</span> <span class='ocrx_word' id='word_1_227' title='bbox 476 1633 541 1671; x_wconf 77' lang='lat' dir='ltr'>cim</span> <span class='ocrx_word' id='word_1_228' title='bbox 565 1618 685 1688; x_wconf 83' lang='lat' dir='ltr'>apostoli</span> <span class='ocrx_word' id='word_1_229' title='bbox 707 1618 766 1688; x_wconf 74' lang='lat' dir='ltr'>jam</span> <span class='ocrx_word' id='word_1_230' title='bbox 782 1619 883 1671; x_wconf 81' lang='lat' dir='ltr'>coensti</span> <span class='ocrx_word' id='word_1_231' title='bbox 898 1626 931 1671; x_wconf 82' lang='lat' dir='ltr'>es</span> <span class='ocrx_word' id='word_1_232' title='bbox 973 1615 1088 1684; x_wconf 88' lang='lat' dir='ltr'>templo.</span> <span class='ocrx_word' id='word_1_233' title='bbox 1105 1615 1144 1666; x_wconf 79' lang='lat' dir='ltr'>Ac</span> <span class='ocrx_word' id='word_1_234' title='bbox 1158 1611 1199 1664; x_wconf 88' lang='lat' dir='ltr'>sic</span> <span class='ocrx_word' id='word_1_235' title='bbox 1219 1609 1332 1663; x_wconf 89' lang='lat' dir='ltr'>demam</span> <span class='ocrx_word' id='word_1_236' title='bbox 1346 1601 1465 1658; x_wconf 76' lang='lat' dir='ltr'>tradidit</span> <span class='ocrx_word' id='word_1_237' title='bbox 1480 1597 1644 1661; x_wconf 84' lang='lat' dir='ltr'>Corinthiis,</span> <span class='ocrx_word' id='word_1_238' title='bbox 1659 1599 1740 1668; x_wconf 87' lang='lat' dir='ltr'>qaaalo</span> 
     </span>
     <span class='ocr_line' id='line_1_17' title="bbox 131 1684 1738 1775; baseline -0.012 -18"><span class='ocrx_word' id='word_1_239' title='bbox 131 1704 318 1774; x_wconf 72' lang='lat' dir='ltr'>perceperint,</span> <span class='ocrx_word' id='word_1_240' title='bbox 333 1711 363 1758; x_wconf 87' lang='lat' dir='ltr'>et</span> <span class='ocrx_word' id='word_1_241' title='bbox 378 1705 515 1759; x_wconf 90' lang='lat' dir='ltr'>Dominus</span> <span class='ocrx_word' id='word_1_242' title='bbox 524 1706 576 1760; x_wconf 90' lang='lat' dir='ltr'>hoc</span> <span class='ocrx_word' id='word_1_243' title='bbox 588 1707 628 1760; x_wconf 90' lang='lat' dir='ltr'>ita</span> <span class='ocrx_word' id='word_1_244' title='bbox 642 1723 699 1760; x_wconf 89' lang='lat' dir='ltr'>non</span> <span class='ocrx_word' id='word_1_245' title='bbox 710 1706 931 1775; x_wconf 82' lang='lat' dir='ltr'>ordinaverit,si-</span> <span class='ocrx_word' id='word_1_246' title='bbox 973 1707 1100 1757; x_wconf 86' lang='lat' dir='ltr'>moratas</span> <span class='ocrx_word' id='word_1_247' title='bbox 1113 1704 1157 1755; x_wconf 88' lang='lat' dir='ltr'>est</span> <span class='ocrx_word' id='word_1_248' title='bbox 1171 1697 1246 1770; x_wconf 87' lang='lat' dir='ltr'>apud</span> <span class='ocrx_word' id='word_1_249' title='bbox 1268 1708 1315 1750; x_wconf 87' lang='lat' dir='ltr'>eas</span> <span class='ocrx_word' id='word_1_250' title='bbox 1336 1708 1411 1747; x_wconf 90' lang='lat' dir='ltr'>anno</span> <span class='ocrx_word' id='word_1_251' title='bbox 1432 1706 1489 1744; x_wconf 91' lang='lat' dir='ltr'>uao</span> <span class='ocrx_word' id='word_1_252' title='bbox 1508 1694 1538 1741; x_wconf 91' lang='lat' dir='ltr'>et</span> <span class='ocrx_word' id='word_1_253' title='bbox 1557 1684 1690 1740; x_wconf 87' lang='lat' dir='ltr'>mensibus</span> <span class='ocrx_word' id='word_1_254' title='bbox 1699 1702 1738 1752; x_wconf 83' lang='lat' dir='ltr'>ser,</span> 
     </span>
     <span class='ocr_line' id='line_1_18' title="bbox 132 1772 1741 1863; baseline -0.011 -19"><span class='ocrx_word' id='word_1_255' title='bbox 132 1795 181 1844; x_wconf 82' lang='lat' dir='ltr'>cut</span> <span class='ocrx_word' id='word_1_256' title='bbox 203 1790 287 1845; x_wconf 85' lang='lat' dir='ltr'>modo</span> <span class='ocrx_word' id='word_1_257' title='bbox 311 1792 447 1848; x_wconf 59' lang='lat' dir='ltr'>teneant</span> <span class='ocrx_word' id='word_1_258' title='bbox 470 1792 521 1848; x_wconf 83' lang='lat' dir='ltr'>cni</span> <span class='ocrx_word' id='word_1_259' title='bbox 543 1794 771 1863; x_wconf 79' lang='lat' dir='ltr'>respondendam</span> <span class='ocrx_word' id='word_1_260' title='bbox 793 1795 845 1856; x_wconf 85' lang='lat' dir='ltr'>est,</span> <span class='ocrx_word' id='word_1_261' title='bbox 867 1795 931 1848; x_wconf 80' lang='lat' dir='ltr'>ldae</span> <span class='ocrx_word' id='word_1_262' title='bbox 971 1793 1106 1858; x_wconf 71' lang='lat' dir='ltr'>parisiens</span> <span class='ocrx_word' id='word_1_263' title='bbox 1121 1790 1256 1843; x_wconf 82' lang='lat' dir='ltr'>Donsinas</span> <span class='ocrx_word' id='word_1_264' title='bbox 1269 1785 1346 1838; x_wconf 76' lang='lat' dir='ltr'>ieras</span> <span class='ocrx_word' id='word_1_265' title='bbox 1359 1785 1392 1835; x_wconf 85' lang='lat' dir='ltr'>ia</span> <span class='ocrx_word' id='word_1_266' title='bbox 1406 1794 1462 1847; x_wconf 81' lang='lat' dir='ltr'>pao</span> <span class='ocrx_word' id='word_1_267' title='bbox 1477 1781 1553 1831; x_wconf 86' lang='lat' dir='ltr'>nocte</span> <span class='ocrx_word' id='word_1_268' title='bbox 1569 1772 1741 1838; x_wconf 82' lang='lat' dir='ltr'>tradebatur,il</span> 
     </span>
     <span class='ocr_line' id='line_1_19' title="bbox 133 1861 1741 1951; baseline -0.012 -21"><span class='ocrx_word' id='word_1_269' title='bbox 133 1883 334 1933; x_wconf 76' lang='lat' dir='ltr'>hanccoenetee</span> <span class='ocrx_word' id='word_1_270' title='bbox 348 1880 571 1935; x_wconf 78' lang='lat' dir='ltr'>communicasse</span> <span class='ocrx_word' id='word_1_271' title='bbox 586 1881 801 1951; x_wconf 85' lang='lat' dir='ltr'>apostolosqaia</span> <span class='ocrx_word' id='word_1_272' title='bbox 816 1896 931 1936; x_wconf 81' lang='lat' dir='ltr'>necesse</span> <span class='ocrx_word' id='word_1_273' title='bbox 973 1887 1025 1937; x_wconf 82' lang='lat' dir='ltr'>est.</span> <span class='ocrx_word' id='word_1_274' title='bbox 1046 1880 1107 1949; x_wconf 88' lang='lat' dir='ltr'>ipsa</span> <span class='ocrx_word' id='word_1_275' title='bbox 1128 1882 1208 1931; x_wconf 89' lang='lat' dir='ltr'>nocte</span> <span class='ocrx_word' id='word_1_276' title='bbox 1224 1890 1280 1944; x_wconf 89' lang='lat' dir='ltr'>qua</span> <span class='ocrx_word' id='word_1_277' title='bbox 1293 1877 1355 1926; x_wconf 91' lang='lat' dir='ltr'>eret</span> <span class='ocrx_word' id='word_1_278' title='bbox 1375 1861 1741 1929; x_wconf 60' lang='lat' dir='ltr'>trecentenarium</span> 
     </span>
     <span class='ocr_line' id='line_1_20' title="bbox 132 1949 1737 2039; baseline -0.011 -18"><span class='ocrx_word' id='word_1_279' title='bbox 132 1972 195 2021; x_wconf 86' lang='lat' dir='ltr'>eret</span> <span class='ocrx_word' id='word_1_280' title='bbox 206 1967 311 2037; x_wconf 84' lang='lat' dir='ltr'>passim</span> <span class='ocrx_word' id='word_1_281' title='bbox 325 1966 395 2021; x_wconf 91' lang='lat' dir='ltr'>illud</span> <span class='ocrx_word' id='word_1_282' title='bbox 404 1969 530 2039; x_wconf 82' lang='lat' dir='ltr'>typicum</span> <span class='ocrx_word' id='word_1_283' title='bbox 543 1975 627 2024; x_wconf 83' lang='lat' dir='ltr'>antea</span> <span class='ocrx_word' id='word_1_284' title='bbox 639 1971 931 2035; x_wconf 61' lang='lat' dir='ltr'>consummassem</span> <span class='ocrx_word' id='word_1_285' title='bbox 969 1985 1071 2038; x_wconf 82' lang='lat' dir='ltr'>panesa</span> <span class='ocrx_word' id='word_1_286' title='bbox 1085 1973 1110 2021; x_wconf 86' lang='lat' dir='ltr'>et</span> <span class='ocrx_word' id='word_1_287' title='bbox 1123 1969 1230 2033; x_wconf 75' lang='lat' dir='ltr'>gratier</span> <span class='ocrx_word' id='word_1_288' title='bbox 1243 1970 1325 2029; x_wconf 78' lang='lat' dir='ltr'>apem</span> <span class='ocrx_word' id='word_1_289' title='bbox 1335 1961 1419 2027; x_wconf 75' lang='lat' dir='ltr'>(repit</span> <span class='ocrx_word' id='word_1_290' title='bbox 1429 1961 1453 2010; x_wconf 89' lang='lat' dir='ltr'>et</span> <span class='ocrx_word' id='word_1_291' title='bbox 1464 1957 1536 2008; x_wconf 83' lang='lat' dir='ltr'>dicit</span> <span class='ocrx_word' id='word_1_292' title='bbox 1547 1949 1683 2021; x_wconf 87' lang='lat' dir='ltr'>discipulis</span> <span class='ocrx_word' id='word_1_293' title='bbox 1690 1949 1737 2003; x_wconf 76' lang='lat' dir='ltr'>saa.</span> 
     </span>
     <span class='ocr_line' id='line_1_21' title="bbox 132 2041 1738 2131; baseline -0.012 -23"><span class='ocrx_word' id='word_1_294' title='bbox 132 2054 169 2108; x_wconf 86' lang='lat' dir='ltr'>ad</span> <span class='ocrx_word' id='word_1_295' title='bbox 184 2056 241 2108; x_wconf 89' lang='lat' dir='ltr'>veri</span> <span class='ocrx_word' id='word_1_296' title='bbox 256 2056 366 2125; x_wconf 72' lang='lat' dir='ltr'>pasche</span> <span class='ocrx_word' id='word_1_297' title='bbox 385 2064 561 2112; x_wconf 86' lang='lat' dir='ltr'>sacramenta</span> <span class='ocrx_word' id='word_1_298' title='bbox 580 2059 712 2112; x_wconf 85' lang='lat' dir='ltr'>transire.</span> <span class='ocrx_word' id='word_1_299' title='bbox 731 2059 797 2114; x_wconf 84' lang='lat' dir='ltr'>ideo</span> <span class='ocrx_word' id='word_1_300' title='bbox 820 2075 932 2131; x_wconf 81' lang='lat' dir='ltr'>qaoque</span> <span class='ocrx_word' id='word_1_301' title='bbox 974 2057 1074 2112; x_wconf 88' lang='lat' dir='ltr'>Finitis</span> <span class='ocrx_word' id='word_1_302' title='bbox 1089 2053 1232 2109; x_wconf 82' lang='lat' dir='ltr'>solemniis</span> <span class='ocrx_word' id='word_1_303' title='bbox 1242 2050 1344 2105; x_wconf 83' lang='lat' dir='ltr'>veteris</span> <span class='ocrx_word' id='word_1_304' title='bbox 1359 2047 1553 2118; x_wconf 67' lang='lat' dir='ltr'>paschaeque</span> <span class='ocrx_word' id='word_1_305' title='bbox 1566 2041 1738 2093; x_wconf 78' lang='lat' dir='ltr'>incommeme</span> 
     </span>
     <span class='ocr_line' id='line_1_22' title="bbox 134 2126 1738 2219; baseline -0.012 -24"><span class='ocrx_word' id='word_1_306' title='bbox 134 2142 273 2196; x_wconf 60' lang='lat' dir='ltr'>mainus</span> <span class='ocrx_word' id='word_1_307' title='bbox 287 2156 382 2213; x_wconf 82' lang='lat' dir='ltr'>perse</span> <span class='ocrx_word' id='word_1_308' title='bbox 397 2160 452 2199; x_wconf 92' lang='lat' dir='ltr'>non</span> <span class='ocrx_word' id='word_1_309' title='bbox 467 2148 732 2217; x_wconf 76' lang='lat' dir='ltr'>censhtaitjejunos</span> <span class='ocrx_word' id='word_1_310' title='bbox 741 2149 868 2219; x_wconf 87' lang='lat' dir='ltr'>accipere</span> <span class='ocrx_word' id='word_1_311' title='bbox 881 2164 933 2203; x_wconf 86' lang='lat' dir='ltr'>nos</span> <span class='ocrx_word' id='word_1_312' title='bbox 973 2146 1113 2200; x_wconf 86' lang='lat' dir='ltr'>rationem</span> <span class='ocrx_word' id='word_1_313' title='bbox 1128 2143 1251 2212; x_wconf 81' lang='lat' dir='ltr'>antiqua</span> <span class='ocrx_word' id='word_1_314' title='bbox 1266 2135 1438 2194; x_wconf 84' lang='lat' dir='ltr'>liberationis</span> <span class='ocrx_word' id='word_1_315' title='bbox 1450 2127 1644 2204; x_wconf 87' lang='lat' dir='ltr'>populiDeide</span> <span class='ocrx_word' id='word_1_316' title='bbox 1653 2126 1738 2195; x_wconf 75' lang='lat' dir='ltr'>AEgyptr</span> 
     </span>
     <span class='ocr_line' id='line_1_23' title="bbox 135 2215 1738 2307; baseline -0.012 -22"><span class='ocrx_word' id='word_1_317' title='bbox 135 2238 312 2285; x_wconf 85' lang='lat' dir='ltr'>sacramente</span> <span class='ocrx_word' id='word_1_318' title='bbox 327 2232 518 2299; x_wconf 72' lang='lat' dir='ltr'>Eucharistiae,</span> <span class='ocrx_word' id='word_1_319' title='bbox 531 2241 562 2289; x_wconf 92' lang='lat' dir='ltr'>ut</span> <span class='ocrx_word' id='word_1_320' title='bbox 578 2235 715 2290; x_wconf 84' lang='lat' dir='ltr'>haberent</span> <span class='ocrx_word' id='word_1_321' title='bbox 732 2238 794 2306; x_wconf 78' lang='lat' dir='ltr'>ejus</span> <span class='ocrx_word' id='word_1_322' title='bbox 813 2238 933 2307; x_wconf 86' lang='lat' dir='ltr'>apostoli</span> <span class='ocrx_word' id='word_1_323' title='bbox 974 2233 1131 2304; x_wconf 82' lang='lat' dir='ltr'>agebantur</span> <span class='ocrx_word' id='word_1_324' title='bbox 1146 2229 1274 2285; x_wconf 86' lang='lat' dir='ltr'>omnibus</span> <span class='ocrx_word' id='word_1_325' title='bbox 1285 2225 1377 2287; x_wconf 90' lang='lat' dir='ltr'>annis,</span> <span class='ocrx_word' id='word_1_326' title='bbox 1388 2221 1501 2277; x_wconf 91' lang='lat' dir='ltr'>transiit</span> <span class='ocrx_word' id='word_1_327' title='bbox 1511 2217 1607 2272; x_wconf 85' lang='lat' dir='ltr'>statim</span> <span class='ocrx_word' id='word_1_328' title='bbox 1621 2215 1654 2269; x_wconf 86' lang='lat' dir='ltr'>ad</span> <span class='ocrx_word' id='word_1_329' title='bbox 1666 2228 1738 2267; x_wconf 81' lang='lat' dir='ltr'>noma</span> 
     </span>
     <span class='ocr_line' id='line_1_24' title="bbox 134 2300 1739 2397; baseline -0.012 -25"><span class='ocrx_word' id='word_1_330' title='bbox 134 2319 269 2373; x_wconf 85' lang='lat' dir='ltr'>bonerern</span> <span class='ocrx_word' id='word_1_331' title='bbox 285 2320 392 2390; x_wconf 79' lang='lat' dir='ltr'>aliquid</span> <span class='ocrx_word' id='word_1_332' title='bbox 408 2322 555 2377; x_wconf 86' lang='lat' dir='ltr'>ordinandi</span> <span class='ocrx_word' id='word_1_333' title='bbox 574 2324 601 2377; x_wconf 90' lang='lat' dir='ltr'>in</span> <span class='ocrx_word' id='word_1_334' title='bbox 624 2325 864 2385; x_wconf 83' lang='lat' dir='ltr'>senctaEcclesia.</span> <span class='ocrx_word' id='word_1_335' title='bbox 885 2326 934 2397; x_wconf 75' lang='lat' dir='ltr'>aui</span> <span class='ocrx_word' id='word_1_336' title='bbox 976 2324 1089 2395; x_wconf 84' lang='lat' dir='ltr'>pascha,</span> <span class='ocrx_word' id='word_1_337' title='bbox 1116 2321 1187 2374; x_wconf 91' lang='lat' dir='ltr'>sicut</span> <span class='ocrx_word' id='word_1_338' title='bbox 1212 2333 1298 2388; x_wconf 87' lang='lat' dir='ltr'>supra</span> <span class='ocrx_word' id='word_1_339' title='bbox 1320 2314 1452 2377; x_wconf 80' lang='lat' dir='ltr'>diximus,</span> <span class='ocrx_word' id='word_1_340' title='bbox 1474 2306 1550 2378; x_wconf 84' lang='lat' dir='ltr'>quod</span> <span class='ocrx_word' id='word_1_341' title='bbox 1564 2306 1593 2359; x_wconf 91' lang='lat' dir='ltr'>in</span> <span class='ocrx_word' id='word_1_342' title='bbox 1610 2300 1739 2358; x_wconf 77' lang='lat' dir='ltr'>marronea</span> 
     </span>
     <span class='ocr_line' id='line_1_25' title="bbox 133 2390 1739 2485; baseline -0.011 -25"><span class='ocrx_word' id='word_1_343' title='bbox 133 2412 199 2477; x_wconf 88' lang='lat' dir='ltr'>post</span> <span class='ocrx_word' id='word_1_344' title='bbox 212 2409 273 2477; x_wconf 79' lang='lat' dir='ltr'>ejus</span> <span class='ocrx_word' id='word_1_345' title='bbox 288 2411 507 2466; x_wconf 84' lang='lat' dir='ltr'>ascensioneme</span> <span class='ocrx_word' id='word_1_346' title='bbox 520 2419 617 2467; x_wconf 86' lang='lat' dir='ltr'>sancto</span> <span class='ocrx_word' id='word_1_347' title='bbox 629 2413 736 2484; x_wconf 87' lang='lat' dir='ltr'>Spiritu</span> <span class='ocrx_word' id='word_1_348' title='bbox 749 2414 849 2485; x_wconf 83' lang='lat' dir='ltr'>edocti,</span> <span class='ocrx_word' id='word_1_349' title='bbox 863 2415 936 2469; x_wconf 90' lang='lat' dir='ltr'>ordi·</span> <span class='ocrx_word' id='word_1_350' title='bbox 977 2429 1034 2466; x_wconf 76' lang='lat' dir='ltr'>sue</span> <span class='ocrx_word' id='word_1_351' title='bbox 1050 2410 1188 2482; x_wconf 90' lang='lat' dir='ltr'>passionis</span> <span class='ocrx_word' id='word_1_352' title='bbox 1201 2413 1228 2462; x_wconf 88' lang='lat' dir='ltr'>et</span> <span class='ocrx_word' id='word_1_353' title='bbox 1243 2396 1565 2469; x_wconf 77' lang='lat' dir='ltr'>nostraeretIomptionis,</span> <span class='ocrx_word' id='word_1_354' title='bbox 1576 2390 1739 2448; x_wconf 71' lang='lat' dir='ltr'>Ecclesiaste</span> 
     </span>
     <span class='ocr_line' id='line_1_26' title="bbox 136 2485 1737 2572; baseline -0.001 -22"><span class='ocrx_word' id='word_1_355' title='bbox 136 2505 275 2551; x_wconf 65' lang='lat' dir='ltr'>seruant</span> <span class='ocrx_word' id='word_1_356' title='bbox 289 2498 317 2552; x_wconf 92' lang='lat' dir='ltr'>in</span> <span class='ocrx_word' id='word_1_357' title='bbox 332 2500 467 2554; x_wconf 89' lang='lat' dir='ltr'>honorem</span> <span class='ocrx_word' id='word_1_358' title='bbox 481 2502 554 2555; x_wconf 89' lang='lat' dir='ltr'>tanti</span> <span class='ocrx_word' id='word_1_359' title='bbox 566 2509 680 2572; x_wconf 73' lang='lat' dir='ltr'>mmqae</span> <span class='ocrx_word' id='word_1_360' title='bbox 691 2503 824 2557; x_wconf 88' lang='lat' dir='ltr'>terribilis</span> <span class='ocrx_word' id='word_1_361' title='bbox 841 2520 936 2558; x_wconf 76' lang='lat' dir='ltr'>sacre-</span> <span class='ocrx_word' id='word_1_362' title='bbox 977 2501 1113 2570; x_wconf 85' lang='lat' dir='ltr'>relinquit</span> <span class='ocrx_word' id='word_1_363' title='bbox 1126 2493 1372 2567; x_wconf 86' lang='lat' dir='ltr'>trequentandum.</span> <span class='ocrx_word' id='word_1_364' title='bbox 1387 2489 1484 2558; x_wconf 80' lang='lat' dir='ltr'>Fregit</span> <span class='ocrx_word' id='word_1_365' title='bbox 1495 2485 1556 2556; x_wconf 85' lang='lat' dir='ltr'>ipse</span> <span class='ocrx_word' id='word_1_366' title='bbox 1572 2495 1667 2554; x_wconf 78' lang='lat' dir='ltr'>panem</span> <span class='ocrx_word' id='word_1_367' title='bbox 1679 2491 1737 2549; x_wconf 76' lang='lat' dir='ltr'>paea</span> 
     </span>
     <span class='ocr_line' id='line_1_27' title="bbox 135 2563 1738 2664; baseline -0.012 -26"><span class='ocrx_word' id='word_1_368' title='bbox 135 2585 234 2649; x_wconf 72' lang='lat' dir='ltr'>menti,</span> <span class='ocrx_word' id='word_1_369' title='bbox 251 2586 342 2656; x_wconf 88' lang='lat' dir='ltr'>primo</span> <span class='ocrx_word' id='word_1_370' title='bbox 357 2605 408 2642; x_wconf 89' lang='lat' dir='ltr'>nos</span> <span class='ocrx_word' id='word_1_371' title='bbox 419 2590 532 2659; x_wconf 74' lang='lat' dir='ltr'>ieiunos</span> <span class='ocrx_word' id='word_1_372' title='bbox 546 2591 697 2646; x_wconf 81' lang='lat' dir='ltr'>Dominicae</span> <span class='ocrx_word' id='word_1_373' title='bbox 717 2592 854 2662; x_wconf 87' lang='lat' dir='ltr'>passionis</span> <span class='ocrx_word' id='word_1_374' title='bbox 869 2609 934 2664; x_wconf 81' lang='lat' dir='ltr'>par·</span> <span class='ocrx_word' id='word_1_375' title='bbox 977 2588 1122 2660; x_wconf 86' lang='lat' dir='ltr'>discipulis</span> <span class='ocrx_word' id='word_1_376' title='bbox 1145 2588 1318 2657; x_wconf 80' lang='lat' dir='ltr'>porrexerat,</span> <span class='ocrx_word' id='word_1_377' title='bbox 1344 2586 1376 2634; x_wconf 92' lang='lat' dir='ltr'>ut</span> <span class='ocrx_word' id='word_1_378' title='bbox 1397 2575 1560 2632; x_wconf 88' lang='lat' dir='ltr'>ostenderet</span> <span class='ocrx_word' id='word_1_379' title='bbox 1582 2567 1694 2639; x_wconf 87' lang='lat' dir='ltr'>corperis</span> <span class='ocrx_word' id='word_1_380' title='bbox 1710 2563 1738 2618; x_wconf 90' lang='lat' dir='ltr'>sai</span> 
     </span>
     <span class='ocr_line' id='line_1_28' title="bbox 134 2664 1738 2751; baseline -0.012 -23"><span class='ocrx_word' id='word_1_381' title='bbox 134 2673 296 2744; x_wconf 85' lang='lat' dir='ltr'>ticipatione</span> <span class='ocrx_word' id='word_1_382' title='bbox 312 2668 427 2743; x_wconf 84' lang='lat' dir='ltr'>muniri,</span> <span class='ocrx_word' id='word_1_383' title='bbox 442 2678 589 2749; x_wconf 87' lang='lat' dir='ltr'>primoque</span> <span class='ocrx_word' id='word_1_384' title='bbox 603 2680 777 2750; x_wconf 85' lang='lat' dir='ltr'>spiritalibus</span> <span class='ocrx_word' id='word_1_385' title='bbox 789 2683 880 2751; x_wconf 86' lang='lat' dir='ltr'>epulis</span> <span class='ocrx_word' id='word_1_386' title='bbox 890 2683 935 2737; x_wconf 81' lang='lat' dir='ltr'>in·</span> <span class='ocrx_word' id='word_1_387' title='bbox 975 2679 1140 2735; x_wconf 69' lang='lat' dir='ltr'>tractionem</span> <span class='ocrx_word' id='word_1_388' title='bbox 1153 2681 1183 2729; x_wconf 87' lang='lat' dir='ltr'>et</span> <span class='ocrx_word' id='word_1_389' title='bbox 1198 2671 1367 2744; x_wconf 87' lang='lat' dir='ltr'>passionem,</span> <span class='ocrx_word' id='word_1_390' title='bbox 1379 2668 1439 2721; x_wconf 93' lang='lat' dir='ltr'>sine</span> <span class='ocrx_word' id='word_1_391' title='bbox 1453 2681 1504 2719; x_wconf 89' lang='lat' dir='ltr'>saa</span> <span class='ocrx_word' id='word_1_392' title='bbox 1523 2664 1621 2733; x_wconf 88' lang='lat' dir='ltr'>sponte</span> <span class='ocrx_word' id='word_1_393' title='bbox 1636 2671 1682 2711; x_wconf 91' lang='lat' dir='ltr'>non</span> <span class='ocrx_word' id='word_1_394' title='bbox 1694 2668 1738 2706; x_wconf 85' lang='lat' dir='ltr'>rea·</span> 
     </span>
     <span class='ocr_line' id='line_1_29' title="bbox 134 2742 1739 2841; baseline -0.008 -25"><span class='ocrx_word' id='word_1_395' title='bbox 134 2762 224 2817; x_wconf 80' lang='lat' dir='ltr'>terias</span> <span class='ocrx_word' id='word_1_396' title='bbox 238 2764 416 2836; x_wconf 80' lang='lat' dir='ltr'>exteriusque</span> <span class='ocrx_word' id='word_1_397' title='bbox 430 2768 545 2835; x_wconf 77' lang='lat' dir='ltr'>sacrari,</span> <span class='ocrx_word' id='word_1_398' title='bbox 561 2785 595 2823; x_wconf 88' lang='lat' dir='ltr'>ec</span> <span class='ocrx_word' id='word_1_399' title='bbox 608 2769 710 2823; x_wconf 86' lang='lat' dir='ltr'>deindo</span> <span class='ocrx_word' id='word_1_400' title='bbox 724 2770 844 2824; x_wconf 87' lang='lat' dir='ltr'>terrenis</span> <span class='ocrx_word' id='word_1_401' title='bbox 859 2769 936 2841; x_wconf 72' lang='lat' dir='ltr'>‹lopi-</span> <span class='ocrx_word' id='word_1_402' title='bbox 976 2776 1081 2832; x_wconf 85' lang='lat' dir='ltr'>turam,</span> <span class='ocrx_word' id='word_1_403' title='bbox 1097 2769 1170 2822; x_wconf 88' lang='lat' dir='ltr'>sicat</span> <span class='ocrx_word' id='word_1_404' title='bbox 1186 2765 1245 2835; x_wconf 87' lang='lat' dir='ltr'>ipse</span> <span class='ocrx_word' id='word_1_405' title='bbox 1259 2769 1343 2817; x_wconf 83' lang='lat' dir='ltr'>antee</span> <span class='ocrx_word' id='word_1_406' title='bbox 1355 2759 1466 2813; x_wconf 81' lang='lat' dir='ltr'>dixerat</span> <span class='ocrx_word' id='word_1_407' title='bbox 1480 2766 1487 2803; x_wconf 78' lang='lat' dir='ltr'>t</span> <span class='ocrx_word' id='word_1_408' title='bbox 1503 2755 1668 2808; x_wconf 88' lang='lat' dir='ltr'>Potestatem</span> <span class='ocrx_word' id='word_1_409' title='bbox 1678 2742 1739 2798; x_wconf 76' lang='lat' dir='ltr'>aar</span> 
     </span>
     <span class='ocr_line' id='line_1_30' title="bbox 134 2849 1781 2932; baseline -0.001 -28"><span class='ocrx_word' id='word_1_410' title='bbox 134 2849 186 2905; x_wconf 90' lang='lat' dir='ltr'>bas</span> <span class='ocrx_word' id='word_1_411' title='bbox 210 2858 239 2906; x_wconf 91' lang='lat' dir='ltr'>et</span> <span class='ocrx_word' id='word_1_412' title='bbox 261 2853 363 2908; x_wconf 77' lang='lat' dir='ltr'>vilibus</span> <span class='ocrx_word' id='word_1_413' title='bbox 378 2854 450 2909; x_wconf 85' lang='lat' dir='ltr'>escis</span> <span class='ocrx_word' id='word_1_414' title='bbox 463 2866 565 2928; x_wconf 85' lang='lat' dir='ltr'>carpus</span> <span class='ocrx_word' id='word_1_415' title='bbox 588 2857 674 2923; x_wconf 86' lang='lat' dir='ltr'>retici,</span> <span class='ocrx_word' id='word_1_416' title='bbox 699 2875 762 2912; x_wconf 89' lang='lat' dir='ltr'>cam</span> <span class='ocrx_word' id='word_1_417' title='bbox 778 2858 936 2928; x_wconf 87' lang='lat' dir='ltr'>gratiaram</span> <span class='ocrx_word' id='word_1_418' title='bbox 977 2857 1100 2932; x_wconf 86' lang='lat' dir='ltr'>penendi</span> <span class='ocrx_word' id='word_1_419' title='bbox 1115 2855 1240 2910; x_wconf 87' lang='lat' dir='ltr'>animem</span> <span class='ocrx_word' id='word_1_420' title='bbox 1254 2859 1356 2905; x_wconf 86' lang='lat' dir='ltr'>meam.</span> <span class='ocrx_word' id='word_1_421' title='bbox 1775 2850 1781 2911; x_wconf 81' lang='grc'>,“</span> 
     </span>
     <span class='ocr_line' id='line_1_31' title="bbox 135 2917 1781 3016; baseline -0.009 -23"><span class='ocrx_word' id='word_1_422' title='bbox 135 2940 246 2995; x_wconf 75' lang='lat' dir='ltr'>echone</span> <span class='ocrx_word' id='word_1_423' title='bbox 260 2949 364 2997; x_wconf 91' lang='lat' dir='ltr'>etcum</span> <span class='ocrx_word' id='word_1_424' title='bbox 380 2947 566 3014; x_wconf 85' lang='lat' dir='ltr'>temperentia</span> <span class='ocrx_word' id='word_1_425' title='bbox 581 2953 666 3016; x_wconf 91' lang='lat' dir='ltr'>atque</span> <span class='ocrx_word' id='word_1_426' title='bbox 681 2947 842 3003; x_wconf 87' lang='lat' dir='ltr'>sobrietate.</span> <span class='ocrx_word' id='word_1_427' title='bbox 1013 2950 1131 3015; x_wconf 80' lang='lat' dir='ltr'>Accipite</span> <span class='ocrx_word' id='word_1_428' title='bbox 1142 2942 1340 2998; x_wconf 83' lang='lat' dir='ltr'>etmcrrdacate</span> <span class='ocrx_word' id='word_1_429' title='bbox 1354 2955 1362 2989; x_wconf 89' lang='lat'><em>:</em></span> <span class='ocrx_word' id='word_1_430' title='bbox 1376 2938 1425 2991; x_wconf 85' lang='lat' dir='ltr'>hoc</span> <span class='ocrx_word' id='word_1_431' title='bbox 1439 2940 1477 2989; x_wconf 86' lang='lat' dir='ltr'>est</span> <span class='ocrx_word' id='word_1_432' title='bbox 1488 2947 1588 3000; x_wconf 83' lang='lat' dir='ltr'>corpas</span> <span class='ocrx_word' id='word_1_433' title='bbox 1601 2917 1737 2992; x_wconf 53' lang='lat' dir='ltr'>ammae&amp;</span> <span class='ocrx_word' id='word_1_434' title='bbox 1778 2940 1781 2951; x_wconf 92' lang='lat'>·</span> 
     </span>
     <span class='ocr_line' id='line_1_32' title="bbox 172 3021 1735 3108; baseline -0.003 -27"><span class='ocrx_word' id='word_1_435' title='bbox 172 3028 363 3099; x_wconf 78' lang='lat' dir='ltr'>Crruspaisqae</span> <span class='ocrx_word' id='word_1_436' title='bbox 371 3037 532 3087; x_wconf 68' lang='lat' dir='ltr'>citissimam</span> <span class='ocrx_word' id='word_1_437' title='bbox 543 3040 794 3104; x_wconf 79' lang='lat' dir='ltr'>crermmprrcsamit</span> <span class='ocrx_word' id='word_1_438' title='bbox 809 3036 933 3089; x_wconf 75' lang='lat' dir='ltr'>naraon·</span> <span class='ocrx_word' id='word_1_439' title='bbox 972 3053 1024 3108; x_wconf 84' lang='lat' dir='ltr'>pro</span> <span class='ocrx_word' id='word_1_440' title='bbox 1038 3037 1112 3090; x_wconf 86' lang='lat' dir='ltr'>nobis</span> <span class='ocrx_word' id='word_1_441' title='bbox 1128 3034 1264 3088; x_wconf 83' lang='lat' dir='ltr'>tradetur.</span> <span class='ocrx_word' id='word_1_442' title='bbox 1274 3029 1426 3083; x_wconf 85' lang='lat' dir='ltr'>Sicatcaro</span> <span class='ocrx_word' id='word_1_443' title='bbox 1437 3021 1542 3078; x_wconf 81' lang='lat' dir='ltr'>Christi</span> <span class='ocrx_word' id='word_1_444' title='bbox 1552 3033 1635 3090; x_wconf 78' lang='lat' dir='ltr'>quem</span> <span class='ocrx_word' id='word_1_445' title='bbox 1642 3023 1735 3077; x_wconf 73' lang='lat' dir='ltr'>esttffil</span> 
     </span>
     <span class='ocr_line' id='line_1_33' title="bbox 136 3106 1732 3195; baseline 0.001 -29"><span class='ocrx_word' id='word_1_446' title='bbox 136 3114 306 3170; x_wconf 81' lang='lat' dir='ltr'>dacarsdam.</span> <span class='ocrx_word' id='word_1_447' title='bbox 332 3119 367 3172; x_wconf 79' lang='lat' dir='ltr'>lit</span> <span class='ocrx_word' id='word_1_448' title='bbox 390 3120 442 3173; x_wconf 92' lang='lat' dir='ltr'>hoc</span> <span class='ocrx_word' id='word_1_449' title='bbox 454 3122 585 3176; x_wconf 88' lang='lat' dir='ltr'>similiter</span> <span class='ocrx_word' id='word_1_450' title='bbox 597 3124 702 3194; x_wconf 89' lang='lat' dir='ltr'>duplici</span> <span class='ocrx_word' id='word_1_451' title='bbox 716 3125 798 3178; x_wconf 88' lang='lat' dir='ltr'>modo</span> <span class='ocrx_word' id='word_1_452' title='bbox 812 3123 933 3195; x_wconf 80' lang='lat' dir='ltr'>intelligi</span> <span class='ocrx_word' id='word_1_453' title='bbox 975 3126 1051 3181; x_wconf 84' lang='lat' dir='ltr'>sitin</span> <span class='ocrx_word' id='word_1_454' title='bbox 1064 3130 1145 3178; x_wconf 88' lang='lat' dir='ltr'>utero</span> <span class='ocrx_word' id='word_1_455' title='bbox 1158 3119 1297 3190; x_wconf 83' lang='lat' dir='ltr'>virginali,</span> <span class='ocrx_word' id='word_1_456' title='bbox 1312 3130 1411 3171; x_wconf 80' lang='lat' dir='ltr'>serum</span> <span class='ocrx_word' id='word_1_457' title='bbox 1424 3118 1527 3182; x_wconf 82' lang='lat' dir='ltr'>carpat</span> <span class='ocrx_word' id='word_1_458' title='bbox 1539 3111 1601 3180; x_wconf 88' lang='lat' dir='ltr'>ejas</span> <span class='ocrx_word' id='word_1_459' title='bbox 1615 3109 1662 3167; x_wconf 81' lang='lat' dir='ltr'>ut</span> <span class='ocrx_word' id='word_1_460' title='bbox 1671 3106 1732 3169; x_wconf 73' lang='lat' dir='ltr'>tll¹l</span> 
     </span>
     <span class='ocr_line' id='line_1_34' title="bbox 134 3193 1734 3276; baseline -0.008 -20"><span class='ocrx_word' id='word_1_461' title='bbox 134 3207 237 3272; x_wconf 88' lang='lat' dir='ltr'>potest,</span> <span class='ocrx_word' id='word_1_462' title='bbox 253 3211 284 3258; x_wconf 93' lang='lat' dir='ltr'>at</span> <span class='ocrx_word' id='word_1_463' title='bbox 299 3205 475 3276; x_wconf 87' lang='lat' dir='ltr'>intelligetur</span> <span class='ocrx_word' id='word_1_464' title='bbox 486 3220 593 3264; x_wconf 88' lang='lat' dir='ltr'>coenam</span> <span class='ocrx_word' id='word_1_465' title='bbox 610 3221 816 3267; x_wconf 77' lang='lat' dir='ltr'>sacranientans</span> <span class='ocrx_word' id='word_1_466' title='bbox 830 3214 934 3267; x_wconf 86' lang='lat' dir='ltr'>Eacha·</span> <span class='ocrx_word' id='word_1_467' title='bbox 975 3222 1072 3270; x_wconf 87' lang='lat' dir='ltr'>nostra</span> <span class='ocrx_word' id='word_1_468' title='bbox 1085 3213 1176 3267; x_wconf 81' lang='lat' dir='ltr'>salute</span> <span class='ocrx_word' id='word_1_469' title='bbox 1190 3210 1322 3271; x_wconf 81' lang='lat' dir='ltr'>ordeum,</span> <span class='ocrx_word' id='word_1_470' title='bbox 1334 3207 1374 3259; x_wconf 90' lang='lat' dir='ltr'>ita</span> <span class='ocrx_word' id='word_1_471' title='bbox 1389 3204 1469 3275; x_wconf 88' lang='lat' dir='ltr'>panis</span> <span class='ocrx_word' id='word_1_472' title='bbox 1480 3212 1564 3272; x_wconf 81' lang='lat' dir='ltr'>quern</span> <span class='ocrx_word' id='word_1_473' title='bbox 1576 3193 1734 3252; x_wconf 82' lang='lat' dir='ltr'>Christastrt·</span> 
     </span>
     <span class='ocr_line' id='line_1_35' title="bbox 135 3271 1733 3372; baseline -0.005 -29"><span class='ocrx_word' id='word_1_474' title='bbox 135 3289 232 3354; x_wconf 78' lang='lat' dir='ltr'>risile,</span> <span class='ocrx_word' id='word_1_475' title='bbox 255 3293 330 3361; x_wconf 90' lang='lat' dir='ltr'>qaod</span> <span class='ocrx_word' id='word_1_476' title='bbox 354 3295 395 3347; x_wconf 90' lang='lat' dir='ltr'>illi</span> <span class='ocrx_word' id='word_1_477' title='bbox 420 3296 523 3366; x_wconf 82' lang='lat' dir='ltr'>singuli</span> <span class='ocrx_word' id='word_1_478' title='bbox 546 3298 599 3352; x_wconf 88' lang='lat' dir='ltr'>sibi</span> <span class='ocrx_word' id='word_1_479' title='bbox 620 3300 808 3360; x_wconf 81' lang='lat' dir='ltr'>vindicabant,</span> <span class='ocrx_word' id='word_1_480' title='bbox 829 3302 871 3355; x_wconf 83' lang='lat' dir='ltr'>rel</span> <span class='ocrx_word' id='word_1_481' title='bbox 885 3299 935 3356; x_wconf 87' lang='lat' dir='ltr'>itte</span> <span class='ocrx_word' id='word_1_482' title='bbox 975 3305 1047 3360; x_wconf 89' lang='lat' dir='ltr'>didit</span> <span class='ocrx_word' id='word_1_483' title='bbox 1060 3300 1204 3372; x_wconf 86' lang='lat' dir='ltr'>discipulis</span> <span class='ocrx_word' id='word_1_484' title='bbox 1226 3300 1285 3352; x_wconf 88' lang='lat' dir='ltr'>suis</span> <span class='ocrx_word' id='word_1_485' title='bbox 1306 3293 1492 3362; x_wconf 88' lang='lat' dir='ltr'>omnibusque</span> <span class='ocrx_word' id='word_1_486' title='bbox 1507 3271 1733 3360; x_wconf 71' lang='lat' dir='ltr'>praedestinasset</span> 
     </span>
     <span class='ocr_line' id='line_1_36' title="bbox 136 3377 1733 3460; baseline -0.006 -29"><span class='ocrx_word' id='word_1_487' title='bbox 136 3381 304 3448; x_wconf 77' lang='lat' dir='ltr'>preparatio</span> <span class='ocrx_word' id='word_1_488' title='bbox 316 3384 515 3451; x_wconf 83' lang='lat' dir='ltr'>conviviorum,</span> <span class='ocrx_word' id='word_1_489' title='bbox 525 3399 610 3456; x_wconf 82' lang='lat' dir='ltr'>quarn</span> <span class='ocrx_word' id='word_1_490' title='bbox 620 3393 769 3459; x_wconf 89' lang='lat' dir='ltr'>utramque</span> <span class='ocrx_word' id='word_1_491' title='bbox 782 3389 862 3443; x_wconf 88' lang='lat' dir='ltr'>illiat</span> <span class='ocrx_word' id='word_1_492' title='bbox 872 3404 934 3460; x_wconf 88' lang='lat' dir='ltr'>pro·</span> <span class='ocrx_word' id='word_1_493' title='bbox 974 3392 1060 3446; x_wconf 85' lang='lat' dir='ltr'>vitem</span> <span class='ocrx_word' id='word_1_494' title='bbox 1071 3398 1213 3450; x_wconf 80' lang='lat' dir='ltr'>aternam,</span> <span class='ocrx_word' id='word_1_495' title='bbox 1228 3392 1256 3440; x_wconf 93' lang='lat' dir='ltr'>et</span> <span class='ocrx_word' id='word_1_496' title='bbox 1270 3401 1351 3456; x_wconf 89' lang='lat' dir='ltr'>quem</span> <span class='ocrx_word' id='word_1_497' title='bbox 1366 3379 1490 3453; x_wconf 90' lang='lat' dir='ltr'>quotidie</span> <span class='ocrx_word' id='word_1_498' title='bbox 1504 3377 1733 3433; x_wconf 69' lang='lat' dir='ltr'>conserenteis·</span> 
     </span>
     <span class='ocr_line' id='line_1_37' title="bbox 135 3455 1731 3540; baseline -0.004 -20"><span class='ocrx_word' id='word_1_499' title='bbox 135 3467 226 3536; x_wconf 86' lang='lat' dir='ltr'>priam</span> <span class='ocrx_word' id='word_1_500' title='bbox 251 3471 466 3540; x_wconf 85' lang='lat' dir='ltr'>manducabant,</span> <span class='ocrx_word' id='word_1_501' title='bbox 491 3486 547 3529; x_wconf 89' lang='lat' dir='ltr'>nen</span> <span class='ocrx_word' id='word_1_502' title='bbox 573 3477 812 3532; x_wconf 86' lang='lat' dir='ltr'>communicantes</span> <span class='ocrx_word' id='word_1_503' title='bbox 834 3478 934 3532; x_wconf 81' lang='lat' dir='ltr'>exinde</span> <span class='ocrx_word' id='word_1_504' title='bbox 974 3481 1053 3535; x_wconf 83' lang='lat' dir='ltr'>dotes</span> <span class='ocrx_word' id='word_1_505' title='bbox 1067 3479 1095 3533; x_wconf 89' lang='lat' dir='ltr'>ia</span> <span class='ocrx_word' id='word_1_506' title='bbox 1110 3476 1307 3532; x_wconf 70' lang='lat' dir='ltr'>bestesiacum</span> <span class='ocrx_word' id='word_1_507' title='bbox 1323 3472 1423 3525; x_wconf 84' lang='lat' dir='ltr'>virtute</span> <span class='ocrx_word' id='word_1_508' title='bbox 1435 3466 1602 3523; x_wconf 75' lang='lat' dir='ltr'>divinitatis.</span> <span class='ocrx_word' id='word_1_509' title='bbox 1619 3455 1731 3532; x_wconf 73' lang='lat' dir='ltr'>qunillaa</span> 
     </span>
     <span class='ocr_line' id='line_1_38' title="bbox 136 3544 1733 3640; baseline -0.004 -30"><span class='ocrx_word' id='word_1_510' title='bbox 136 3558 315 3627; x_wconf 85' lang='lat' dir='ltr'>pauperibus.</span> <span class='ocrx_word' id='word_1_511' title='bbox 329 3560 455 3616; x_wconf 78' lang='lat' dir='ltr'>Diximus</span> <span class='ocrx_word' id='word_1_512' title='bbox 465 3565 595 3634; x_wconf 79' lang='lat' dir='ltr'>superius</span> <span class='ocrx_word' id='word_1_513' title='bbox 614 3564 745 3626; x_wconf 80' lang='lat' dir='ltr'>breviter,</span> <span class='ocrx_word' id='word_1_514' title='bbox 761 3581 869 3621; x_wconf 74' lang='lat' dir='ltr'>coenam</span> <span class='ocrx_word' id='word_1_515' title='bbox 890 3582 934 3621; x_wconf 91' lang='lat' dir='ltr'>vo·</span> <span class='ocrx_word' id='word_1_516' title='bbox 974 3570 1064 3640; x_wconf 90' lang='lat' dir='ltr'>replet</span> <span class='ocrx_word' id='word_1_517' title='bbox 1079 3582 1180 3638; x_wconf 88' lang='lat' dir='ltr'>penem</span> <span class='ocrx_word' id='word_1_518' title='bbox 1192 3574 1301 3623; x_wconf 83' lang='lat' dir='ltr'>reram,</span> <span class='ocrx_word' id='word_1_519' title='bbox 1321 3576 1422 3630; x_wconf 88' lang='lat' dir='ltr'>corpus</span> <span class='ocrx_word' id='word_1_520' title='bbox 1440 3555 1548 3612; x_wconf 84' lang='lat' dir='ltr'>Christi</span> <span class='ocrx_word' id='word_1_521' title='bbox 1563 3560 1614 3616; x_wconf 89' lang='lat' dir='ltr'>est,</span> <span class='ocrx_word' id='word_1_522' title='bbox 1634 3565 1677 3604; x_wconf 87' lang='lat' dir='ltr'>aec</span> <span class='ocrx_word' id='word_1_523' title='bbox 1690 3544 1733 3638; x_wconf 62' lang='lat' dir='ltr'>still</span> 
     </span>
     <span class='ocr_line' id='line_1_39' title="bbox 136 3640 1732 3727; baseline -0.007 -29"><span class='ocrx_word' id='word_1_524' title='bbox 136 3647 194 3698; x_wconf 91' lang='lat' dir='ltr'>cari</span> <span class='ocrx_word' id='word_1_525' title='bbox 209 3650 608 3708; x_wconf 81' lang='lat' dir='ltr'>acommunioneroscontium</span> <span class='ocrx_word' id='word_1_526' title='bbox 618 3655 698 3725; x_wconf 87' lang='lat' dir='ltr'>quasi</span> <span class='ocrx_word' id='word_1_527' title='bbox 713 3670 860 3709; x_wconf 88' lang='lat' dir='ltr'>commune</span> <span class='ocrx_word' id='word_1_528' title='bbox 869 3670 933 3710; x_wconf 91' lang='lat' dir='ltr'>con·</span> <span class='ocrx_word' id='word_1_529' title='bbox 973 3659 1030 3713; x_wconf 84' lang='lat' dir='ltr'>duo</span> <span class='ocrx_word' id='word_1_530' title='bbox 1044 3655 1218 3727; x_wconf 77' lang='lat' dir='ltr'>corporallla</span> <span class='ocrx_word' id='word_1_531' title='bbox 1231 3666 1388 3722; x_wconf 87' lang='lat' dir='ltr'>oaroqaara</span> <span class='ocrx_word' id='word_1_532' title='bbox 1401 3644 1565 3715; x_wconf 85' lang='lat' dir='ltr'>assumpsit,</span> <span class='ocrx_word' id='word_1_533' title='bbox 1576 3650 1606 3697; x_wconf 87' lang='lat' dir='ltr'>et</span> <span class='ocrx_word' id='word_1_534' title='bbox 1615 3641 1661 3694; x_wconf 88' lang='lat' dir='ltr'>iste</span> <span class='ocrx_word' id='word_1_535' title='bbox 1672 3640 1732 3705; x_wconf 74' lang='lat' dir='ltr'>perat,</span> 
     </span>
     <span class='ocr_line' id='line_1_40' title="bbox 136 3727 1734 3813; baseline -0.004 -27"><span class='ocrx_word' id='word_1_536' title='bbox 136 3733 251 3800; x_wconf 81' lang='lat' dir='ltr'>viriam,</span> <span class='ocrx_word' id='word_1_537' title='bbox 275 3752 509 3810; x_wconf 85' lang='lat' dir='ltr'>cornmaaeraqae</span> <span class='ocrx_word' id='word_1_538' title='bbox 531 3758 623 3796; x_wconf 88' lang='lat' dir='ltr'>escam</span> <span class='ocrx_word' id='word_1_539' title='bbox 642 3752 727 3813; x_wconf 87' lang='lat' dir='ltr'>atque</span> <span class='ocrx_word' id='word_1_540' title='bbox 742 3745 931 3798; x_wconf 87' lang='lat' dir='ltr'>relectionem.</span> <span class='ocrx_word' id='word_1_541' title='bbox 975 3747 1023 3801; x_wconf 88' lang='lat' dir='ltr'>sed</span> <span class='ocrx_word' id='word_1_542' title='bbox 1036 3760 1123 3801; x_wconf 85' lang='lat' dir='ltr'>anain</span> <span class='ocrx_word' id='word_1_543' title='bbox 1137 3756 1234 3797; x_wconf 82' lang='lat' dir='ltr'>seram</span> <span class='ocrx_word' id='word_1_544' title='bbox 1246 3727 1347 3811; x_wconf 88' lang='lat' dir='ltr'>carpus</span> <span class='ocrx_word' id='word_1_545' title='bbox 1360 3737 1466 3791; x_wconf 81' lang='lat' dir='ltr'>iaciant</span> <span class='ocrx_word' id='word_1_546' title='bbox 1480 3731 1610 3789; x_wconf 82' lang='lat' dir='ltr'>Christi:</span> <span class='ocrx_word' id='word_1_547' title='bbox 1629 3727 1734 3781; x_wconf 73' lang='lat' dir='ltr'>manna</span> 
     </span>
     <span class='ocr_line' id='line_1_41' title="bbox 139 3814 1734 3900; baseline -0.007 -20"><span class='ocrx_word' id='word_1_548' title='bbox 139 3820 231 3875; x_wconf 75' lang='lat' dir='ltr'>Kotais</span> <span class='ocrx_word' id='word_1_549' title='bbox 241 3825 344 3896; x_wconf 84' lang='lat' dir='ltr'>quippe</span> <span class='ocrx_word' id='word_1_550' title='bbox 353 3827 442 3881; x_wconf 74' lang='lat' dir='ltr'>Greci</span> <span class='ocrx_word' id='word_1_551' title='bbox 454 3827 551 3883; x_wconf 87' lang='lat' dir='ltr'>dicant</span> <span class='ocrx_word' id='word_1_552' title='bbox 560 3847 720 3886; x_wconf 84' lang='lat' dir='ltr'>commane.</span> <span class='ocrx_word' id='word_1_553' title='bbox 734 3832 814 3885; x_wconf 88' lang='lat' dir='ltr'>Unde</span> <span class='ocrx_word' id='word_1_554' title='bbox 823 3841 850 3885; x_wconf 86' lang='lat' dir='ltr'>et</span> <span class='ocrx_word' id='word_1_555' title='bbox 860 3846 934 3885; x_wconf 88' lang='lat' dir='ltr'>com·</span> <span class='ocrx_word' id='word_1_556' title='bbox 974 3841 1007 3890; x_wconf 87' lang='lat' dir='ltr'>nt</span> <span class='ocrx_word' id='word_1_557' title='bbox 1020 3835 1086 3889; x_wconf 86' lang='lat' dir='ltr'>dnm</span> <span class='ocrx_word' id='word_1_558' title='bbox 1101 3834 1147 3887; x_wconf 88' lang='lat' dir='ltr'>illo</span> <span class='ocrx_word' id='word_1_559' title='bbox 1161 3829 1303 3900; x_wconf 80' lang='lat' dir='ltr'>frangitur</span> <span class='ocrx_word' id='word_1_560' title='bbox 1314 3834 1343 3882; x_wconf 90' lang='lat' dir='ltr'>et</span> <span class='ocrx_word' id='word_1_561' title='bbox 1357 3825 1525 3883; x_wconf 85' lang='lat' dir='ltr'>comeditur,</span> <span class='ocrx_word' id='word_1_562' title='bbox 1535 3814 1734 3876; x_wconf 76' lang='lat' dir='ltr'>christasiaar</span> 
     </span>
     <span class='ocr_line' id='line_1_42' title="bbox 138 3893 1734 3991; baseline -0.003 -28"><span class='ocrx_word' id='word_1_563' title='bbox 138 3913 316 3968; x_wconf 82' lang='lat' dir='ltr'>manicantes</span> <span class='ocrx_word' id='word_1_564' title='bbox 330 3915 744 3988; x_wconf 84' lang='lat' dir='ltr'>dicantar,qaodcommuniter</span> <span class='ocrx_word' id='word_1_565' title='bbox 755 3921 814 3974; x_wconf 84' lang='lat' dir='ltr'>sive</span> <span class='ocrx_word' id='word_1_566' title='bbox 829 3920 935 3990; x_wconf 88' lang='lat' dir='ltr'>pariter</span> <span class='ocrx_word' id='word_1_567' title='bbox 974 3924 1049 3979; x_wconf 81' lang='lat' dir='ltr'>latur</span> <span class='ocrx_word' id='word_1_568' title='bbox 1063 3928 1092 3977; x_wconf 88' lang='lat' dir='ltr'>et</span> <span class='ocrx_word' id='word_1_569' title='bbox 1105 3921 1277 3982; x_wconf 89' lang='lat' dir='ltr'>comedatur,</span> <span class='ocrx_word' id='word_1_570' title='bbox 1292 3924 1321 3972; x_wconf 89' lang='lat' dir='ltr'>et</span> <span class='ocrx_word' id='word_1_571' title='bbox 1334 3913 1548 3981; x_wconf 84' lang='lat' dir='ltr'>temenihteger</span> <span class='ocrx_word' id='word_1_572' title='bbox 1560 3908 1695 3963; x_wconf 71' lang='lat' dir='ltr'>manete</span> <span class='ocrx_word' id='word_1_573' title='bbox 1707 3893 1734 3991; x_wconf 70' lang='lat' dir='ltr'>tl·</span> 
     </span>
     <span class='ocr_line' id='line_1_43' title="bbox 136 3987 1735 4078; baseline -0.001 -27"><span class='ocrx_word' id='word_1_574' title='bbox 136 4000 293 4056; x_wconf 87' lang='lat' dir='ltr'>comedant.</span> <span class='ocrx_word' id='word_1_575' title='bbox 303 4005 384 4074; x_wconf 86' lang='lat' dir='ltr'>hpad</span> <span class='ocrx_word' id='word_1_576' title='bbox 395 4013 503 4061; x_wconf 81' lang='lat' dir='ltr'>veteres</span> <span class='ocrx_word' id='word_1_577' title='bbox 510 4008 585 4063; x_wconf 80' lang='lat' dir='ltr'>enim</span> <span class='ocrx_word' id='word_1_578' title='bbox 595 4010 768 4064; x_wconf 89' lang='lat' dir='ltr'>consuetudo</span> <span class='ocrx_word' id='word_1_579' title='bbox 778 4016 848 4075; x_wconf 87' lang='lat' dir='ltr'>erat,</span> <span class='ocrx_word' id='word_1_580' title='bbox 865 4010 934 4063; x_wconf 87' lang='lat' dir='ltr'>hora</span> <span class='ocrx_word' id='word_1_581' title='bbox 975 4027 1036 4068; x_wconf 82' lang='lat' dir='ltr'>vus,</span> <span class='ocrx_word' id='word_1_582' title='bbox 1054 4009 1088 4067; x_wconf 81' lang='lat' dir='ltr'>lit</span> <span class='ocrx_word' id='word_1_583' title='bbox 1100 4011 1172 4065; x_wconf 88' lang='lat' dir='ltr'>sicut</span> <span class='ocrx_word' id='word_1_584' title='bbox 1193 4009 1262 4063; x_wconf 90' lang='lat' dir='ltr'>illud</span> <span class='ocrx_word' id='word_1_585' title='bbox 1276 4020 1380 4078; x_wconf 87' lang='lat' dir='ltr'>corpas</span> <span class='ocrx_word' id='word_1_586' title='bbox 1399 4002 1473 4074; x_wconf 90' lang='lat' dir='ltr'>qaod</span> <span class='ocrx_word' id='word_1_587' title='bbox 1495 4001 1524 4054; x_wconf 94' lang='lat' dir='ltr'>ln</span> <span class='ocrx_word' id='word_1_588' title='bbox 1543 4013 1624 4054; x_wconf 90' lang='lat' dir='ltr'>eruce</span> <span class='ocrx_word' id='word_1_589' title='bbox 1640 3987 1735 4061; x_wconf 66' lang='lat' dir='ltr'>depassll</span> 
     </span>
     <span class='ocr_line' id='line_1_44' title="bbox 136 4082 1734 4174; baseline -0.004 -31"><span class='ocrx_word' id='word_1_590' title='bbox 136 4103 211 4143; x_wconf 89' lang='lat' dir='ltr'>nona</span> <span class='ocrx_word' id='word_1_591' title='bbox 224 4107 342 4156; x_wconf 83' lang='lat' dir='ltr'>coenore,</span> <span class='ocrx_word' id='word_1_592' title='bbox 360 4111 417 4148; x_wconf 91' lang='lat' dir='ltr'>aon</span> <span class='ocrx_word' id='word_1_593' title='bbox 431 4096 460 4148; x_wconf 95' lang='lat' dir='ltr'>in</span> <span class='ocrx_word' id='word_1_594' title='bbox 475 4096 647 4161; x_wconf 86' lang='lat' dir='ltr'>abscondito,</span> <span class='ocrx_word' id='word_1_595' title='bbox 670 4099 718 4153; x_wconf 88' lang='lat' dir='ltr'>sed</span> <span class='ocrx_word' id='word_1_596' title='bbox 730 4099 758 4153; x_wconf 90' lang='lat' dir='ltr'>in</span> <span class='ocrx_word' id='word_1_597' title='bbox 774 4097 932 4170; x_wconf 85' lang='lat' dir='ltr'>propatulo,</span> <span class='ocrx_word' id='word_1_598' title='bbox 974 4118 1025 4174; x_wconf 89' lang='lat' dir='ltr'>pro</span> <span class='ocrx_word' id='word_1_599' title='bbox 1050 4107 1146 4155; x_wconf 89' lang='lat' dir='ltr'>nostra</span> <span class='ocrx_word' id='word_1_600' title='bbox 1163 4095 1252 4152; x_wconf 87' lang='lat' dir='ltr'>salute</span> <span class='ocrx_word' id='word_1_601' title='bbox 1270 4102 1298 4149; x_wconf 91' lang='lat' dir='ltr'>et</span> <span class='ocrx_word' id='word_1_602' title='bbox 1317 4091 1510 4162; x_wconf 83' lang='lat' dir='ltr'>redemptione</span> <span class='ocrx_word' id='word_1_603' title='bbox 1525 4094 1571 4143; x_wconf 87' lang='lat' dir='ltr'>est</span> <span class='ocrx_word' id='word_1_604' title='bbox 1583 4082 1734 4142; x_wconf 71' lang='lat' dir='ltr'>immolant·</span> 
     </span>
     <span class='ocr_line' id='line_1_45' title="bbox 136 4171 1735 4260; baseline 0.001 -32"><span class='ocrx_word' id='word_1_605' title='bbox 136 4190 172 4229; x_wconf 91' lang='lat' dir='ltr'>ne</span> <span class='ocrx_word' id='word_1_606' title='bbox 186 4178 369 4247; x_wconf 83' lang='lat' dir='ltr'>singularitas</span> <span class='ocrx_word' id='word_1_607' title='bbox 383 4184 520 4237; x_wconf 76' lang='lat' dir='ltr'>lanariam</span> <span class='ocrx_word' id='word_1_608' title='bbox 534 4186 715 4254; x_wconf 78' lang='lat' dir='ltr'>gigneretltt</span> <span class='ocrx_word' id='word_1_609' title='bbox 724 4191 800 4241; x_wconf 81' lang='lat' dir='ltr'>alias</span> <span class='ocrx_word' id='word_1_610' title='bbox 810 4189 931 4255; x_wconf 80' lang='lat' dir='ltr'>quidem,</span> <span class='ocrx_word' id='word_1_611' title='bbox 974 4191 1015 4244; x_wconf 88' lang='lat' dir='ltr'>ite</span> <span class='ocrx_word' id='word_1_612' title='bbox 1029 4189 1153 4260; x_wconf 83' lang='lat' dir='ltr'>quotidie</span> <span class='ocrx_word' id='word_1_613' title='bbox 1168 4188 1203 4241; x_wconf 86' lang='lat' dir='ltr'>ed</span> <span class='ocrx_word' id='word_1_614' title='bbox 1218 4191 1344 4240; x_wconf 86' lang='lat' dir='ltr'>nostram</span> <span class='ocrx_word' id='word_1_615' title='bbox 1363 4182 1484 4236; x_wconf 82' lang='lat' dir='ltr'>salutent</span> <span class='ocrx_word' id='word_1_616' title='bbox 1507 4184 1536 4233; x_wconf 90' lang='lat' dir='ltr'>et</span> <span class='ocrx_word' id='word_1_617' title='bbox 1550 4171 1735 4244; x_wconf 59' lang='lat' dir='ltr'>redemptione</span> 
     </span>
     <span class='ocr_line' id='line_1_46' title="bbox 138 4256 1736 4349; baseline 0.006 -35"><span class='ocrx_word' id='word_1_618' title='bbox 138 4270 272 4331; x_wconf 82' lang='lat' dir='ltr'>vestrum,</span> <span class='ocrx_word' id='word_1_619' title='bbox 288 4274 384 4333; x_wconf 73' lang='lat' dir='ltr'>errarit,</span> <span class='ocrx_word' id='word_1_620' title='bbox 405 4271 452 4324; x_wconf 86' lang='lat' dir='ltr'>ille</span> <span class='ocrx_word' id='word_1_621' title='bbox 469 4273 596 4327; x_wconf 87' lang='lat' dir='ltr'>videlicet</span> <span class='ocrx_word' id='word_1_622' title='bbox 623 4276 670 4343; x_wconf 88' lang='lat' dir='ltr'>qai</span> <span class='ocrx_word' id='word_1_623' title='bbox 691 4281 855 4346; x_wconf 83' lang='lat' dir='ltr'>paupertate</span> <span class='ocrx_word' id='word_1_624' title='bbox 867 4290 933 4347; x_wconf 87' lang='lat' dir='ltr'>pre-</span> <span class='ocrx_word' id='word_1_625' title='bbox 974 4281 1027 4333; x_wconf 80' lang='lat' dir='ltr'>iste</span> <span class='ocrx_word' id='word_1_626' title='bbox 1041 4279 1121 4349; x_wconf 83' lang='lat' dir='ltr'>panis</span> <span class='ocrx_word' id='word_1_627' title='bbox 1137 4277 1193 4330; x_wconf 89' lang='lat' dir='ltr'>Deo</span> <span class='ocrx_word' id='word_1_628' title='bbox 1208 4270 1389 4343; x_wconf 85' lang='lat' dir='ltr'>oller&#39;ter,qai</span> <span class='ocrx_word' id='word_1_629' title='bbox 1399 4271 1465 4324; x_wconf 86' lang='lat' dir='ltr'>licet</span> <span class='ocrx_word' id='word_1_630' title='bbox 1478 4256 1736 4338; x_wconf 66' lang='lat' dir='ltr'>ponisstdestnnttl‘</span> 
     </span>
     <span class='ocr_line' id='line_1_47' title="bbox 137 4351 1735 4439; baseline 0.001 -36"><span class='ocrx_word' id='word_1_631' title='bbox 137 4357 232 4405; x_wconf 88' lang='lat' dir='ltr'>mente</span> <span class='ocrx_word' id='word_1_632' title='bbox 247 4361 324 4408; x_wconf 81' lang='lat' dir='ltr'>caret</span> <span class='ocrx_word' id='word_1_633' title='bbox 338 4370 410 4425; x_wconf 87' lang='lat' dir='ltr'>pano</span> <span class='ocrx_word' id='word_1_634' title='bbox 424 4358 534 4413; x_wconf 89' lang='lat' dir='ltr'>triticeo</span> <span class='ocrx_word' id='word_1_635' title='bbox 554 4368 583 4414; x_wconf 92' lang='lat' dir='ltr'>et</span> <span class='ocrx_word' id='word_1_636' title='bbox 605 4362 667 4415; x_wconf 86' lang='lat' dir='ltr'>vino</span> <span class='ocrx_word' id='word_1_637' title='bbox 687 4364 760 4433; x_wconf 90' lang='lat' dir='ltr'>quod</span> <span class='ocrx_word' id='word_1_638' title='bbox 775 4365 883 4418; x_wconf 85' lang='lat' dir='ltr'>delerat</span> <span class='ocrx_word' id='word_1_639' title='bbox 897 4365 933 4418; x_wconf 89' lang='lat' dir='ltr'>ad</span> <span class='ocrx_word' id='word_1_640' title='bbox 975 4381 1027 4439; x_wconf 87' lang='lat' dir='ltr'>pus</span> <span class='ocrx_word' id='word_1_641' title='bbox 1040 4374 1081 4421; x_wconf 88' lang='lat' dir='ltr'>est</span> <span class='ocrx_word' id='word_1_642' title='bbox 1092 4363 1351 4423; x_wconf 86' lang='lat' dir='ltr'>Christi.Dominas</span> <span class='ocrx_word' id='word_1_643' title='bbox 1360 4358 1473 4415; x_wconf 86' lang='lat' dir='ltr'>enimet</span> <span class='ocrx_word' id='word_1_644' title='bbox 1483 4356 1651 4423; x_wconf 78' lang='lat' dir='ltr'>Redemptor</span> <span class='ocrx_word' id='word_1_645' title='bbox 1661 4351 1735 4433; x_wconf 68' lang='lat' dir='ltr'>nestit</span> 
     </span>
     <span class='ocr_line' id='line_1_48' title="bbox 137 4432 1735 4523; baseline 0.003 -33"><span class='ocrx_word' id='word_1_646' title='bbox 137 4442 368 4505; x_wconf 86' lang='lat' dir='ltr'>consecrandam,</span> <span class='ocrx_word' id='word_1_647' title='bbox 385 4446 459 4500; x_wconf 89' lang='lat' dir='ltr'>unde</span> <span class='ocrx_word' id='word_1_648' title='bbox 472 4449 703 4514; x_wconf 86' lang='lat' dir='ltr'>communicetur,</span> <span class='ocrx_word' id='word_1_649' title='bbox 718 4453 845 4506; x_wconf 86' lang='lat' dir='ltr'>retunde</span> <span class='ocrx_word' id='word_1_650' title='bbox 863 4466 933 4523; x_wconf 85' lang='lat' dir='ltr'>pras·</span> <span class='ocrx_word' id='word_1_651' title='bbox 975 4457 1123 4511; x_wconf 87' lang='lat' dir='ltr'>consulens</span> <span class='ocrx_word' id='word_1_652' title='bbox 1132 4461 1236 4508; x_wconf 77' lang='lat' dir='ltr'>nostrae</span> <span class='ocrx_word' id='word_1_653' title='bbox 1247 4451 1404 4521; x_wconf 80' lang='lat' dir='ltr'>fragilitati,</span> <span class='ocrx_word' id='word_1_654' title='bbox 1420 4448 1487 4518; x_wconf 81' lang='lat' dir='ltr'>quia</span> <span class='ocrx_word' id='word_1_655' title='bbox 1500 4445 1630 4516; x_wconf 79' lang='lat' dir='ltr'>cognorit</span> <span class='ocrx_word' id='word_1_656' title='bbox 1642 4455 1685 4495; x_wconf 86' lang='lat' dir='ltr'>nos</span> <span class='ocrx_word' id='word_1_657' title='bbox 1697 4432 1735 4486; x_wconf 65' lang='lat' dir='ltr'>lt*</span> 
     </span>
     <span class='ocr_line' id='line_1_49' title="bbox 137 4529 1735 4615; baseline 0.002 -35"><span class='ocrx_word' id='word_1_658' title='bbox 137 4534 219 4597; x_wconf 87' lang='lat' dir='ltr'>paret</span> <span class='ocrx_word' id='word_1_659' title='bbox 233 4529 285 4583; x_wconf 90' lang='lat' dir='ltr'>sibi</span> <span class='ocrx_word' id='word_1_660' title='bbox 295 4532 461 4588; x_wconf 87' lang='lat' dir='ltr'>convivium.</span> <span class='ocrx_word' id='word_1_661' title='bbox 476 4539 555 4590; x_wconf 69' lang='lat' dir='ltr'>illias</span> <span class='ocrx_word' id='word_1_662' title='bbox 570 4543 673 4605; x_wconf 70' lang='lat' dir='ltr'>cratera,</span> <span class='ocrx_word' id='word_1_663' title='bbox 688 4541 765 4594; x_wconf 83' lang='lat' dir='ltr'>diros</span> <span class='ocrx_word' id='word_1_664' title='bbox 780 4542 897 4612; x_wconf 85' lang='lat' dir='ltr'>quilibet</span> <span class='ocrx_word' id='word_1_665' title='bbox 906 4547 935 4595; x_wconf 90' lang='lat' dir='ltr'>et</span> <span class='ocrx_word' id='word_1_666' title='bbox 974 4545 1046 4615; x_wconf 82' lang='lat' dir='ltr'>giles</span> <span class='ocrx_word' id='word_1_667' title='bbox 1061 4557 1121 4597; x_wconf 85' lang='lat' dir='ltr'>esse</span> <span class='ocrx_word' id='word_1_668' title='bbox 1134 4543 1169 4595; x_wconf 87' lang='lat' dir='ltr'>ad</span> <span class='ocrx_word' id='word_1_669' title='bbox 1186 4541 1367 4611; x_wconf 85' lang='lat' dir='ltr'>peccandum,</span> <span class='ocrx_word' id='word_1_670' title='bbox 1382 4535 1500 4593; x_wconf 87' lang='lat' dir='ltr'>tradidit</span> <span class='ocrx_word' id='word_1_671' title='bbox 1511 4534 1594 4588; x_wconf 87' lang='lat' dir='ltr'>uobis</span> <span class='ocrx_word' id='word_1_672' title='bbox 1611 4533 1660 4586; x_wconf 88' lang='lat' dir='ltr'>hoc</span> <span class='ocrx_word' id='word_1_673' title='bbox 1671 4531 1735 4581; x_wconf 70' lang='lat' dir='ltr'>aar</span> 
     </span>
     <span class='ocr_line' id='line_1_50' title="bbox 138 4617 1772 4701; baseline 0 -29"><span class='ocrx_word' id='word_1_674' title='bbox 138 4627 247 4687; x_wconf 88' lang='lat' dir='ltr'>potens,</span> <span class='ocrx_word' id='word_1_675' title='bbox 269 4622 361 4675; x_wconf 83' lang='lat' dir='ltr'>ebrias</span> <span class='ocrx_word' id='word_1_676' title='bbox 380 4629 428 4689; x_wconf 86' lang='lat' dir='ltr'>cst,</span> <span class='ocrx_word' id='word_1_677' title='bbox 449 4630 478 4678; x_wconf 94' lang='lat' dir='ltr'>et</span> <span class='ocrx_word' id='word_1_678' title='bbox 491 4627 653 4696; x_wconf 88' lang='lat' dir='ltr'>crapulatus</span> <span class='ocrx_word' id='word_1_679' title='bbox 667 4633 725 4682; x_wconf 86' lang='lat' dir='ltr'>tara</span> <span class='ocrx_word' id='word_1_680' title='bbox 741 4646 773 4683; x_wconf 84' lang='lat' dir='ltr'>er</span> <span class='ocrx_word' id='word_1_681' title='bbox 788 4630 851 4683; x_wconf 88' lang='lat' dir='ltr'>aliis</span> <span class='ocrx_word' id='word_1_682' title='bbox 866 4629 935 4684; x_wconf 88' lang='lat' dir='ltr'>cibis</span> <span class='ocrx_word' id='word_1_683' title='bbox 975 4630 1305 4701; x_wconf 86' lang='lat' dir='ltr'>menturn,utqaiaipse</span> <span class='ocrx_word' id='word_1_684' title='bbox 1318 4629 1378 4697; x_wconf 86' lang='lat' dir='ltr'>jam</span> <span class='ocrx_word' id='word_1_685' title='bbox 1393 4639 1449 4679; x_wconf 91' lang='lat' dir='ltr'>non</span> <span class='ocrx_word' id='word_1_686' title='bbox 1466 4629 1560 4695; x_wconf 85' lang='lat' dir='ltr'>potest</span> <span class='ocrx_word' id='word_1_687' title='bbox 1578 4617 1735 4683; x_wconf 66' lang='lat' dir='ltr'>morastssl&#39;</span> <span class='ocrx_word' id='word_1_688' title='bbox 1769 4634 1772 4639; x_wconf 92' lang='lat'>·</span> 
     </span>
     <span class='ocr_line' id='line_1_51' title="bbox 137 4706 1735 4792; baseline 0.004 -31"><span class='ocrx_word' id='word_1_689' title='bbox 137 4723 221 4778; x_wconf 87' lang='lat' dir='ltr'>qaam</span> <span class='ocrx_word' id='word_1_690' title='bbox 244 4709 329 4766; x_wconf 87' lang='lat' dir='ltr'>etiam</span> <span class='ocrx_word' id='word_1_691' title='bbox 353 4729 385 4766; x_wconf 86' lang='lat' dir='ltr'>ex</span> <span class='ocrx_word' id='word_1_692' title='bbox 407 4715 591 4770; x_wconf 86' lang='lat' dir='ltr'>sacramentis</span> <span class='ocrx_word' id='word_1_693' title='bbox 605 4718 728 4788; x_wconf 89' lang='lat' dir='ltr'>corporis</span> <span class='ocrx_word' id='word_1_694' title='bbox 748 4726 777 4773; x_wconf 92' lang='lat' dir='ltr'>et</span> <span class='ocrx_word' id='word_1_695' title='bbox 790 4718 935 4787; x_wconf 87' lang='lat' dir='ltr'>sanguinis</span> <span class='ocrx_word' id='word_1_696' title='bbox 976 4706 1735 4792; x_wconf 71' lang='lat' dir='ltr'>qnotidiepeccamushsbesmusvemmsscnndnnltl</span> 
     </span>
     <span class='ocr_line' id='line_1_52' title="bbox 137 4783 1735 4881; baseline -0.008 -16"><span class='ocrx_word' id='word_1_697' title='bbox 137 4795 261 4853; x_wconf 74' lang='lat' dir='ltr'>D0mlssl·</span> <span class='ocrx_word' id='word_1_698' title='bbox 976 4808 1241 4881; x_wconf 85' lang='lat' dir='ltr'>posslmassxplari.</span> <span class='ocrx_word' id='word_1_699' title='bbox 1257 4804 1548 4876; x_wconf 86' lang='lat' dir='ltr'>Ideaqaequiaa&#39;nam</span> <span class='ocrx_word' id='word_1_700' title='bbox 1556 4783 1735 4872; x_wconf 72' lang='lat' dir='ltr'>corpuslttllll</span> 
     </span>
     <span class='ocr_line' id='line_1_53' title="bbox 173 4872 1735 4970; baseline -0.003 -28"><span class='ocrx_word' id='word_1_701' title='bbox 173 4889 308 4959; x_wconf 82' lang='lat' dir='ltr'>Nanpuid</span> <span class='ocrx_word' id='word_1_702' title='bbox 322 4893 416 4948; x_wconf 76' lang='lat' dir='ltr'>desnos</span> <span class='ocrx_word' id='word_1_703' title='bbox 425 4910 481 4950; x_wconf 86' lang='lat' dir='ltr'>aaa</span> <span class='ocrx_word' id='word_1_704' title='bbox 495 4896 635 4958; x_wconf 72' lang='lat' dir='ltr'>lutetiae</span> <span class='ocrx_word' id='word_1_705' title='bbox 649 4895 795 4958; x_wconf 84' lang='lat' dir='ltr'>Corinthii,</span> <span class='ocrx_word' id='word_1_706' title='bbox 808 4899 935 4951; x_wconf 71' lang='lat' dir='ltr'>adanon·</span> <span class='ocrx_word' id='word_1_707' title='bbox 976 4904 1004 4954; x_wconf 83' lang='lat' dir='ltr'>et</span> <span class='ocrx_word' id='word_1_708' title='bbox 1014 4914 1064 4970; x_wconf 88' lang='lat' dir='ltr'>pro</span> <span class='ocrx_word' id='word_1_709' title='bbox 1080 4902 1177 4951; x_wconf 88' lang='lat' dir='ltr'>nostra</span> <span class='ocrx_word' id='word_1_710' title='bbox 1187 4894 1379 4966; x_wconf 86' lang='lat' dir='ltr'>redemptione</span> <span class='ocrx_word' id='word_1_711' title='bbox 1389 4893 1557 4957; x_wconf 83' lang='lat' dir='ltr'>oderantur,</span> <span class='ocrx_word' id='word_1_712' title='bbox 1566 4889 1651 4945; x_wconf 79' lang='lat' dir='ltr'>dixit:</span> <span class='ocrx_word' id='word_1_713' title='bbox 1665 4872 1735 4941; x_wconf 64' lang='lat' dir='ltr'>liatil</span> 
     </span>
     <span class='ocr_line' id='line_1_54' title="bbox 138 4964 1736 5056; baseline -0.001 -28"><span class='ocrx_word' id='word_1_714' title='bbox 138 4977 328 5034; x_wconf 81' lang='lat' dir='ltr'>damrsdarnet</span> <span class='ocrx_word' id='word_1_715' title='bbox 341 4984 497 5049; x_wconf 82' lang='lat' dir='ltr'>bibendam,</span> <span class='ocrx_word' id='word_1_716' title='bbox 510 4985 772 5040; x_wconf 86' lang='lat' dir='ltr'>commanescibosl</span> <span class='ocrx_word' id='word_1_717' title='bbox 781 4989 835 5042; x_wconf 78' lang='lat' dir='ltr'>Aut</span> <span class='ocrx_word' id='word_1_718' title='bbox 845 4987 934 5040; x_wconf 78' lang='lat' dir='ltr'>docte·</span> <span class='ocrx_word' id='word_1_719' title='bbox 976 4999 1073 5056; x_wconf 78' lang='lat' dir='ltr'>corpas</span> <span class='ocrx_word' id='word_1_720' title='bbox 1085 5000 1175 5039; x_wconf 71' lang='lat' dir='ltr'>arreum</span> <span class='ocrx_word' id='word_1_721' title='bbox 1185 4987 1315 5053; x_wconf 80' lang='lat' dir='ltr'>paadpre</span> <span class='ocrx_word' id='word_1_722' title='bbox 1324 4964 1736 5046; x_wconf 60' lang='lat' dir='ltr'>noetsrramsnretsdtidadt</span> 
     </span>
     <span class='ocr_line' id='line_1_55' title="bbox 138 5061 1736 5145; baseline 0.004 -29"><span class='ocrx_word' id='word_1_723' title='bbox 138 5065 211 5116; x_wconf 84' lang='lat' dir='ltr'>sicas</span> <span class='ocrx_word' id='word_1_724' title='bbox 221 5067 271 5119; x_wconf 82' lang='lat' dir='ltr'>Dei</span> <span class='ocrx_word' id='word_1_725' title='bbox 286 5075 469 5136; x_wconf 73' lang='lat' dir='ltr'>contentatiis,</span> <span class='ocrx_word' id='word_1_726' title='bbox 485 5074 513 5128; x_wconf 95' lang='lat' dir='ltr'>id</span> <span class='ocrx_word' id='word_1_727' title='bbox 527 5082 570 5129; x_wconf 86' lang='lat' dir='ltr'>est</span> <span class='ocrx_word' id='word_1_728' title='bbox 584 5073 782 5145; x_wconf 80' lang='lat' dir='ltr'>despicabilem</span> <span class='ocrx_word' id='word_1_729' title='bbox 797 5074 896 5139; x_wconf 85' lang='lat' dir='ltr'>tacitis,</span> <span class='ocrx_word' id='word_1_730' title='bbox 906 5078 934 5129; x_wconf 88' lang='lat' dir='ltr'>et</span> <span class='ocrx_word' id='word_1_731' title='bbox 974 5078 1066 5143; x_wconf 77' lang='lat' dir='ltr'>serite,</span> <span class='ocrx_word' id='word_1_732' title='bbox 1083 5074 1109 5127; x_wconf 94' lang='lat' dir='ltr'>id</span> <span class='ocrx_word' id='word_1_733' title='bbox 1124 5082 1165 5128; x_wconf 89' lang='lat' dir='ltr'>ost</span> <span class='ocrx_word' id='word_1_734' title='bbox 1177 5086 1278 5144; x_wconf 87' lang='lat' dir='ltr'>corpus</span> <span class='ocrx_word' id='word_1_735' title='bbox 1291 5073 1343 5126; x_wconf 90' lang='lat' dir='ltr'>hoc</span> <span class='ocrx_word' id='word_1_736' title='bbox 1361 5071 1536 5126; x_wconf 79' lang='lat' dir='ltr'>sanctificate</span> <span class='ocrx_word' id='word_1_737' title='bbox 1554 5074 1586 5124; x_wconf 85' lang='lat' dir='ltr'>in</span> <span class='ocrx_word' id='word_1_738' title='bbox 1601 5061 1736 5122; x_wconf 58' lang='lat' dir='ltr'>menna*</span> 
     </span>
     <span class='ocr_line' id='line_1_56' title="bbox 138 5144 1735 5235; baseline 0.004 -30"><span class='ocrx_word' id='word_1_739' title='bbox 138 5154 288 5222; x_wconf 89' lang='lat' dir='ltr'>pronihilo</span> <span class='ocrx_word' id='word_1_740' title='bbox 302 5157 411 5223; x_wconf 87' lang='lat' dir='ltr'>ducitis,</span> <span class='ocrx_word' id='word_1_741' title='bbox 428 5163 645 5230; x_wconf 81' lang='lat' dir='ltr'>parantesvobis</span> <span class='ocrx_word' id='word_1_742' title='bbox 659 5165 753 5235; x_wconf 86' lang='lat' dir='ltr'>turpis</span> <span class='ocrx_word' id='word_1_743' title='bbox 767 5163 892 5217; x_wconf 83' lang='lat' dir='ltr'>convivia</span> <span class='ocrx_word' id='word_1_744' title='bbox 903 5163 933 5216; x_wconf 90' lang='lat' dir='ltr'>in</span> <span class='ocrx_word' id='word_1_745' title='bbox 975 5167 1211 5228; x_wconf 76' lang='lat' dir='ltr'>riscrnorationem,</span> <span class='ocrx_word' id='word_1_746' title='bbox 1228 5157 1356 5216; x_wconf 78' lang='lat' dir='ltr'>uidelicet</span> <span class='ocrx_word' id='word_1_747' title='bbox 1373 5161 1512 5232; x_wconf 87' lang='lat' dir='ltr'>passionis</span> <span class='ocrx_word' id='word_1_748' title='bbox 1527 5174 1606 5225; x_wconf 77' lang='lat' dir='ltr'>meas,</span> <span class='ocrx_word' id='word_1_749' title='bbox 1623 5144 1735 5211; x_wconf 54' lang='grc' dir='ltr'>ΜΝ</span> 
     </span>
     <span class='ocr_line' id='line_1_57' title="bbox 138 5240 1734 5322; baseline 0.003 -29"><span class='ocrx_word' id='word_1_750' title='bbox 138 5256 180 5305; x_wconf 88' lang='lat' dir='ltr'>ee,</span> <span class='ocrx_word' id='word_1_751' title='bbox 197 5248 222 5295; x_wconf 85' lang='lat' dir='ltr'>ct</span> <span class='ocrx_word' id='word_1_752' title='bbox 237 5248 407 5311; x_wconf 65' lang='lat' dir='ltr'>sortienditis</span> <span class='ocrx_word' id='word_1_753' title='bbox 420 5265 471 5311; x_wconf 80' lang='lat' dir='ltr'>eos,</span> <span class='ocrx_word' id='word_1_754' title='bbox 487 5250 513 5303; x_wconf 93' lang='lat' dir='ltr'>id</span> <span class='ocrx_word' id='word_1_755' title='bbox 525 5259 567 5305; x_wconf 87' lang='lat' dir='ltr'>est</span> <span class='ocrx_word' id='word_1_756' title='bbox 576 5253 757 5307; x_wconf 88' lang='lat' dir='ltr'>verecundari</span> <span class='ocrx_word' id='word_1_757' title='bbox 768 5252 868 5318; x_wconf 85' lang='lat' dir='ltr'>tacitis,</span> <span class='ocrx_word' id='word_1_758' title='bbox 884 5255 934 5320; x_wconf 82' lang='lat' dir='ltr'>qut</span> <span class='ocrx_word' id='word_1_759' title='bbox 975 5251 1186 5322; x_wconf 86' lang='lat' dir='ltr'>redemptionis,</span> <span class='ocrx_word' id='word_1_760' title='bbox 1209 5250 1275 5320; x_wconf 88' lang='lat' dir='ltr'>quia</span> <span class='ocrx_word' id='word_1_761' title='bbox 1289 5263 1340 5320; x_wconf 88' lang='lat' dir='ltr'>ego</span> <span class='ocrx_word' id='word_1_762' title='bbox 1355 5260 1404 5303; x_wconf 82' lang='lat' dir='ltr'>ros</span> <span class='ocrx_word' id='word_1_763' title='bbox 1417 5247 1525 5304; x_wconf 88' lang='lat' dir='ltr'>redemi</span> <span class='ocrx_word' id='word_1_764' title='bbox 1548 5243 1676 5317; x_wconf 79' lang='lat' dir='ltr'>sanguine</span> <span class='ocrx_word' id='word_1_765' title='bbox 1687 5240 1734 5288; x_wconf 52' lang='grc' dir='ltr'>ΝΗ·</span> 
     </span>
     <span class='ocr_line' id='line_1_58' title="bbox 139 5324 1770 5410; baseline 0.001 -25"><span class='ocrx_word' id='word_1_766' title='bbox 139 5333 300 5386; x_wconf 78' lang='lat' dir='ltr'>noralrabcnt</span> <span class='ocrx_word' id='word_1_767' title='bbox 311 5340 322 5383; x_wconf 63' lang='grc' dir='ltr'>ί)</span> <span class='ocrx_word' id='word_1_768' title='bbox 332 5335 475 5402; x_wconf 86' lang='lat' dir='ltr'>alimenta,</span> <span class='ocrx_word' id='word_1_769' title='bbox 484 5352 517 5392; x_wconf 83' lang='lat' dir='ltr'>ex</span> <span class='ocrx_word' id='word_1_770' title='bbox 528 5341 628 5409; x_wconf 88' lang='lat' dir='ltr'>quibas</span> <span class='ocrx_word' id='word_1_771' title='bbox 640 5347 820 5397; x_wconf 86' lang='lat' dir='ltr'>consecretur</span> <span class='ocrx_word' id='word_1_772' title='bbox 833 5355 933 5410; x_wconf 88' lang='lat' dir='ltr'>corpas</span> <span class='ocrx_word' id='word_1_773' title='bbox 973 5341 1146 5410; x_wconf 86' lang='lat' dir='ltr'>Relinquens</span> <span class='ocrx_word' id='word_1_774' title='bbox 1161 5341 1297 5396; x_wconf 92' lang='lat' dir='ltr'>Dominus</span> <span class='ocrx_word' id='word_1_775' title='bbox 1312 5341 1364 5393; x_wconf 91' lang='lat' dir='ltr'>hac</span> <span class='ocrx_word' id='word_1_776' title='bbox 1375 5343 1584 5392; x_wconf 85' lang='lat' dir='ltr'>sacramentam</span> <span class='ocrx_word' id='word_1_777' title='bbox 1598 5324 1734 5390; x_wconf 67' lang='lat' dir='ltr'>ssludtrtfl</span> <span class='ocrx_word' id='word_1_778' title='bbox 1767 5358 1770 5363; x_wconf 96' lang='lat'>·</span> 
     </span>
     <span class='ocr_line' id='line_1_59' title="bbox 138 5405 1735 5503; baseline -0.008 -25"><span class='ocrx_word' id='word_1_779' title='bbox 138 5423 243 5477; x_wconf 85' lang='lat' dir='ltr'>Christi</span> <span class='ocrx_word' id='word_1_780' title='bbox 258 5430 286 5477; x_wconf 91' lang='lat' dir='ltr'>et</span> <span class='ocrx_word' id='word_1_781' title='bbox 297 5424 422 5493; x_wconf 85' lang='lat' dir='ltr'>sanguis,</span> <span class='ocrx_word' id='word_1_782' title='bbox 437 5427 479 5480; x_wconf 83' lang='lat' dir='ltr'>vel</span> <span class='ocrx_word' id='word_1_783' title='bbox 495 5428 569 5481; x_wconf 91' lang='lat' dir='ltr'>ande</span> <span class='ocrx_word' id='word_1_784' title='bbox 583 5430 636 5483; x_wconf 86' lang='lat' dir='ltr'>sibi</span> <span class='ocrx_word' id='word_1_785' title='bbox 652 5438 809 5503; x_wconf 76' lang='lat' dir='ltr'>preparent</span> <span class='ocrx_word' id='word_1_786' title='bbox 824 5444 931 5484; x_wconf 82' lang='lat' dir='ltr'>emnam</span> <span class='ocrx_word' id='word_1_787' title='bbox 973 5427 1105 5484; x_wconf 89' lang='lat' dir='ltr'>omnibus</span> <span class='ocrx_word' id='word_1_788' title='bbox 1120 5428 1289 5489; x_wconf 77' lang='lat' dir='ltr'>infidelibus.</span> <span class='ocrx_word' id='word_1_789' title='bbox 1309 5434 1342 5482; x_wconf 87' lang='lat' dir='ltr'>at</span> <span class='ocrx_word' id='word_1_790' title='bbox 1362 5422 1431 5481; x_wconf 90' lang='lat' dir='ltr'>illud</span> <span class='ocrx_word' id='word_1_791' title='bbox 1451 5421 1583 5498; x_wconf 75' lang='lat' dir='ltr'>inligaret</span> <span class='ocrx_word' id='word_1_792' title='bbox 1596 5419 1705 5479; x_wconf 82' lang='lat' dir='ltr'>corditer</span> <span class='ocrx_word' id='word_1_793' title='bbox 1716 5405 1735 5456; x_wconf 78' lang='lat' dir='ltr'>tl</span> 
     </span>
     <span class='ocr_line' id='line_1_60' title="bbox 136 5498 1733 5587; baseline -0.001 -18"><span class='ocrx_word' id='word_1_794' title='bbox 136 5513 244 5585; x_wconf 79' lang='lat' dir='ltr'>inipso</span> <span class='ocrx_word' id='word_1_795' title='bbox 258 5511 390 5580; x_wconf 78' lang='lat' dir='ltr'>Ecclesia,</span> <span class='ocrx_word' id='word_1_796' title='bbox 416 5515 489 5569; x_wconf 83' lang='lat' dir='ltr'>siout</span> <span class='ocrx_word' id='word_1_797' title='bbox 507 5532 555 5571; x_wconf 86' lang='lat' dir='ltr'>vos</span> <span class='ocrx_word' id='word_1_798' title='bbox 575 5519 623 5587; x_wconf 87' lang='lat' dir='ltr'>qai</span> <span class='ocrx_word' id='word_1_799' title='bbox 645 5519 750 5575; x_wconf 77' lang='lat' dir='ltr'>divitiis</span> <span class='ocrx_word' id='word_1_800' title='bbox 771 5519 931 5576; x_wconf 87' lang='lat' dir='ltr'>abundetis.</span> <span class='ocrx_word' id='word_1_801' title='bbox 973 5518 1117 5572; x_wconf 84' lang='lat' dir='ltr'>memorias</span> <span class='ocrx_word' id='word_1_802' title='bbox 1140 5528 1248 5583; x_wconf 84' lang='lat' dir='ltr'>eoram,</span> <span class='ocrx_word' id='word_1_803' title='bbox 1266 5529 1344 5571; x_wconf 87' lang='lat' dir='ltr'>moro</span> <span class='ocrx_word' id='word_1_804' title='bbox 1358 5516 1553 5586; x_wconf 75' lang='lat' dir='ltr'>cujuscunque</span> <span class='ocrx_word' id='word_1_805' title='bbox 1570 5498 1733 5568; x_wconf 64' lang='lat' dir='ltr'>tassininitelt</span> 
     </span>
    </p>
   </div>
   <div class='ocr_carea' id='block_1_3' title="bbox 0 0 1917 6100">
    <p class='ocr_par' dir='ltr' id='par_1_3' title="bbox 0 0 1917 6100">
     <span class='ocr_line' id='line_1_61' title="bbox 0 0 1917 6100; baseline 0 0"><span class='ocrx_word' id='word_1_806' title='bbox 0 0 1917 6100; x_wconf 95' lang='lat' dir='ltr'> </span> 
     </span>
    </p>
   </div>
  </div>
 </body>
</html>
