3818 6104
128 307 180 375 tta
337 309 526 387 HAYMlelS
544 308 788 385 umuaussa‘t.
810 308 921 377 uulsa.
943 307 1022 369 OPP.
1044 308 1138 367 PARS
1158 307 1180 367 1.
1202 335 1235 350 -·
1255 302 1443 377 ΟΟΜΜΕΝΤ,
1462 299 1558 384 Btcu.
1709 299 1750 365 tit

127 441 159 490 et
171 435 286 491 recedet
296 435 341 490 irs
354 448 372 489 a
385 436 469 490 robis:
487 434 576 490 Aliter
590 454 596 488 ι
613 434 662 490 Sol
675 433 835 506 appellatur
848 433 925 489 (rbri-
933 436 958 496 Α
968 433 1056 489 licam
1076 431 1308 503 omnipotentem,
1330 427 1487 483 secundun
1505 425 1584 499 qnod
1601 425 1663 499 ίμ
1688 425 1753 485 udis

130 529 192 579 stus
203 525 233 578 in
247 524 399 596 Scripturis
408 524 504 589 sceris,
517 521 611 578 utibi:
626 524 699 578 Vobis
710 523 871 577 timentibus
880 539 926 577 uo·
967 521 1138 591 adjutorium
1153 519 1233 573 bonae
1243 516 1396 573 voluntatis
1405 514 1620 588 armonia
1631 515 1754 587 prumte-

131 618 308 675 ttseurneurn,
322 614 429 667 ametor
442 611 615 681 Soljustitr'c
629 612 736 679 (Notou
755 613 804 679 tv).
817 611 870 675 Qui
885 612 927 665 sol
967 609 1140 664 rit.Pstrem
1154 613 1250 663 autem
1270 605 1332 661 dico
1346 621 1403 661 non
1428 620 1480 678 per
1492 609 1641 672 amun,
1654 602 1704 663 sod
1717 620 1755 676 pu

51 750 55 757 .
129 699 248 771 jutitiae
257 701 546 772 plerumquepropter
559 699 631 754 iram
646 712 709 770 quo
723 699 875 754 vindictam
884 715 929 753 crr-
969 697 1161 768 adoptionem.
1177 695 1333 767 Sequitur:

131 788 204 859 petit
217 792 246 842 ct
258 786 549 858 propterdiscordism
563 786 667 841 occidit
678 786 770 854 nobis,
785 786 815 841 id
830 791 875 841 est
887 802 930 841 re-
1005 785 1197 846 memmae.
1211 784 1241 840 id
1254 790 1298 840 ast
1316 784 1409 848 riritc,
1433 781 1644 840 mmmini
1665 787 1694 838 et
1708 798 1754 851 crs·

131 875 207 930 cedit
219 891 236 930 s
247 875 337 943 uobis,
354 875 428 930 sicut
438 875 541 931 occidit
555 875 635 930 ialsis
648 874 802 948 prophetis,
817 873 854 930 de
866 875 930 946 qui·
970 873 1048 940 scite,
1064 876 1097 929 irs
1108 875 1253 929 dilectione
1267 873 1319 928 Dei
1334 878 1363 928 st
1373 873 1505 946 proximi,
1517 875 1593 928 nost
1605 877 1633 927 ct
1645 871 1753 929 sumto

132 963 186 1019 bas
197 964 300 1020 dicitur
318 982 325 1020 τ
340 965 446 1021 Occidit
463 968 503 1020 set
520 964 562 1019 ais
574 980 638 1019 curn
652 965 743 1021 uotae
757 967 823 1018 urat
837 964 931 1019 madia
969 963 1068 1018 ducit
1082 978 1131 1017 nor
1145 967 1170 1017 ct
1188 962 1306 1017 tradidit
1326 965 1502 1031 mmstipsum
1523 976 1580 1031 pra
1601 961 1682 1016 notis
1694 961 1752 1017 sib·

135 1054 192 1108 dics
217 1055 284 1120 tior.
299 1059 350 1118 xrt.
365 1053 412 1109 Sol
440 1068 497 1108 uon
520 1053 629 1108 occidat
651 1069 737 1125 saper
754 1051 930 1108 iracundiam
972 1054 1073 1106 nomm
1084 1056 1109 1105 et
1118 1052 1237 1105 bostiam
1247 1052 1299 1106 lieo
1308 1053 1341 1105 in
1350 1047 1752 1120 manutenuimus

134 1146 267 1208 rostram,
288 1141 384 1210 idest,
400 1140 932 1213 caratenepropterrestramiramet
971 1138 1101 1194 miranda
1114 1147 1143 1194 et
1162 1137 1361 1195 inenarrabilis
1380 1138 1494 1195 dilectio
1516 1143 1551 1194 ut
1565 1137 1668 1205 unicus
1685 1137 1751 1195 litia

134 1234 251 1302 propter
260 1235 385 1286 seruum
399 1236 545 1302 peocmum
566 1229 680 1286 recedat
702 1229 744 1284 sol
759 1227 886 1301 iustitia,
902 1228 932 1284 id
971 1228 1023 1284 Dei
1035 1227 1218 1299 semetipsum
1229 1227 1355 1283 traderet
1367 1227 1666 1298 norti,itominuspro
1675 1228 1749 1289 serris,

111 1318 114 1324 '
134 1324 178 1374 cst
192 1318 331 1385 Obsistus,
346 1318 464 1374 arabis.
973 1317 1090 1372 &eatur
1103 1332 1155 1388 pro
1164 1322 1305 1372 creatura.
1318 1317 1397 1372 Sicut
1406 1332 1474 1388 ergo
1488 1315 1536 1371 ilie
1550 1331 1604 1387 pro
1617 1313 1752 1370 uobirrni·

171 1409 362 1464 Nolitelocurn
374 1409 443 1462 dore
454 1409 570 1471 diabolo,
580 1408 609 1464 id
619 1412 671 1472 est,
683 1408 771 1463 notite
780 1407 932 1463 vindictam
974 1422 1050 1460 mam
1063 1421 1144 1460 suam
1159 1405 1262 1476 posuit,
1278 1405 1319 1460 ita
1337 1411 1367 1460 et
1387 1421 1451 1467 uos,
1463 1405 1489 1460 si
1502 1403 1660 1460 neocsdtas
1675 1403 1751 1467 faerit,

136 1501 277 1569 expetere,
293 1510 385 1568 nsque
396 1495 480 1551 irasci
494 1496 569 1553 ultra
583 1496 708 1562 modum,
719 1513 756 1551 ue
766 1495 879 1551 recedat
892 1495 935 1550 sol
974 1509 1025 1566 pro
1034 1495 1096 1565 ejus
1106 1493 1217 1548 nomine
1226 1493 1336 1548 animas
1346 1492 1596 1563 ponsrodebemus
1605 1506 1613 1544 ι
1623 1497 1654 1547 st
1665 1507 1752 1547 uerso

134 1590 154 1640 t
168 1583 245 1640 robis
259 1584 398 1651 Obristus,
406 1584 592 1657 adveniatque
605 1585 734 1640 diabolus
748 1585 878 1656 princeps
890 1589 935 1639 te·
975 1584 1034 1638 lum
1048 1599 1099 1654 pro
1112 1581 1226 1637 neruiue
1241 1582 1311 1652 ejus,
1329 1581 1480 1639 sedetiam
1502 1597 1556 1653 pra
1573 1579 1704 1636 matun
1714 1595 1752 1635 oo

136 1671 299 1728 crebrarum.
322 1674 550 1745 Quandocunquc
571 1673 646 1729 cuim
666 1688 825 1746 peccamus,
841 1672 933 1727 iocum
974 1672 1051 1738 stris,
1067 1678 1183 1742 propter
1191 1686 1316 1726 morum
1326 1671 1449 1726 nominis
1458 1672 1530 1741 ejus.
1542 1669 1626 1734 Quod
1634 1667 1754 1724 rmoddt

137 1760 359 1817 damusdiabolo
371 1762 402 1817 in
415 1762 507 1818 uobis.
942 1760 1136 1845 Bupastelus,
1158 1759 1207 1830 qui
1235 1775 1267 1814 se
1292 1759 1411 1815 aedidit
1427 1759 1457 1814 iu
1475 1759 1593 1815 odorem
1617 1755 1753 1820 sunaus

173 1851 228 1919 Oui
238 1849 610 1918 furabaturbonaaliornm,
619 1853 682 1920 jorn
691 1866 747 1905 non
755 1851 880 1919 furetur,
890 1849 935 1904 sel
974 1849 1041 1904 licet
1054 1848 1182 1919 legamus
1195 1847 1225 1903 in
1239 1847 1342 1903 Geumi
1356 1848 1431 1923 (den.
1454 1846 1526 1920 rur),
1552 1847 1630 1919 qaod
1643 1845 1754 1902 adaeus

137 1938 187 2011 qui
199 1938 348 1994 iurabatur
360 1939 445 1995 verbs
455 1945 484 1995 et
495 1940 651 1995 docuinam
662 1938 806 2010 Evangelii
819 1939 935 2010 perhae·
978 1943 1023 1993 est
1035 1936 1173 1993 Dominus
1186 1937 1301 1992 odorem
1313 1935 1499 1992 stauarum
1508 1932 1754 2008 mntdo‚qsotu

138 2027 256 2091 reticem
269 2029 448 2099 pravitatem,
459 2029 534 2084 sicut
546 2029 608 2084 islsi
623 2028 766 2100 propbetas
780 2026 816 2082 de
834 2026 936 2098 quibus
977 2025 1082 2082 obtulit
1091 2026 1152 2081 Noc
1163 2042 1294 2097 egrcmm
1306 2024 1342 2081 dc
1356 2041 1431 2092 arca,
1453 2041 1511 2081 uon
1525 2023 1664 2081 dabam
1676 2026 1754 2095 putare

139 2113 244 2171 dicitur
259 2131 265 2169 :
282 2115 336 2181 Qui
351 2115 519 2172 furabantur
530 2116 584 2172 sibi
597 2116 691 2181 verba,
704 2116 850 2171 dicentes:
869 2113 937 2171 Hrec
977 2114 1053 2188 quod
1069 2115 1247 2186 amnipotens
1260 2114 1345 2180 Deus,
1369 2114 1418 2187 qui
1439 2114 1559 2187 spiritus
1579 2119 1635 2180 est,
1648 2111 1718 2169 inmo
1735 2114 1754 2165 ct

139 2202 209 2258 dicit
222 2203 370 2271 Dominus,
383 2219 449 2260 cum
461 2205 598 2262 Dominus
610 2220 667 2261 non
684 2205 794 2261 miserit
804 2221 863 2271 eos,
875 2205 936 2276 jam
978 2205 1064 2260 odore
1077 2203 1233 2259 carnalium
1243 2203 1408 2265 delectetur.
1431 2203 1481 2258 sed
1501 2203 1619 2258 odorere
1632 2199 1752 2258 munit

138 2302 198 2347 aon
210 2290 385 2358 lirratur,sed
401 2293 513 2348 recedat
520 2292 556 2349 ab
570 2307 666 2349 errore
677 2304 738 2348 suo.
750 2295 938 2362 ltupisoutcm
979 2294 1114 2351 debemus
1126 2293 1284 2364 intelligere
1298 2292 1483 2349 intentionem
1493 2291 1574 2347 bona
1588 2289 1753 2347 roluutstiset

142 2379 257 2447 labam,
273 2383 410 2448 wando
424 2384 556 2438 monitae
570 2385 629 2437 suis
644 2385 716 2453 quod
728 2383 830 2436 bonum
847 2385 896 2447 cst,
907 2385 939 2435 at
980 2385 1112 2440 adeomm
1126 2382 1239 2445 manus,
1255 2380 1357 2454 quibus
1368 2382 1444 2437 Deus
1456 2378 1618 2436 delectatur
1636 2379 1695 2434 :ita
1705 2377 1752 2434 etto

139 2467 237 2523 uuor
251 2469 326 2523 aa&
349 2469 453 2524 tribuat
477 2474 663 2527 necessitatem
682 2473 810 2540 potienti.
826 2470 877 2524 lile
891 2469 939 2540 qui
981 2474 1033 2528 hoc
1046 2473 1108 2527 loco
1127 2471 1279 2543 Apostolus
1292 2470 1479 2526 intentionem
1488 2469 1594 2526 mentis
1608 2473 1638 2524 et
1646 2467 1750 2523 Mo

139 2560 225 2620 sums
235 2555 392 2623 iurabatur,
409 2573 466 2612 uon
481 2558 571 2613 solum
595 2557 678 2613 debet
698 2573 715 2612 a
728 2558 803 2613 iurto
816 2570 936 2622 masere,
980 2561 1177 2617 sincerissimae
1190 2559 1349 2614 dilectionis
1363 2575 1418 2630 qua
1433 2558 1485 2614 Dei
1501 2557 1592 2613 Filius
1604 2573 1656 2613 nos
1668 2553 1748 2615 ditarit

141 2643 192 2705 sed
206 2643 290 2700 debet
311 2646 423 2717 operari
448 2646 577 2702 menibus
600 2647 669 2713 suis,
694 2651 727 2702 ut
744 2645 849 2702 habeat
863 2646 939 2702 unde
979 2651 1094 2705 odorem
1109 2648 1255 2704 suavitatis
1267 2646 1391 2720 appellat
1401 2664 1408 2701 ε
1419 2646 1488 2719 quia
1496 2646 1621 2702 multum
1634 2646 1663 2700 in
1673 2643 1750 2700 bitte

139 2734 282 2788 audeaut
292 2733 373 2800 ulios,
390 2734 514 2807 inopium
528 2735 676 2807 patientes.
979 2738 1099 2793 lactatus
1108 2743 1152 2792 est
1161 2737 1237 2792 Deus
1249 2736 1343 2802 Peter,
1362 2741 1393 2790 et
1403 2735 1484 2807 quasi
1503 2735 1595 2791 muita
1607 2731 1749 2791 usumin

176 2822 442 2879 Nolitceontrietorc
456 2822 596 2900 Spiritum
602 2830 730 2881 sanctum
745 2825 794 2879 lici
809 2827 840 2878 in
854 2824 938 2892 nobis,
980 2821 1599 2896 mnspectuejtusnemoemnripseoaniqus
1606 2821 1747 2881 neuun,

141 2914 174 2967 tu
193 2926 248 2981 que
261 2912 367 2980 munuli
380 2917 410 2967 et
427 2912 542 2984 sigillati
555 2916 630 2977 attis,
645 2920 675 2968 ct
689 2911 829 2985 designati
841 2913 894 2967 lico
908 2914 940 2966 in
981 2918 1010 2968 et
1021 2912 1123 2979 besua,
1139 2912 1200 2984 ipsc
1226 2910 1356 2966 sacerdos
1373 2917 1402 2966 et
1415 2911 1600 2977 medicator,
1617 2909 1664 2983 qui
1674 2912 1749 2965 santi

142 2996 188 3055 dte
201 3001 407 3069 coemptionis.
428 3001 481 3056 troo
503 3007 556 3064 est,
580 3001 674 3057 Nolite
694 3012 745 3073 per
766 3001 840 3056 mala
855 2998 942 3072 opera
982 3002 1075 3074 ipsum
1089 3000 1191 3059 obtulit
1205 3001 1263 3056 Deo
1276 3000 1355 3055 Patri
1369 2999 1399 3055 in
1414 3000 1504 3055 attare
1517 3000 1611 3055 mucis
1623 3015 1672 3074 pra
1683 2995 1747 3055 nobb·

144 3088 283 3160 Spiritum
297 3095 426 3144 sanctum
438 3091 714 3162 regeneratricem
727 3090 869 3146 habitator
879 3060 976 3145 esseC
1016 3092 1173 3146 Fornicatio
1184 3096 1278 3145 sutem
1287 3093 1313 3144 ct
1325 3092 1416 3144 omnir
1433 3091 1631 3156 immunditia,
1652 3091 1698 3143 sort
1706 3098 1748 3141 ost·

144 3175 231 3246 acepit
240 3177 327 3232 rcstti
338 3177 368 3232 iu
377 3178 423 3233 die
437 3179 649 3251 redemptionis,
660 3181 688 3235 id
700 3185 743 3235 est
752 3180 780 3234 in
793 3179 839 3234 dic
853 3177 942 3250 bapti·
981 3182 1060 3245 ritis,
1076 3195 1125 3234 nec
1133 3180 1297 3235 nominetur
1305 3180 1338 3233 in
1346 3178 1504 3243 oobiusiout
1513 3177 1590 3233 deaei
1596 3172 1749 3237 nuceto

145 3264 254 3321 amatu.
279 3264 456 3320 sicutenim
478 3267 662 3323 contristetur
683 3268 941 3340 homoqusndode
982 3267 1085 3323 nicetio
1099 3265 1407 3331 dicituraiornioibus,
1422 3265 1452 3320 id
1469 3270 1522 3331 ast,
1536 3283 1554 3320 a
1577 3264 1746 3335 todstupar·

146 3348 267 3425 proprisi
268 3354 354 3408 domo
365 3355 512 3427 expellitur
522 3364 607 3427 quom
618 3357 677 3427 ipse
687 3356 741 3410 sibi
754 3355 942 3410 aediticarltut
982 3355 1060 3413 ribus
1084 3362 1114 3411 et
1136 3353 1333 3418 theatralibus,
1348 3370 1411 3426 quc
1427 3353 1593 3421 fornicibus,
1615 3353 1645 3411 id
1664 3358 1746 3418 emar·

145 3441 242 3514 quiete
251 3440 290 3496 ibi
300 3441 449 3510 babitaret,
460 3443 501 3497 sic
513 3444 635 3514 Spiritus
649 3449 763 3499 sanctus
776 3442 941 3498 contristari
982 3447 1069 3503 cubus
1082 3449 1151 3500 sunt
1162 3449 1402 3514 constructs,quae
1411 3448 1441 3497 et
1450 3442 1584 3498 amussis
1592 3440 1745 3515 appellantur,

145 3528 260 3601 dicitur,
274 3532 387 3603 quando
401 3532 437 3586 de
454 3532 568 3587 homine
582 3548 666 3604 quem
689 3532 742 3586 sibi
754 3532 901 3587 mundavit
912 3532 943 3587 iu
983 3534 1121 3607 inquibus
1135 3531 1466 3594 crantrncretrices,cum
1476 3531 1582 3603 quibus
1593 3527 1747 3599 mua-usur

147 3618 326 3692 baptismate,-
342 3636 393 3693 per
406 3630 492 3692 prata
500 3636 586 3694 opera
598 3620 720 3692 ejicitur.
732 3621 839 3676 Aliter:
852 3621 945 3675 Nolite
986 3621 1160 3696 spurcissimi
1171 3621 1283 3693 quique.
1295 3619 1438 3675 Fornicari
1449 3625 1547 3675 autam
1557 3625 1602 3675 est
1613 3611 1746 3689 marulii

146 3709 329 3767 constristare
348 3710 484 3782 Spiritum
498 3715 626 3766 sanctum
637 3711 698 3776 Dei,
709 3709 738 3764 id
749 3715 793 3764 est
804 3709 946 3781 spiritales
986 3712 1082 3768 liberis
1095 3717 1200 3766 etcum
1214 3709 1305 3764 viduis
1318 3708 1437 3763 uaedam
1446 3707 1506 3764 Deo
1514 3708 1643 3766 smnus.
1654 3706 1746 3763 lnam

148 3797 286 3865 homiues,
303 3797 450 3870 inquibus
464 3799 586 3870 Spiritus
600 3797 945 3864 sanctushabitat,nolite
986 3800 1057 3858 ditia
1070 3799 1163 3855 omnis
1180 3796 1385 3853 incontinentia
1400 3796 1436 3851 ad
1459 3796 1607 3857 libidinem
1627 3795 1746 3868 prum

145 3887 316 3943 contristare
330 3876 381 3960 pe'r
393 3893 488 3943 vestra
499 3888 572 3942 mala
584 3904 679 3959 opera.
696 3887 840 3959 Siquidem
860 3886 944 3958 spiri·
987 3904 1154 3964 quocunque
1177 3886 1261 3943 modo
1287 3887 1339 3941 liat
1360 3885 1542 3941 immunditia
1566 3891 1596 3943 ct
1609 3875 1747 3958 imputatis

147 3978 222 4033 tales
235 3976 297 4038 riri,
313 3975 337 4032 si
351 3977 463 4048 quando
484 3977 580 4032 vident
592 3978 664 4032 alios
684 3993 811 4048 peccare,
829 3981 858 4030 et
871 3991 889 4030 a
900 3974 946 4030 via
986 3986 1072 4051 utque
1082 3977 1194 4034 luxuria
1210 3973 1345 4048 appellari
1360 3979 1461 4046 potest.
1472 3973 1601 4030 Arantia
1613 3973 1643 4030 in
1655 3973 1701 4031 but
1709 3967 1748 4023 ΜΟ

147 4065 326 4122 rectitudinis
336 4065 458 4131 deviare,
471 4066 675 4121 contristantur
686 4066 721 4120 dc
731 4065 845 4120 illorum
859 4064 945 4119 mise-
986 4063 1475 4139 duplicitsrpotestintelligizpotest
1481 4062 1749 4136 uenitenprorott

150 4155 203 4223 ris,
218 4154 247 4209 st
257 4153 409 4210 condolent
421 4155 456 4209 de
469 4154 534 4210 aliis
549 4160 646 4227 utpote
659 4155 694 4209 de
709 4171 748 4213 se.
987 4155 1170 4228 pecuniarum
1184 4153 1282 4226 accipi,
1296 4155 1428 4225 potestat
1441 4167 1493 4224 pru
1511 4151 1654 4208 adulteria
1666 4144 1750 4223 ausiti

600 4294 632 4348 v·
985 4239 1750 4398 :ttutttttrrturtuuitt

185 4416 273 4472 Estote
288 4416 442 4470 imitatores
461 4416 510 4470 liei
521 4419 592 4471 sicut
610 4419 666 4485 tilii
684 4419 850 4474 ctomsrinti.
872 4409 1072 4491 lior-linoque
1086 4422 1286 4476 circumveniat
1292 4417 1397 4490 aliquis
1406 4420 1438 4481 in
1450 4421 1567 4486 motio,
1575 4418 1605 4475 id
1618 4408 1752 4474 musii

148 4504 226 4562 irtur'
234 4503 384 4576 Apostolus
395 4503 530 4576 Ephesios
540 4509 572 4560 ut
581 4504 638 4560 sint
645 4506 799 4562 imitatores
808 4509 946 4575 Dei,slcut
986 4509 1068 4575 tario,
1081 4510 1202 4578 fratrem
1215 4523 1300 4563 suum
1318 4509 1343 4571 tl
1359 4508 1447 4567 Ticer.
1468 4511 1518 4575 rr).
1537 4507 1752 4580 Procopitauteu

147 4594 200 4650 fllii
211 4593 380 4650 charissimi.
397 4593 506 4650 Imitari
527 4602 622 4649 autem
638 4600 682 4651 est
706 4597 795 4667 sequi.
821 4597 944 4653 imitatio
987 4598 1137 4669 Apostolus
1147 4603 1179 4652 ut
1192 4597 1247 4651 ists
1260 4609 1323 4667 quse
1334 4595 1466 4661 diximus,
1481 4610 1541 4650 noa
1554 4596 1648 4651 salum
1661 4587 1753 4651 suist

145 4677 243 4740 tutem
254 4684 429 4757 astquaedam
441 4683 606 4755 imaginatio
618 4703 625 4753 ;
635 4683 711 4738 verbi
720 4685 821 4755 gratia,
833 4687 945 4757 quando
987 4688 1016 4741 in
1028 4686 1119 4748 nobis,
1133 4686 1182 4741 sed
1193 4701 1244 4740 nec
1255 4684 1447 4747 nominentur.
1458 4684 1527 4756 quia
1535 4685 1562 4741 si
1575 4675 1753 4754 nemorosi·

147 4772 301 4846 discipulus
328 4778 447 4830 conatur
475 4772 581 4829 imitari
607 4774 774 4844 magistrum
796 4775 824 4828 in
851 4775 945 4847 aliquo
986 4775 1138 4831 nubuntur.
1153 4774 1184 4831 Si
1198 4789 1263 4829 raro
1275 4774 1377 4845 sapius
1386 4773 1533 4830 nominata
1548 4769 1753 4845 moduinum

147 4863 391 4934 opere.anmodo
405 4879 472 4934 ergo
486 4877 636 4935 possumus
646 4863 752 4918 imitari
760 4863 848 4919 Deum
857 4863 946 4918 omni-
986 4863 1179 4930 aedificatione,
1194 4862 1302 4918 facilius
1315 4861 1467 4923 declinabit
1484 4862 1599 4921 anirum
1612 4862 1650 4919 sd
1662 4877 1699 4933 as.
1708 4857 1755 4915 itt·

146 4951 475 5025 potcutcmlvideamus.
487 4952 539 5008 Est
552 4952 600 5007 illc
614 4952 735 5025 sapiens,
752 4953 945 5024 prudensmi·
986 4959 1123 5023 rumpunt
1135 4953 1211 5009 enirn
1224 4968 1313 5007 morer
1333 4954 1414 5007 bonos
1434 4953 1576 5021 celmania
1588 4946 1756 5008 neumate

146 5028 277 5104 sedcors,
289 5041 383 5111 justus
399 5048 428 5096 at
442 5058 525 5097 verus
539 5060 546 5096 :
558 5043 648 5097 simus
669 5047 698 5096 et
721 5057 773 5097 nos
791 5041 944 5097 secundum
985 5049 1080 5099 sutem
1094 5042 1167 5097 sicut
1181 5041 1392 5096 decetsauctos.
1408 5039 1482 5106 Quid
1493 5035 1710 5097 decetsanctoei
1719 5032 1757 5090 lit

147 5124 294 5182 modulum
315 5135 419 5183 nostra
432 5131 597 5199 capacitatis
612 5130 764 5202 sapientes,
779 5131 942 5202 prudentes,
985 5136 1123 5186 aestatem
1139 5145 1250 5185 morum
1277 5144 1399 5196 serram,
1420 5128 1539 5185 virtutes
1557 5135 1699 5201 appatere,
1710 5119 1758 5179 titii

146 5213 236 5288 simus
247 5213 318 5285 justi
333 5219 362 5270 et
380 5230 492 5271 remees
517 5223 546 5272 et
566 5211 770 5285 misericordes,
796 5220 944 5291 diligentes
985 5236 1091 5276 carere.
1105 5221 1321 5288 Aatturpitudo.
1332 5217 1491 5290 turpitudo
1503 5223 1549 5273 est
1566 5217 1680 5290 quando
1697 5207 1759 5271 utut

147 5299 253 5378 anticos
268 5302 298 5357 in
317 5303 384 5369 Deo,
408 5309 438 5358 et
459 5304 587 5360 inimicos
605 5315 720 5379 propter
738 5309 837 5364 Deum.
855 5308 943 5375 Sicut,
986 5293 1761 5371 motuscamisnostrssinilarumarrtursdlibidinem,⁸⁰1

145 5388 248 5463 inquit,
260 5389 527 5447 tiliusoharissirnus
538 5393 781 5467 imitaturpatrcm
795 5397 899 5452 bonum
914 5397 944 5453 in
986 5398 1152 5470 plerumque
1162 5401 1278 5468 propter
1291 5402 1410 5451 mortem
1422 5395 1483 5462 Dei,
1497 5402 1528 5450 et
1541 5396 1676 5457 timorem
1687 5405 1763 5466 punt·

144 5476 224 5537 omni
233 5480 444 5535 conversatione
456 5494 566 5535 monim
581 5490 608 5536 er
621 5483 737 5540 lenitate
751 5487 944 5558 mentisatque
983 5500 1047 5542 rum
1061 5486 1248 5542 retrenautur.
1266 5488 1322 5541 Aut
1339 5487 1560 5554 staltttoquiam.
1572 5481 1765 5557 stultiloquium

144 5568 292 5627 bouem
300 5567 373 5634 rita,
388 5568 433 5625 ita
439 5575 468 5624 et
483 5582 532 5624 ros
542 5568 693 5627 imitamini
700 5573 943 5632 Patremvestrurn
984 5580 1030 5632 est
1043 5574 1150 5632 otiosus
1163 5590 1257 5630 sermo
1268 5583 1298 5629 et
1320 5571 1425 5631 nuum
1437 5571 1582 5643 obtimis,
1595 5573 1706 5648 quando
1713 5567 1767 5626 reli·
