3818 6104
377 226 567 287 exrosltlu
584 235 622 289 ts·
640 237 715 291 lil'l'.
736 238 762 292 S.
782 238 897 292 ntum.
917 239 1194 297 -ΙΝΕΡ18Τ.Α[)
1215 243 1317 297 tttjssn.
1615 243 1666 302 882

109 343 254 400 tunionem
269 364 353 418 quam
369 348 453 407 babet
467 370 530 409 curn
546 374 735 428 corpoream,
753 362 825 432 quod
835 366 858 422 Α
868 364 987 416 ctrinam
1013 363 1206 421 hereticorum
1233 365 1416 420 nibilominus
1439 365 1573 423 debemus
1595 369 1669 423 acci-

109 431 309 491 oclesia2unde
319 437 386 494 dicit
395 441 425 494 in
435 444 655 514 passionaticos,
664 451 733 503 Deus
741 466 824 515 tracus,
869 467 944 521 pero.
963 452 1003 507 De
1018 452 1234 524 baptismatibus
1248 471 1311 508 vero
1322 453 1485 509 «ludaeorum
1508 456 1617 526 plenius
1640 458 1670 511 in

109 520 146 573 n'd
159 523 531 615 mcdercliqoisttttonpeo
550 537 638 588 solnta
665 554 723 591 orco
747 540 828 593 serbo
869 539 1019 609 Evangelio
1033 541 1117 596 Marci
1132 542 1244 612 legitur,
1268 540 1313 596 ubi
1329 542 1525 613 vituperabant
1537 543 1670 599 Pharisaei

109 622 191 664 min
205 627 332 668 meorum
343 614 428 685 (esar.
442 632 496 685 xxr,
520 617 553 691 ll.
579 622 646 686 Quae
665 630 733 679 sunt
753 628 827 680 enim
869 626 1018 682 Dominum
1031 636 1060 683 et
1069 630 1222 701 discipulos
1233 631 1296 701 ejus
1305 646 1362 685 noo
1373 633 1435 685 lotis
1449 634 1579 686 tironibus
1592 649 1672 687 arron-

109 696 351 756 idelictorumnisi
361 707 485 777 corporis
495 709 556 778 ejus
566 713 640 783 quod
651 729 701 767 nos
710 716 828 770 sumus?
869 715 970 769 dirrare
985 718 1087 786 (llorc.
1104 734 1150 785 vn,
1165 718 1203 787 ‘lt
1220 719 1325 775 Omnes
1345 719 1419 773 enim
1439 718 1593 775 lavationes
1608 720 1669 775 illo·

109 787 184 841 tm'm
201 797 347 857 peceatum
370 808 426 848 non
451 797 525 864 tecit,
542 802 682 856 occdolos
700 803 828 858 inventus
868 818 931 856 rum
946 805 1059 860 nomine
1082 806 1282 879 baptismatum
1304 807 1497 878 designantur.
1512 808 1670 880 Aliquando

109 887 173 928 toro
191 879 250 946 ejus
264 878 293 949 (1
302 881 373 934 Pctr,
389 895 420 949 n,
436 882 492 953 2⁸2),
510 886 559 941 lroc
576 891 750 957 siqnincaote
764 889 828 960 Spi·
871 896 964 945 autem
978 880 1265 950 manussolummodo
1284 894 1387 960 lerant,
1406 894 1558 966 aliquando
1572 896 1668 967 pedes,

109 967 826 1043 emerendumpropalatomesscsanctorumeterra,
870 977 1022 1049 aliquando
1048 986 1139 1036 tolum
1163 999 1265 1055 corpus
1288 982 1400 1053 quando
1419 987 1469 1038 ant
1489 982 1595 1055 aliquid
1615 983 1669 1038 im-

109 1048 191 1118 tboc
201 1053 377 1126 significante
391 1060 498 1131 Spiritu
522 1071 618 1118 sancto
642 1066 677 1119 nd
700 1066 827 1138 Moysen,
869 1068 1006 1122 mundum
1021 1071 1198 1140 contingunt,
1213 1071 1361 1125 autetiam
1376 1071 1400 1126 si
1413 1070 1449 1125 ad
1467 1078 1611 1125 mortuum
1622 1087 1670 1126 nc·

109 1152 153 1194 um
165 1141 275 1199 venisse
289 1144 432 1203 Christum
447 1150 495 1220 qui
511 1154 595 1206 semol
611 1171 673 1208 rom
691 1156 827 1225 sanguine
868 1154 982 1210 cedunt.
995 1156 1049 1211 Sed
1059 1158 1164 1212 frustra
1174 1159 1266 1213 larant
1277 1175 1378 1213 manua
1396 1175 1553 1231 corpusque
1567 1164 1670 1222 toturn.

109 1225 166 1281 onis
178 1244 237 1286 suae
249 1230 446 1302 ingrederetur
457 1238 589 1295 coelorum
612 1248 732 1307 secreta,
746 1245 826 1315 quasi
867 1242 934 1297 dum
944 1251 1132 1300 contemnunt
1142 1245 1220 1301 sonte
1233 1246 1385 1301 Salvatoris
1401 1247 1488 1301 ablui.
1508 1248 1580 1302 Nam
1595 1247 1670 1318 quod

109 1315 200 1371 ataliis
208 1318 389 1378 verbistldeo
397 1325 472 1380 solus
481 1328 604 1398 pontifex
611 1346 674 1384 cum
688 1333 825 1402 sanguine
867 1332 1005 1402 propbeta
1020 1333 1107 1387 dicit:
1123 1336 1280 1396 borconni,
1292 1335 1394 1388 ortnnli
1406 1340 1495 1400 estole,
1510 1341 1534 1389 ct
1548 1337 1667 1390 munda·

109 1409 150 1458 rat
164 1407 251 1461 semel
274 1408 303 1463 in
324 1411 610 1481 sanctasanctorum,
627 1423 659 1473 ut
683 1419 824 1477 discamus
867 1422 941 1474 otini
951 1424 1001 1490 qui
1015 1423 1094 1490 fertis
1107 1439 1172 1476 roso
1187 1424 1300 1477 domini
1315 1425 1381 1492 (lso.
1397 1440 1415 1487 r,
1431 1420 1487 1493 tt),
1503 1423 1544 1477 illi
1557 1423 1666 1477 solum·

109 1491 210 1548 ateste
219 1511 337 1566 regnum
348 1499 607 1560 inaccessibileerat
618 1507 709 1561 adhue
721 1515 824 1564 morto·
866 1509 948 1562 modo
965 1509 1115 1564 carnaliter
1129 1511 1334 1580 intelligebant,
1348 1526 1412 1565 cum
1429 1510 1522 1581 potius
1538 1511 1574 1566 de
1587 1511 1664 1565 lava·

109 1582 290 1655 quoadusque
300 1587 405 1643 veniret
418 1591 546 1647 Christus
559 1595 618 1665 qui,
631 1596 739 1666 expieta
754 1614 819 1668 pas·
860 1594 937 1651 tione
946 1596 1124 1668 baptismatis
1132 1599 1235 1653 Christi
1246 1598 1418 1653 etmunditia
1428 1615 1545 1670 operum
1557 1599 1665 1654 dictum

109 1684 169 1735 tua,
182 1673 305 1743 aperiret
314 1676 520 1748 nobisjanuanr
529 1683 765 1753 patriaculestis,
778 1689 849 1768 ress'
859 1683 970 1738 sitista
984 1685 1080 1739 omnio
1094 1686 1224 1758 imposita
1240 1693 1322 1740 erant
1332 1702 1422 1757 usque
1432 1687 1468 1741 ed
1478 1692 1664 1759 tempuscor·

109 1759 193 1826 tvelo,
207 1761 234 1816 id
249 1769 292 1817 est
301 1765 380 1819 coelo.
391 1766 521 1823 Nondum
535 1770 609 1825 enim
624 1777 685 1827 erut
700 1774 820 1829 manile·
860 1772 1003 1837 rectionis,
1015 1774 1067 1828 boc
1080 1781 1121 1828 est
1133 1791 1221 1846 usque
1231 1774 1266 1827 ad
1276 1780 1389 1846 tempus
1409 1774 1548 1829 Dominici
1562 1775 1665 1829 adren-

109 1854 260 1905 tanctorum
270 1852 657 1929 riaingredicndiinpotriam
666 1862 817 1929 coelestem,
860 1865 916 1914 tus.
927 1862 1028 1916 Postea
1039 1878 1103 1916 vero
1113 1862 1263 1917 immutata
1277 1869 1344 1917 sunt
1357 1879 1373 1916 a
1384 1863 1496 1917 Christo
1506 1862 1535 1917 in
1550 1863 1661 1928 melius,

109 1950 153 1990 ton
167 1938 317 1994 manifesta
339 1943 383 1996 ria
401 1944 600 2016 intelligentiae,
621 1949 688 2019 quia
706 1950 818 2020 ignora·
861 1949 927 2020 quia
942 1949 1009 2004 dum
1022 1951 1174 2004 carnaliter
1182 1950 1412 2015 observabantur,
1421 1951 1589 2005 munditiam
1604 1968 1664 2006 cor·

111 2024 816 2110 ominesquidsignificarentillamysteria.Necpu-
859 2039 935 2108 poris
956 2038 1162 2110 adimplebant;
1180 2039 1246 2093 dum
1263 2056 1327 2093 vero
1339 2040 1505 2111 spiritaliter
1517 2044 1663 2111 coeperunt

118 2112 187 2169 illuc
196 2131 247 2170 nos
254 2133 310 2171 non
317 2136 398 2190 posse
407 2121 516 2192 ingredi
527 2139 581 2194 quo
588 2126 711 2195 pontifex
720 2137 815 2182 noster
856 2126 1009 2194 observari,
1022 2127 1190 2182 munditiam
1202 2128 1304 2182 animae
1319 2128 1425 2199 pariter
1438 2132 1656 2199 ceperuntope·

109 2218 246 2275 agressrm
257 2214 309 2275 est,
325 2210 385 2279 ipse
397 2226 520 2283 namque
540 2213 609 2267 dicit
621 2214 655 2268 ad
674 2214 786 2271 Patrem
803 2237 810 2272 ε
854 2216 911 2270 rari

121 2296 181 2348 oolo
195 2300 227 2349 ut
237 2298 339 2365 obispo
352 2316 425 2365 curn,
436 2304 460 2353 rt
475 2303 523 2355 isli
535 2304 592 2356 sint-
602 2319 706 2357 naccum
717 2306 810 2373 (loon.
893 2305 1018 2359 Olrrirtus
1031 2310 1123 2357 cutem
1133 2305 1393 2373 ossr'stenspontisea
1403 2305 1569 2372 futurorum
1580 2305 1661 2358 bono·

109 2378 158 2450 tl),
174 2388 202 2437 et
216 2384 291 2447 alibi,
304 2389 352 2440 obi
361 2404 423 2441 soro
433 2405 489 2456 eqo,
501 2391 593 2445 illicet
601 2395 731 2445 iniit-ister
740 2410 816 2448 otrus
858 2405 986 2459 rurrrper
995 2395 1118 2461 amplias
1129 2398 1154 2446 rt
1160 2396 1308 2461 perfectius
1320 2395 1530 2446 tabernaculum
1541 2407 1661 2446 nostroe-

109 2470 178 2524 ’ωτι
193 2485 244 2535 111,
257 2472 313 2541 26).
329 2475 363 2529 Et
377 2477 442 2547 quia
457 2476 548 2532 adbuc
563 2480 699 2550 templum
724 2481 819 2536 stabat
861 2482 1018 2547 nrrsrrctom,
1032 2483 1062 2532 nt
1076 2487 1180 2534 estnon
1194 2481 1278 2549 hujus
1292 2484 1449 2535 erectionis.
1466 2480 1593 2534 Pontifex
1606 2479 1660 2534 Ju-

109 2571 131 2611 .o
142 2558 292 2630 Apostolus
305 2562 360 2617 ista
372 2565 546 2635 loquebatur,
565 2574 593 2621 et
607 2584 726 2624 munera
740 2571 818 2642 lega-
859 2565 983 2621 daeorum
998 2567 1046 2638 qui
1061 2569 1147 2622 semel
1163 2569 1192 2622 in
1204 2584 1278 2622 anno
1293 2584 1356 2622 cum
1371 2568 1508 2639 sartguine
1524 2567 1660 2622 introibat

109 2647 208 2701 nmvis
222 2648 282 2704 sine
295 2653 429 2707 causaibi
444 2654 643 2723 offerebantur,
663 2658 726 2713 ideo
747 2661 817 2715 snt.
858 2654 932 2708 intra
945 2654 1036 2709 selum
1053 2655 1081 2708 in
1096 2656 1198 2709 Sancto
1213 2662 1375 2710 sanctorum
1395 2660 1527 2710 oraturus
1540 2671 1591 2727 pro
1608 2672 1660 2727 po·

109 2771 119 2801 ‚
139 2732 235 2790 dicens
251 2756 257 2790 :
274 2740 369 2794 Adbuc
389 2746 484 2810 priore
509 2745 685 2800 tabernarum
703 2748 816 2804 notente
857 2743 1069 2814 puloChristum
1085 2743 1262 2813 significabat
1274 2742 1347 2797 sicut
1357 2745 1417 2813 jam
1435 2743 1532 2797 multis
1546 2743 1575 2797 in
1591 2743 1660 2799 locis

109 2836 207 2893 equa,
233 2825 366 2881 subaudis
388 2845 444 2894 res,
464 2832 598 2899 parabola
622 2838 669 2900 est,
697 2834 751 2889 hoc
772 2842 816 2892 est
856 2831 1031 2887 declaratum
1047 2831 1157 2902 estqui
1171 2848 1232 2885 rum
1244 2832 1381 2902 sanguine
1393 2831 1531 2903 passionis
1545 2847 1658 2886 suere·

117 2915 148 2967 et
160 2912 313 2970 similitudo
328 2921 457 2985 temporis
471 2921 603 2974 instantis
615 2921 673 2976 sire
694 2940 814 2994 praesen-
855 2924 947 2974 sernto
962 2921 1032 2975 coelo
1050 2920 1196 2991 ingressus
1215 2925 1258 2974 est
1271 2927 1380 2974 secreta
1404 2919 1502 2991 patria
1525 2919 1656 2988 coelestis,

109 2999 252 3057 sedenim
266 3003 402 3075 agebatur
415 3009 445 3061 in
460 3009 565 3080 templo
587 3015 655 3066 tunc
668 3014 812 3084 temporis,
821 2980 844 3043 C
854 3007 894 3062 ibi
908 3023 983 3064 nunc
998 3008 1107 3062 assistit
1116 3007 1205 3062 vultui
1220 3008 1272 3062 Dei
1287 3006 1390 3069 Patris,
1403 3024 1488 3063 orans
1499 3023 1550 3063 nro
1563 3007 1656 3063 nobis.

119 3094 182 3144 erat
194 3097 224 3144 et
243 3091 396 3148 similitudo
414 3093 496 3150 istius
519 3097 734 3170 veritatisque
752 3102 812 3170 jans
854 3095 980 3151 Pontifex
1000 3100 1095 3151 nutem
1115 3096 1274 3150 futurorum
1290 3094 1427 3151 bonorum
1444 3095 1554 3151 dnobus
1566 3096 1657 3151 modis

109 3176 178 3232 lesia
196 3181 360 3251 completur·
380 3183 521 3254 Sequitur,
536 3189 621 3253 juata
634 3203 730 3258 quom.
745 3189 812 3243 sub·
853 3184 1011 3255 appellatur
1022 3201 1027 3237 :
1039 3184 1136 3238 tntum
1146 3184 1221 3237 enirn
1235 3183 1309 3239 bona
1325 3200 1387 3254 qua
1400 3183 1481 3237 nobis
1494 3184 1555 3257 ipse
1568 3183 1657 3239 adrni-

116 3266 278 3337 parabolarn
303 3269 360 3324 sive
381 3272 511 3342 liguram,
535 3290 654 3329 rounam
673 3282 698 3329 et
721 3278 813 3333 trosttae
853 3271 993 3339 nistravit,
1008 3274 1122 3327 lucrant
1147 3272 1230 3327 verba
1250 3272 1383 3338 celestio,
1399 3272 1494 3343 passio
1508 3271 1595 3336 illius,
1610 3289 1656 3327 re·

109 3358 179 3422 etur,
194 3356 337 3412 adhucibi
360 3360 592 3427 asaeerdotibus,
608 3379 677 3432 qua,
695 3381 813 3421 munera
853 3358 1001 3426 surrectio,
1031 3359 1197 3431 bflPtiSfflusr
1225 3358 1354 3413 r0ffl5⁸⁸i0
1374 3363 1562 3428 Pemitifflffls
1589 3374 1655 3431 Pel·

109 3442 176 3510 sua,
193 3460 248 3498 noo
255 3453 370 3514 possunt
380 3450 531 3517 perfectum
546 3453 636 3518 socero
650 3456 812 3509 seruientem
853 3445 1160 3518 sectaqutiustlsscalim
1173 3464 1235 3518 (111ae
1246 3447 1349 3501 idcit'w
1366 3446 1463 3500 fllium
1472 3444 1546 3501 bona
1558 3448 1655 3519 appel·

130 3536 336 3590 conscientiam.
369 3538 547 3594 Conscientia
583 3539 687 3595 dicitur
719 3542 811 3598 cordis
852 3534 995 3604 labantur,
1016 3537 1057 3590 vel
1075 3536 1143 3607 quia
1162 3535 1304 3606 mysteriis
1320 3534 1499 3605 praefigurata
1518 3540 1594 3601 sunt,
1610 3536 1655 3590 rel

109 3619 195 3693 iaper
207 3638 292 3694 quam
307 3623 473 3695 intelligitur
492 3643 572 3682 mens
586 3628 728 3698 hominis5
750 3631 810 3704 itta,
853 3623 938 3678 etiam
954 3624 1019 3695 quia
1035 3623 1167 3696 predicta
1182 3628 1249 3677 sunt
1259 3621 1398 3675 indivinis
1408 3620 1538 3675 oraculis.
1551 3621 1654 3677 Altiori

109 3749 115 3779 ,
137 3726 256 3768 munera
275 3714 400 3769 carnalia
421 3732 478 3771 non
500 3723 630 3788 poterant
657 3717 811 3789 perfectum
852 3712 1097 3767 autemintellectu
1110 3708 1654 3780 luturabonapossumusacciperegau·

109 3801 305 3857 sarrientem
316 3804 345 3857 in
357 3804 428 3874 lege,
436 3805 516 3875 juxta
526 3806 726 3876 perlectionem
736 3822 813 3861 men·
852 3801 899 3855 dia
912 3800 1010 3871 patrie
1022 3800 1151 3865 coelestis,
1167 3815 1229 3870 qua
1242 3797 1323 3852 nobis
1338 3813 1389 3868 per
1402 3796 1546 3852 Christum
1560 3797 1652 3851 admi·

109 3888 137 3945 ia
154 3906 211 3944 non
224 3891 485 3947 valebantmentem
497 3894 653 3964 justificare
669 3895 735 3949 dum
751 3912 806 3949 non
852 3889 973 3944 nistrata
985 3894 1061 3944 sunt.
1070 3889 1149 3944 Unde
1164 3896 1192 3942 et
1205 3886 1328 3958 pontifex
1343 3885 1512 3957 appellatur,
1530 3901 1563 3940 eo
1577 3884 1652 3956 quod

109 3984 146 4034 at
158 3979 288 4049 gravima
299 3987 423 4051 peccata.
437 3982 585 4037 Neminem
600 3983 675 4037 enim
691 3984 727 4038 ad
742 4000 807 4055 per·
849 3984 1030 4051 potestatem,
1039 3978 1068 4033 id
1078 3983 1121 4032 est
1127 3978 1200 4031 viarn
1209 3975 1338 4046 justitiae,
1345 3974 1476 4044 viamque
1484 3975 1519 4028 ad
1530 3975 1651 4045 patriam

109 4066 299 4125 redduxitlex.
312 4069 367 4123 Sed
377 4070 405 4124 in
421 4070 521 4141 quibus
536 4089 569 4126 ex
585 4073 707 4126 maximo
728 4078 807 4144 parte
847 4071 990 4125 coelestem
1010 4068 1187 4124 ascendendo
1202 4066 1283 4121 nobis
1293 4064 1460 4119 exhibuerit·
1475 4065 1537 4119 nlla
1555 4070 1651 4119 trans-

109 4157 156 4212 itio
164 4156 233 4228 legis
239 4157 394 4224 constabat,
405 4159 609 4232 subsequenter
617 4161 749 4229 ostendit,
766 4162 808 4216 in·
847 4159 916 4215 latio
932 4156 1026 4224 habet,
1041 4157 1170 4213 Christus
1185 4154 1337 4210 adveniens
1350 4152 1476 4224 pontifex
1489 4152 1648 4208 futurorum

115 4244 285 4301 solummodo
298 4250 330 4300 io
341 4248 408 4300 cibis
417 4253 442 4301 et
448 4251 558 4316 potibus
570 4256 595 4304 ct
605 4253 692 4304 tortis
707 4251 806 4318 leptis·
847 4247 995 4302 bonorum.
1012 4246 1072 4301 Nisi
1081 4245 1156 4300 enim
1167 4242 1336 4310 advenisset,
1350 4257 1528 4312 nequaquam
1542 4242 1600 4297 brec
1609 4241 1650 4297 lu·

109 4350 129 4388 u
142 4338 296 4404 ettestttits
312 4339 416 4396 cornis,
432 4335 566 4391 subaudis
580 4337 727 4392 ridebatur
741 4354 805 4409 per·
846 4342 911 4391 ture
932 4336 1006 4390 bona
1028 4334 1109 4389 nobis
1131 4333 1367 4398 administrasset,
1392 4346 1484 4402 neque
1506 4330 1652 4387 assisteret

114 4420 208 4478 lacere
218 4423 397 4488 servientem,
408 4441 492 4494 usquc
501 4426 539 4479 od
549 4431 654 4494 tempos
664 4430 806 4481 correctio·
847 4424 936 4480 vultui
952 4425 1003 4479 Dei
1016 4424 1107 4478 Patris
1122 4438 1173 4495 pro
1182 4420 1273 4476 nobis.
1286 4419 1505 4491 Notandumque
1515 4420 1581 4490 quia
1593 4436 1650 4475 non

120 4511 381 4567 estmeliorationis
395 4518 424 4566 et
437 4512 652 4578 emendationis,
665 4514 805 4586 impositis
846 4514 915 4568 dixit
932 4513 1099 4586 simpliciter
1112 4511 1263 4582 Apostolus
1277 4509 1357 4563 illum
1377 4508 1518 4573 assistere,
1536 4508 1583 4562 sed
1599 4524 1651 4579 per

109 4598 189 4656 ilicet
199 4601 428 4671 justitiiscamis.
445 4602 494 4658 lle
505 4602 623 4673 justitie
638 4604 767 4657 carnales
777 4604 805 4657 in
847 4603 1072 4668 tabernaculum,
1088 4616 1157 4654 usus
1171 4601 1255 4655 etiam
1277 4596 1466 4667 comparativo
1488 4596 1590 4666 gradm
1604 4596 1648 4649 di-

109 4689 163 4745 rua
175 4688 300 4744 ciborum
314 4698 342 4745 et
352 4698 479 4762 potuum,
496 4708 529 4745 ac
544 4691 684 4745 variorum
696 4690 805 4762 baptis·
846 4708 912 4746 cens
927 4694 999 4747 :Per
1012 4693 1134 4758 amplios
1148 4696 1173 4741 et
1185 4689 1344 4757 perfectius.
1359 4683 1584 4737 ‘sabernaculum
1595 4697 1647 4737 au·

109 4777 184 4833 „sire
197 4779 369 4834 lavationum
384 4781 521 4851 usquead
535 4786 647 4852 tempus
664 4780 805 4834 Dominici
845 4786 902 4835 tem
918 4797 968 4852 per
982 4779 1058 4851 quod
1077 4777 1185 4832 assistit
1204 4776 1262 4829 lleo
1286 4774 1375 4838 Patri,
1390 4770 1552 4826 humanitas
1571 4771 1649 4826 illius

109 4882 140 4923 os
164 4866 303 4939 impositae
327 4868 452 4935 luerunt,
472 4869 545 4923 sicut
571 4877 600 4924 et
618 4868 728 4940 reliqua
742 4886 804 4941 quse
845 4876 889 4923 est
902 4870 1035 4940 quoniam
1050 4866 1104 4921 nisi
1118 4865 1302 4927 homolleret,
1313 4858 1649 4931 nequaquamDeoPatri

109 4955 310 5028 berlangam,
326 4957 445 5013 Domino
455 4964 549 5012 autem
561 4957 726 5014 adveniente
741 4975 804 5012 cor·
846 4959 978 5013 assistere
988 4962 1090 5029 posset.
1099 4951 1322 5010 'sabernaculum
1333 4965 1401 5020 ergo
1410 4948 1537 5019 corporis
1551 4948 1650 5003 Domi·

109 5050 172 5109 unt,
183 5046 236 5101 hoc
245 5051 289 5100 est
307 5046 461 5102 emendatae
474 5063 506 5101 ac
516 5046 546 5101 in
561 5047 662 5101 melius
677 5053 802 5102 mutate.
846 5048 902 5104 nici
928 5046 1049 5118 amplius
1069 5052 1112 5101 cst
1136 5041 1317 5098 tabernaculo
1341 5037 1440 5112 bloysi,
1467 5036 1650 5094 tabernaculo

109 5134 254 5193 armanda
262 5134 396 5190 animalia
408 5152 469 5207 quae
479 5135 524 5190 lex
534 5136 667 5207 praecepit
676 5144 707 5191 ut
717 5137 804 5192 edan·
846 5153 957 5209 quoque
968 5133 1135 5199 Salomonis,
1147 5131 1214 5204 quia
1227 5129 1277 5185 illa
1292 5126 1422 5183 manibus
1437 5126 1593 5184 carnalium
1603 5129 1652 5183 bo-

109 5222 272 5296 pnillcantur
286 5224 497 5296 mundaopera3
512 5241 562 5295 per
577 5225 724 5279 immunda
740 5242 804 5280 sero
847 5228 955 5281 minum
970 5224 1043 5280 facta
1058 5228 1133 5284 sunt,
1155 5221 1208 5275 hoc
1226 5233 1291 5274 vero
1306 5217 1382 5273 intra
1392 5222 1507 5272 uterum
1524 5217 1650 5289 virginis,

109 5312 149 5380 la,
167 5312 314 5368 immunda
332 5328 418 5384 opera
439 5313 645 5385 intelliguntur,
667 5331 684 5368 a
703 5314 805 5387 quibus
847 5317 908 5370 sine
922 5314 1030 5369 semine
1044 5311 1128 5377 virili,
1142 5307 1385 5364 totius'l'rinitatis
1399 5323 1484 5378 opere
1495 5306 1651 5379 effigiatum

109 5400 205 5457 endum
216 5406 268 5456 est.
277 5402 331 5456 Per
343 5408 423 5472 potus
433 5419 497 5456 vero
506 5403 635 5470 mundos,
648 5405 805 5458 doctrinam
848 5410 901 5459 est.
917 5404 980 5460 Sive
995 5404 1025 5457 in
1040 5402 1092 5456 hoc
1111 5405 1154 5455 cst
1168 5397 1290 5471 amplios
1304 5403 1334 5453 et
1346 5398 1438 5469 majus
1449 5396 1506 5451 illis
1520 5396 1653 5452 taberna·

109 5489 259 5547 atticorum
278 5490 412 5557 virorum,
428 5508 479 5561 per
496 5492 656 5547 immundos
670 5510 745 5561 vero,
762 5494 810 5548 do·
851 5494 931 5557 culis,
950 5493 1018 5572 quia
1039 5490 1169 5554 divinitas
1190 5488 1286 5554 Verbi,
1312 5504 1374 5558 qua
1396 5492 1455 5541 tota
1477 5501 1534 5540 non
1561 5490 1654 5559 potest
