3818 6104
207 278 259 393 1¹47
413 311 603 370 HAYMONIS
621 315 866 371 HALBERSTAT.
886 314 1000 370 EPlSC.
1021 315 1101 371 OPP.
1121 315 1213 370 PARS
1232 315 1254 369 1.
1273 328 1313 395 ῥ’
1329 309 1516 368 COMMENT.
1542 307 1635 365 BIBL.
1798 302 1849 360 tta

210 431 368 493 dunarum
380 435 600 506 scripturarum,
616 455 668 493 nec
693 445 871 508 transgressa
893 438 1008 492 Petrum
1017 438 1208 509 Aglorieutur
1223 437 1353 502 haretici,
1371 436 1463 490 veniet
1475 435 1567 505 gloria
1587 430 1685 495 lsrael,
1708 428 1851 501 jactantia

210 527 326 577 statuta.
342 524 492 579 «Planctus
505 527 605 581 domus
619 527 882 597 viciuaeaccipiatex
898 527 1003 581 vobis.»
1051 528 1244 581 haereticorum
1261 542 1350 596 usquc
1365 524 1538 586 Odollam,id
1559 527 1706 591 estusque
1722 518 1758 572 ad
1769 517 1850 572 testi-

210 611 309 668 llicina
322 613 423 667 domus
439 621 483 669 est
496 614 633 679 Ecclesia,
649 617 678 670 in
694 634 749 687 qua
776 616 860 670 domo
874 633 930 669 non
944 622 1011 670 sunt
1050 617 1176 671 monium
1189 615 1380 671 exhaustionis
1390 630 1457 680 suae,
1466 612 1546 666 idest
1554 625 1645 679 usque
1655 607 1848 679 adjudicium,

210 700 345 769 baeretici,
374 703 424 757 aad
452 704 535 758 vicini
557 704 583 758 ei
605 712 682 761 sunt.
699 705 768 759 «Ex
795 699 875 759 nobis
909 705 1011 774 (inquit
1052 706 1163 779 quando
1178 700 1850 775 exhaurientatqueebibentmensuramoperum

213 791 378 863 Apostolus)
388 792 526 859 exierunt,
542 794 592 848 sed
612 798 765 849 nouerant
780 793 916 849 exnobis.
939 792 1011 847 ›Vi-
1051 811 1178 851 suorum.

213 879 507 951 cinaestergodomus
523 882 720 957 hereticorum
735 880 865 938 Ecclesiae
874 881 1010 948 fidelium,
1090 882 1263 938 «Decalvare
1270 888 1299 935 et
1307 880 1425 936 tondere
1434 876 1600 949 supcrfilios
1609 874 1777 931 deliciamm
1786 879 1853 929 tua-

214 968 264 1025 aad
275 984 359 1040 super
373 986 488 1025 menam
503 971 605 1042 posita,
621 988 677 1026 nou
687 971 773 1026 habet
784 971 1009 1026 fundamentum.
1052 989 1125 1038 rum,
1142 972 1228 1026 dilata
1244 970 1387 1025 calvitium
1400 974 1481 1024 tuum
1505 967 1577 1021 sicut
1594 965 1701 1036 aquila,
1716 962 1853 1034 qnoniam

214 1056 251 1112 Et
263 1061 307 1111 est
319 1074 418 1112 seusus
436 1072 442 1107 τ
459 1058 482 1114 Ο
497 1059 631 1129 haeretici,
658 1061 707 1131 qui
721 1065 832 1114 tantum
846 1059 930 1114 vicini
944 1059 1011 1114 estis
1053 1061 1155 1133 captivi
1171 1060 1246 1114 ducti
1257 1064 1324 1112 sunt
1333 1075 1365 1112 ex
1379 1063 1417 1112 te.
1436 1057 1517 1111 illoc
1531 1059 1560 1110 et
1580 1052 1741 1125 specialiter
1755 1050 1793 1105 ad
1803 1050 1852 1105 Sa

215 1144 411 1213 Ecclesiam&
421 1153 521 1202 contra
533 1164 595 1203 eam
605 1165 717 1220 semper
726 1147 1012 1219 erigimini,plangite
1053 1150 1182 1215 mariam,
1197 1149 1227 1203 id
1242 1155 1286 1203 est
1297 1148 1393 1201 docem
1407 1145 1509 1211 tribus,
1523 1150 1553 1198 et
1562 1141 1735 1214 generaliter
1744 1139 1782 1194 ad
1791 1156 1853 1194 om-

214 1234 408 1306 vocmatipsos,
425 1237 491 1306 quia
503 1253 536 1291 ex
549 1236 627 1292 vobis
647 1237 765 1308 accipiet
784 1237 915 1291 inimicus
926 1243 956 1290 et
969 1236 1012 1291 ul·
1054 1256 1118 1294 nem
1132 1239 1266 1311 populum
1282 1232 1539 1304 Israeldicitur,qui
1550 1231 1675 1301 captivus
1689 1230 1852 1284 ductusest.

215 1326 262 1379 tor
274 1320 403 1379 diabolus
413 1325 567 1395 planctum,
581 1326 634 1380 hoc
644 1330 698 1393 est,
717 1343 765 1381 vos
777 1326 856 1381 eritis
870 1342 957 1380 causa
968 1341 1013 1378 ve·
1055 1329 1174 1385 iubetur
1186 1342 1252 1397 ergo
1266 1330 1298 1380 ut
1312 1324 1482 1389 decalvetur,
1497 1322 1569 1376 sicut
1583 1337 1643 1374 mos
1658 1323 1720 1373 erat
1730 1319 1762 1372 in
1774 1318 1854 1372 luctu

217 1414 283 1476 dra
297 1411 474 1482 perditionis,
490 1419 520 1468 et
532 1431 565 1469 ex
590 1414 668 1470 vobis
694 1415 834 1481 diabolus,
854 1415 898 1469 cui
916 1414 1014 1470 traditi
1055 1419 1155 1480 facere,
1172 1421 1202 1470 et
1212 1415 1431 1479 tondeantur,ac
1444 1412 1555 1482 plorent
1569 1408 1641 1464 filios
1656 1407 1855 1477 suos.thuo·

217 1498 295 1564 eatis,
312 1501 459 1557 materiem
480 1503 598 1574 accipiet
614 1502 759 1574 puniendi.
776 1503 843 1569 Quae
855 1503 933 1557 stetit
946 1500 1015 1556 sibi·
1056 1506 1139 1561 modo
1155 1503 1249 1575 aquila
1262 1509 1338 1557 certo
1347 1508 1475 1572 tempore
1487 1498 1593 1552 amittit
1606 1497 1718 1568 plumas
1732 1511 1811 1579 suas,
1826 1499 1855 1548 et

217 1592 287 1651 met,
302 1588 371 1659 quia
385 1589 529 1645 infirmata
543 1597 587 1646 est
601 1592 630 1646 iu
645 1592 750 1647 bonum
764 1609 858 1658 suum,
880 1593 916 1647 ad
931 1608 1015 1663 supe·
1055 1595 1132 1651 nuda
1142 1601 1227 1663 atque
1240 1590 1384 1662 implumis
1400 1592 1536 1654 remanet,
1551 1586 1591 1640 sic
1616 1584 1706 1639 Israel
1730 1583 1854 1654 deponat

216 1674 294 1731 riora
304 1677 481 1748 jungendum
496 1686 548 1744 est,
565 1679 613 1734 ubi
628 1680 738 1745 dicitur,
750 1701 764 1732 a
778 1682 840 1735 Nou
854 1686 1015 1750 astegrcssa
1056 1700 1168 1740 ornnem
1179 1682 1368 1753 gloriamque
1376 1684 1441 1732 aute
1456 1673 1693 1739 circumdabatur,
1700 1679 1728 1727 et
1738 1673 1856 1744 plangat

218 1781 280 1836 quaa
290 1765 442 1823 habitatin
457 1769 543 1832 exitu,
560 1786 621 1840 quae
635 1771 716 1824 stetit
729 1770 850 1825 sibimet.
866 1790 877 1822 v
895 1770 1017 1824 Ecclesia
1027 1773 1131 1853 Btilios
1145 1788 1210 1826 suos
1222 1776 1318 1841 captos
1332 1767 1367 1822 ab
1377 1765 1513 1821 hostibus.
1530 1763 1584 1819 Sed
1608 1768 1637 1817 et
1663 1762 1855 1832 hoctempore

217 1853 298 1908 stetit
309 1853 433 1918 sibimet,
450 1857 517 1926 quia
530 1857 560 1911 in
575 1858 693 1913 veritate
720 1858 828 1913 stabilis
850 1858 1015 1930 permansit.
1059 1863 1184 1915 videmus
1197 1859 1308 1931 plebem
1331 1856 1477 1911 iudaicam
1497 1853 1681 1917 decalvatam,
1698 1855 1728 1904 et
1742 1866 1855 1905 omnem

218 1941 366 1998 Infirmata
379 1948 432 2011 est,
440 1944 469 1998 id
477 1951 520 2000 est
529 1946 635 2000 afflicta
644 1947 760 2002 diversis
775 1947 1017 2010 tribulationibus,
1057 1950 1178 2023 gratiam
1193 1965 1248 2019 qua
1258 1952 1324 2001 ante
1336 1943 1594 2014 floruerat,penitus
1604 1939 1639 1995 ab
1649 1955 1683 1993 ea
1696 1938 1855 1994 recessisse.

217 2030 268 2089 aad
279 2031 334 2087 hoc
347 2032 387 2086 illi
401 2032 430 2087 in
442 2032 547 2088 bonum
560 2034 623 2100 luit,
640 2036 708 2105 quia
721 2052 776 2106 quo
791 2037 881 2106 magis
896 2036 1019 2089 infirma·
1059 2039 1177 2111 Mystice
1192 2037 1294 2091 dicitur
1319 2035 1420 2089 anima
1443 2031 1591 2103 peccatrici
1608 2049 1614 2083 :
1629 2029 1652 2084 0
1668 2028 1774 2093 anima,
1795 2043 1857 2099 quae

218 2117 312 2185 batur,
328 2136 361 2175 ao
376 2121 497 2191 amplius
517 2123 546 2176 in
572 2124 627 2177 tide
652 2123 849 2192 roborabatur,
862 2125 1017 2177 secundum
1058 2128 1199 2200 quondam
1222 2123 1361 2179 fruebaris
1375 2121 1516 2194 paradiso,
1530 2125 1558 2174 et
1572 2117 1686 2171 volabas
1706 2121 1740 2171 ut
1763 2115 1859 2186 aquila

218 2208 384 2279 Apostolum
398 2210 447 2280 qui
462 2210 540 2277 dicit,
552 2210 670 2276 Quando
684 2213 822 2279 infirmor,
839 2220 906 2267 tunc
919 2212 1019 2266 sortior
1059 2213 1273 2285 contemplando
1296 2211 1429 2274 coelestia,
1444 2225 1555 2264 assume
1575 2205 1704 2260 habitum
1717 2204 1859 2276 poenitan-

220 2297 530 2355 commanentium
548 2299 583 2354 de
602 2301 700 2355 eadem
710 2301 832 2355 Ecclesia
842 2301 917 2365 dicit,
935 2301 1018 2356 lutir-
1059 2303 1105 2369 tis,
1122 2308 1150 2358 et
1164 2302 1265 2373 plange
1274 2300 1347 2354 tilios
1361 2306 1435 2365 tuos,
1450 2298 1478 2352 id
1493 2302 1537 2352 est
1550 2311 1636 2367 opera
1653 2310 1717 2366 quae
1730 2291 1855 2365 gessisti,

219 2389 470 2451 paraetonio
480 2387 621 2458 perfecisti
635 2405 707 2444 earn.
731 2390 797 2444 Haec
822 2390 883 2460 ipsa
897 2389 1020 2444 Ecclesia
1060 2392 1128 2464 quia
1141 2391 1281 2463 captivata
1288 2394 1357 2443 sunt
1370 2387 1422 2443 sub
1431 2389 1494 2458 lege
1503 2385 1621 2457 peccati.

221 2473 333 2532 habitat
345 2474 517 2541 inRamoth,
532 2476 560 2530 id
574 2483 618 2532 est
638 2478 669 2532 iu
688 2478 932 2538 amaritudinibus.
953 2479 1021 2550 quia
1336 2514 1342 2524 -

221 2579 321 2636 pressa
347 2565 552 2636 persecutionis
576 2568 708 2638 pondere,
726 2568 766 2621 nil
789 2567 871 2622 dulce
890 2567 975 2622 habet
992 2569 1021 2622 in
1372 2528 1489 2586 CAPUT
1503 2528 1542 2586 ss·

222 2653 364 2724 pmsenti.
376 2654 627 2713 Descendituutem
639 2657 744 2710 malurn
759 2673 776 2710 a
791 2657 909 2711 Domino
917 2657 946 2711 in
960 2674 1023 2727 por·
1101 2659 1176 2713 «Vae
1191 2659 1239 2730 qui
1249 2657 1378 2728 cogitatis
1389 2654 1499 2720 inutile,
1511 2659 1540 2709 et
1550 2650 1824 2725 operaminimalum
1833 2651 1863 2706 in

221 2745 283 2799 tam
292 2743 483 2811 Hierusalem,
495 2744 524 2798 id
542 2751 585 2801 est
598 2745 708 2799 insidiae
723 2744 916 2800 hereticorum
933 2762 1022 2816 usque
1063 2749 1201 2805 cubilibus
1211 2747 1356 2801 vestrisln
1365 2745 1427 2800 luce
1433 2743 1574 2798 matutina
1582 2741 1691 2796 faciunt
1704 2740 1786 2804 illud,
1797 2757 1865 2812 quo

224 2831 259 2887 ad
268 2832 398 2905 auditum
407 2833 544 2890 Ecclesia.
558 2834 612 2891 Sed
630 2833 784 2889 Ecclesiam
804 2840 952 2904 penetmre
966 2851 1022 2888 nou
1063 2839 1139 2893 niam
1150 2843 1252 2891 >contra
1264 2834 1356 2890 Deum
1370 2839 1414 2888 est
1423 2848 1524 2888 manus
1538 2847 1645 2885 eorum.
1665 2848 1676 2881 r
1697 2830 1747 2884 Vm
1759 2829 1865 2901 populo

223 2921 932 2994 possunt,quiaintrinsecussecontiuetincustodia
942 2939 1022 2976 men·
1063 2927 1237 2992 Judaeorum,
1254 2941 1293 2978 vae
1307 2923 1393 2977 etiam
1408 2920 1538 2977 omnibus
1553 2919 1601 2990 qui
1611 2919 1739 2990 cogitant
1751 2918 1864 2985 inutile,

224 3009 272 3072 tis,
284 3015 376 3065 elnon
386 3009 530 3081 egreditur
539 3010 656 3066 sorasue
664 3011 793 3070 violetur,
802 3010 1022 3081 sicutquondam
1064 3017 1118 3071 hoc
1127 3020 1179 3074 est,
1195 3013 1367 3068 meditantur
1389 3011 1528 3082 quomodo
1553 3013 1642 3068 Deum
1661 3009 1818 3074 offendant,
1837 3013 1866 3061 et

225 3097 350 3165 Dina,de
361 3114 416 3169 (111ss
426 3097 530 3153 dicitur
540 3099 606 3170 quia
626 3115 741 3169 egressa
749 3105 793 3153 est
801 3105 834 3153 ut
842 3100 949 3154 videret
961 3115 1024 3152 mu·
1066 3108 1221 3175 operantur
1231 3101 1336 3155 malum
1347 3101 1376 3155 in
1386 3099 1563 3159 cubilibusid
1577 3105 1621 3155 est
1629 3097 1865 3169 disponuntmale

225 3184 310 3241 lieres
324 3185 447 3256 regionis
457 3187 543 3242 illius.
558 3189 583 3245 A
599 3186 718 3242 Domino
732 3194 826 3242 autem
855 3188 1025 3243 descendere
1066 3190 1311 3248 facerellisfinitio
1320 3194 1415 3243 autem
1426 3188 1578 3243 voluntatis
1592 3205 1642 3260 pro
1657 3184 1866 3256 effectuaccipi·

227 3274 336 3329 malum
344 3275 533 3346 dicitur,quia
544 3275 637 3343 uillit,
650 3276 704 3331 uisi
715 3277 896 3346 permittente
906 3277 1026 3332 Domino
1067 3289 1114 3337 tur
1129 3280 1235 3352 operis.
1255 3277 1396 3350 Quidquid
1408 3277 1477 3331 mali
1493 3293 1557 3331 vero
1576 3282 1658 3331 nocte
1668 3274 1864 3338 tractaverint,

229 3362 385 3434 quiadboc
400 3363 431 3418 in
444 3364 568 3419 Ecclesia
595 3364 664 3420 sinit
688 3382 750 3421 esse
768 3366 922 3431 hereticos,
939 3371 972 3421 ut
983 3367 1027 3421 vel
1068 3370 1148 3442 quasi
1163 3368 1274 3422 differre
1288 3382 1344 3420 non
1359 3365 1451 3431 liceat,
1467 3381 1531 3419 mox
1545 3370 1577 3419 ut
1589 3365 1638 3418 lux
1658 3361 1801 3416 matutina
1812 3361 1867 3415 cla·

228 3451 358 3523 probent,
374 3452 416 3507 vel
428 3459 584 3508 exerceant.
600 3453 742 3525 Sequitur,
766 3472 779 3507 a
794 3456 942 3510 Tumultus
956 3471 1026 3526 qua·
1067 3458 1167 3521 ruerit,
1181 3456 1315 3511 festinant
1330 3471 1414 3526 opere
1427 3455 1591 3526 adimplere,
1618 3469 1670 3508 nec
1685 3451 1867 3508 considerant

230 3540 317 3611 drigae
345 3541 469 3612 stuporis
503 3541 641 3597 habitanti
673 3542 781 3608 Lachis,
806 3561 817 3592 ›
839 3549 892 3596 etc.
914 3544 1023 3608 bachis,
1068 3551 1116 3621 qui
1130 3552 1228 3601 contra
1242 3544 1393 3600 Dominum
1408 3541 1867 3614 estmanuseorum,eiqucrepu·

231 3645 294 3701 quae
307 3629 805 3701 interpretaturdeambulatio.ipsos
820 3631 1027 3700 siguathaereti-
1066 3643 1165 3708 gnant.
1183 3633 1315 3705 Sequitur
1339 3633 1485 3704 propheta,
1501 3647 1641 3702 exponens
1669 3647 1732 3701 quar
1747 3629 1806 3684 sint
1819 3628 1868 3683 illa

231 3732 279 3772 coa
292 3734 388 3788 vagos,
400 3723 429 3773 et
442 3734 493 3788 per
502 3718 613 3773 diversa
632 3734 760 3773 errorum
772 3718 906 3788 dogmata
919 3720 1027 3775 discur·
1069 3743 1130 3797 quae
1144 3723 1269 3794 cogitant
1278 3727 1307 3776 et
1321 3727 1419 3792 egomt,
1432 3727 1462 3775 et
1475 3720 1544 3775 dicit
1557 3739 1562 3772 :

232 3812 338 3873 santes,
347 3807 453 3878 quique
481 3807 676 3862 circumfertur
689 3807 766 3862 omni
787 3813 870 3862 vento
883 3808 1026 3877 doctrinae,
1107 3813 1161 3868 «Et
1172 3810 1377 3880 concupierunt
1389 3826 1482 3880 agros,
1491 3814 1520 3863 et
1533 3809 1670 3862 violenter
1681 3807 1820 3873 tulerunt,
1837 3812 1865 3861 et

232 3896 377 3968 dequibus
385 3896 497 3962 dicitur,
514 3897 548 3952 lli
558 3898 588 3952 in
601 3897 730 3952 curribus
745 3904 773 3951 et
780 3898 809 3952 hi
819 3899 850 3953 in
864 3900 1027 3970 equisetc.»
1069 3903 1168 3958 domos
1178 3903 1346 3970 rapuerunt:
1369 3897 1652 3952 etcalumniabantur
1666 3897 1757 3951 virum
1773 3902 1803 3950 et
1816 3895 1868 3950 do-

233 3984 277 4041 Ibi
285 4001 352 4058 ergo
363 3986 504 4058 principes
512 3985 680 4041 exstiterunt
688 3988 792 4058 peccati
801 3988 866 4042 tiliae
876 3989 953 4056 Sion,
969 4005 1031 4060 quae
1071 3986 1560 4060 mumejus3virumethaercditatem
1570 3987 1641 4056 ejus.
1654 4005 1666 4036 x
1679 3986 1745 4040 Haec
1758 3990 1788 4039 et
1801 3988 1869 4039 tunc

234 4076 347 4147 specula
359 4076 571 4146 interpretatur,
587 4075 654 4146 quia
667 4075 758 4131 omnis
777 4077 906 4132 Ecclesiae
920 4077 1033 4131 calami·
1070 4080 1186 4145 fiebant,
1196 4084 1225 4132 et
1234 4077 1317 4131 modo
1331 4076 1417 4147 (quod
1429 4074 1639 4143 estdoleuduml
1651 4090 1669 4128 a
1680 4073 1869 4144 multisagun·

233 4167 288 4230 tas,
305 4164 398 4219 omnis
409 4180 489 4218 error
500 4170 529 4218 et
543 4170 689 4234 peccatum
704 4164 739 4220 ab
766 4166 903 4221 haereticis
918 4183 1030 4238 proces·
1071 4175 1127 4224 tur.
1143 4168 1223 4223 Unde
1238 4183 1301 4220 mox
1308 4167 1390 4236 juxta
1403 4164 1584 4235 subsequitur
1593 4163 1672 4218 ultio.

236 4252 283 4305 sit.
302 4252 480 4322 »Propterea
493 4251 566 4306 dabo
576 4252 736 4307 emissarios
743 4270 828 4325 super
838 4255 1030 4310 haereditatem
1110 4257 1233 4311 ildcirco
1242 4255 1374 4310 haecdicit
1383 4252 1669 4323 nominusznceeego
1679 4252 1773 4322 cogito
1787 4267 1871 4323 super

237 4338 349 4395 esth.»
377 4339 522 4393 Emissarii
549 4340 700 4405 daemones,
716 4343 759 4396 vel
786 4342 908 4398 visibiles
926 4343 1032 4399 inimici
1072 4345 1209 4400 lamiliam
1225 4345 1309 4398 istam
1325 4343 1429 4397 malum
1447 4342 1545 4397 :unde
1567 4358 1622 4396 non
1646 4340 1781 4396 auferetis
1800 4341 1872 4396 colla

237 4427 364 4498 aunt,qui
370 4428 448 4497 iusto
458 4427 508 4481 llei
513 4427 777 4496 judiciomittuntur
787 4447 871 4501 super
877 4431 960 4496 Geth,
969 4420 1063 4502 quael)
1074 4440 1177 4496 vestra,
1189 4438 1219 4487 et
1229 4449 1284 4487 non
1300 4431 1480 4486 ambulabitis
1489 4429 1747 4502 superbi,quoniam
1758 4435 1872 4501 tempus

236 4516 360 4571 torcular
366 4515 580 4586 interpretatur,
589 4516 617 4569 id
628 4521 761 4588 estsuper
767 4517 922 4586 haereticos,
940 4521 989 4591 qui
1003 4537 1034 4576 ee
1074 4523 1229 4596 pessimum
1239 4527 1291 4575 est.
1303 4542 1316 4571 i
1328 4521 1402 4585 Quia
1414 4521 1524 4591 (inquit)
1541 4537 1590 4575 vos
1602 4519 1747 4590 cogitastis
1759 4518 1870 4585 inutile,

236 4610 339 4678 putant
353 4604 456 4660 habere
471 4603 566 4660 vinum
580 4605 738 4676 purissime
752 4608 887 4673 veritatis,
904 4611 953 4664 sed
968 4616 1036 4666 suut
1075 4620 1104 4670 et
1116 4629 1168 4684 ego
1182 4612 1274 4682 cogito
1285 4627 1370 4681 super
1383 4626 1430 4664 vos
1445 4610 1560 4674 malum,
1576 4625 1632 4664 non
1646 4608 1872 4680 quodllagellum

236 4691 338 4751 domus
348 4694 497 4759 mendacii,
514 4700 543 4749 ct
553 4694 697 4766 decipiunt
707 4712 887 4768 quoscunque
905 4705 1032 4769 possunt.
1075 4701 1239 4758 lleimalum
1252 4699 1298 4761 sit,
1314 4698 1364 4753 sed
1378 4698 1444 4769 quia
1456 4697 1658 4752 sustinentibus
1676 4697 1785 4752 malum
1797 4697 1873 4752 vide·

238 4783 320 4848 Quod
333 4790 429 4840 autem
438 4783 592 4855 aequitum«
605 4784 1032 4854 Adhuchaeredesadducettibi‚
1074 4797 1130 4846 tur.
1144 4790 1178 4844 Et
1190 4789 1247 4843 tale
1262 4787 1317 4842 erit
1327 4787 1443 4851 malum,
1458 4792 1557 4842 utnon
1571 4785 1684 4858 possitis
1698 4786 1794 4843 levare
1804 4787 1876 4842 colla

238 4873 288 4943 qui
300 4872 428 4927 habitent
441 4873 470 4926 in
483 4871 605 4936 Maresa,
620 4893 631 4923 ι
649 4873 768 4938 llaresa,
784 4873 1035 4931 Latinehaeredita-
1075 4894 1171 4950 pressa
1181 4876 1304 4947 pondere
1318 4875 1498 4945 captivitatis.

238 4965 298 5014 tem
311 4966 403 5027 soum,
412 4961 573 5030 significans
584 4979 631 5017 eos
643 4962 691 5033 qui
705 4978 739 5016 ex
753 4963 917 5018 hereditate
930 4966 1036 5021 Christi
1114 4965 1170 5020 ihi
1182 4965 1227 5018 die
1241 4965 1289 5019 illa
1303 4969 1430 5018 sumetur
1441 4979 1583 5034 supervos
1599 4962 1878 5034 parabolaetcauta·

242 5049 307 5117 (hoc
320 5049 417 5115 est,de
431 5050 566 5104 societate
588 5051 728 5118 Ecclesia)
741 5052 863 5107 traducti
874 5053 987 5109 fuerant
1000 5055 1036 5110 ad
1078 5055 1153 5109 bitur
1164 5053 1303 5108 canticum
1314 5069 1378 5107 cum
1393 5053 1540 5118 suavitate,
1556 5051 1728 5106 dicentium:
1746 5053 1878 5126 Depopu-

238 5137 796 5213 hareticos.Promittiturergoeis,quod
812 5141 836 5195 si
850 5143 973 5197 converti
983 5160 1036 5199 vo·
1078 5145 1182 5205 latione
1193 5142 1328 5197 devastati
1342 5158 1453 5197 sumus.
1471 5162 1482 5192 ι
1500 5141 1649 5212 Hocquasi
1665 5141 1808 5197 canticum
1820 5144 1878 5198 fre·

238 5226 477 5292 luerint,adducat
486 5226 1034 5295 sisDominushaeredes,sanctosdocto·
1076 5231 1268 5303 quentabitur,
1284 5235 1313 5286 et
1326 5231 1386 5284 loco
1399 5230 1538 5301 proverbii
1552 5236 1722 5285 assumetur.
1739 5230 1821 5294 Quod
1830 5248 1880 5286 au·

240 5330 296 5381 res,
306 5314 407 5387 qnieos
426 5315 609 5370 aberroribus
622 5326 774 5387 separatos,
791 5320 827 5375 ad
842 5320 1034 5376 hereditatem
1076 5329 1133 5376 tem
1147 5321 1290 5392 sequitur:
1307 5337 1318 5370 ι
1335 5336 1400 5390 pars
1412 5319 1509 5390 populi
1525 5319 1579 5373 mei
1599 5324 1774 5374 commutata
1787 5325 1842 5384 est,
1863 5340 1876 5373 a

239 5404 351 5461 Domini
358 5409 387 5458 et
397 5403 526 5458 Ecclesiae
535 5405 865 5476 perducantsocietatem.
880 5411 990 5480 «Usque
1000 5411 1037 5467 ad
1076 5412 1213 5481 templum
1225 5410 1374 5480 significat,
1392 5410 1465 5480 quod
1492 5409 1566 5463 iuter
1583 5424 1680 5463 omnes
1694 5414 1796 5478 gentes
1811 5426 1880 5465 san-

241 5493 370 5550 Odollam
384 5493 478 5551 veumt
489 5493 580 5562 gloria
590 5494 710 5548 lsrael.»
726 5496 825 5552 Odolla
835 5498 1037 5571 interpretatur
1076 5501 1227 5566 ctiuserat,
1245 5499 1320 5568 quod
1335 5504 1477 5552 mutatum
1487 5504 1529 5553 est
1542 5498 1571 5553 iu
1586 5497 1678 5552 ruina.
1699 5516 1714 5549 o
1730 5498 1882 5563 Quomodo

242 5581 437 5640 testimonium
450 5581 569 5637 haustus
579 5583 623 5638 vel
632 5583 833 5640 exhaustionis.
850 5588 914 5642 Non
925 5589 1033 5660 linquit)
1076 5589 1213 5645 recedata
1224 5603 1303 5654 me,x
1318 5586 1454 5641 subaudis
1467 5586 1614 5659 Assyrius,
1628 5572 1883 5642 ccumrevevtstur
