3818 6104
333 278 524 341 expostulo
543 282 583 339 lli
602 280 681 338 EPP.
702 280 731 336 S.
752 278 870 335 PAULI.
893 307 926 320 -·
945 277 985 333 IN
1003 276 1116 334 EPlS'l'.
1135 277 1184 334 au
1202 278 1310 337 MEBB.
1584 282 1638 340 eut

109 422 132 463 ‚o
144 406 197 462 hoc
206 407 241 462 de
250 407 362 463 christo
372 406 692 479 subjtrnxit.Prmcursor
702 410 797 459 autern
807 402 916 464 Allan,
925 417 982 457 uon
996 401 1026 456 in
1040 402 1086 458 via
1100 402 1266 458 reversionis
1287 401 1387 458 habuit
1405 405 1419 458 J
1423 405 1572 472 orontem,
1586 408 1636 463 sed

114 510 134 549 u
146 496 298 567 praeeundo
313 500 341 550 et
353 495 560 568 praecurrendo,
577 499 606 549 et
623 500 667 549 est
678 493 798 563 alicujus
839 490 933 562 potius
948 491 1041 546 Salem
1051 490 1185 562 oppidum
1196 508 1283 562 supra
1297 498 1493 547 memoratum.
1508 497 1637 551 Prienam

109 599 166 648 sor,
188 584 260 639 sicut
278 583 403 638 ioannes
422 583 534 639 Christi.
557 582 798 637 Considerandum
839 580 948 647 quidem
968 582 1017 648 qui
1035 582 1237 649 interpretatur
1258 596 1306 634 res
1324 584 1452 649 justitie,
1473 584 1571 638 deinde
1589 600 1638 638 rea

121 671 188 744 quia
202 689 259 727 non
273 673 342 726 dicit
353 672 526 743 simpliciter,
539 671 664 725 introivit
674 672 755 725 lesus
770 670 798 724 in
839 668 930 722 Salem
945 669 1018 735 quad
1036 673 1074 722 est
1095 683 1144 722 rea
1160 671 1249 735 pacis,
1269 671 1329 723 sine
1349 676 1440 738 patre,
1456 673 1516 725 sine
1536 677 1636 739 matre,

109 774 134 815 'a
148 759 304 822 velaminis,
320 760 370 814 sed
381 775 445 813 cum
460 759 663 819 additamento.
677 759 773 813 dicens
790 776 796 811 ε
838 758 898 809 sine
917 759 1084 822 perseotopio,
1109 772 1193 824 enque
1214 760 1333 812 initiam
1355 759 1476 826 dieram,
1499 776 1585 830 neque
1602 764 1637 830 fi-

109 863 235 905 ecursor
260 863 310 919 pro
335 846 416 901 nobis
432 847 566 911 introivit,
588 847 673 901 veluti
692 846 798 917 absque
840 862 904 900 nean
926 847 1110 901 ducenariis.
1132 848 1211 919 Saepe
1235 848 1334 904 beatus
1354 851 1505 920 Apostolus
1519 851 1638 908 Melchi-

109 952 153 991 ros
165 941 294 1008 oporteat
303 936 434 1007 prosequi
445 951 645 1008 precursorem
659 941 797 989 nostrum.
840 934 942 989 sedech
973 935 1003 990 in
1033 941 1131 1007 typum
1159 936 1271 991 Domini
1298 939 1444 994 salvatoris
1468 939 1634 1001 introducit.

109 1040 210 1081 norem
225 1041 290 1079 vero
312 1029 341 1078 et
360 1029 573 1095 consequentes,
591 1022 621 1077 in
642 1025 741 1079 eadem
756 1023 801 1077 via
841 1023 975 1087 Quamvis
1000 1024 1075 1078 enim
1096 1041 1166 1095 pene
1184 1042 1282 1080 ornnes
1309 1027 1397 1081 sancti
1425 1033 1455 1082 et
1472 1029 1639 1098 patriarche

109 1112 216 1167 uvenit.
233 1111 362 1167 Christus
376 1112 471 1182 itaque
482 1127 631 1182 resurgens
643 1127 660 1166 a
670 1111 799 1177 mortuis,
842 1119 872 1167 et
885 1113 1028 1184 prophetae
1040 1112 1141 1182 prioris
1151 1115 1299 1184 temporis,
1315 1115 1344 1169 in
1366 1116 1459 1187 aliqua
1473 1134 1504 1172 re
1518 1118 1638 1188 liguram

109 1201 185 1256 uruit
198 1217 249 1255 nos
261 1201 295 1255 ad
311 1200 488 1255 altitudinem
502 1200 646 1266 colorum,
657 1200 802 1271 iactusque
843 1200 947 1255 Christi
969 1201 1166 1271 expresserint,
1184 1208 1279 1257 amen
1304 1204 1507 1260 Melchisedech
1530 1207 1638 1278 specie·

109 1288 155 1344 his
182 1305 347 1361 praecursor,
368 1289 520 1360 aperiendo
543 1287 624 1342 nobis
643 1288 753 1351 calum,
774 1294 803 1343 et
842 1290 906 1353 lius,
929 1289 1055 1359 quinon
1077 1289 1132 1343 luit
1152 1290 1188 1344 de
1209 1307 1313 1360 genere
1336 1292 1507 1359 ludaeorum,
1524 1294 1554 1349 in
1571 1302 1639 1368 typo

122 1379 221 1450 patriae
235 1379 356 1432 coelestis
369 1378 522 1432 reddendo.
539 1378 568 1433 Si
588 1394 654 1448 ergo
674 1378 802 1431 volumus
843 1377 986 1448 praecessit
999 1378 1188 1433 sacerdotium
1201 1379 1263 1433 Filii
1274 1379 1336 1444 Dei,
1347 1380 1382 1434 de
1397 1396 1452 1451 quo
1467 1382 1542 1437 Deus
1556 1383 1641 1440 Pater

109 1465 137 1522 ui
146 1482 348 1538 praecursorem
363 1473 500 1529 nostrum,
513 1465 647 1520 debemus
658 1466 731 1520 sicut
743 1465 800 1532 ille,
843 1466 911 1521 dicit
924 1467 954 1520 in
970 1465 1102 1521 Psalmo:
1122 1469 1161 1521 Ta
1175 1483 1202 1522 es
1211 1470 1335 1523 sacerdos
1349 1473 1382 1523 in
1395 1475 1531 1526 startiam
1543 1489 1640 1527 sesan·

109 1554 257 1611 ambulare.
266 1556 426 1609 llocautem
435 1557 470 1609 ad
479 1554 803 1609 naturamhumauitntis
842 1556 911 1609 dam
925 1556 1051 1609 ordinem
1068 1555 1254 1609 Melchisedech
1265 1556 1350 1626 (Psoi.
1365 1560 1430 1623 cta).
1442 1558 1578 1615 Ordinem
1588 1578 1640 1616 au·

109 1642 279 1708 eireiertur,
295 1644 323 1697 in
349 1660 405 1714 qua
427 1643 609 1714 semetipsum
628 1642 730 1697 obtulit
744 1643 801 1698 Deo
841 1648 899 1696 tem
915 1644 976 1713 ejus
992 1642 1088 1697 multis
1103 1643 1193 1697 modis
1204 1643 1384 1714 interpretari
1397 1662 1556 1716 possumus,
1568 1649 1641 1705 sicut

109 1746 130 1786 u
138 1747 188 1786 ara
200 1733 289 1785 crucis
299 1732 467 1787 sacrificium
478 1731 577 1785 salutis
587 1737 699 1789 nostra.
708 1731 802 1795 Quare
811 1713 834 1772 Β
840 1732 900 1800 jam
911 1731 1102 1802 supradictum
1113 1735 1165 1793 est,
1177 1731 1286 1786 scilicet
1295 1733 1370 1803 quod
1379 1733 1456 1789 solus
1466 1737 1642 1792 rerfueritet

109 1835 137 1875 rs
151 1819 306 1874 secundum
327 1821 455 1874 ordinem
475 1819 678 1874 Melchisedech
692 1819 803 1874 dicatur
843 1819 982 1882 sacerdos,
991 1824 1020 1873 et
1031 1824 1097 1873 ante
1107 1819 1347 1875 circumcisionem
1358 1822 1471 1878 functus
1484 1825 1641 1880 sacerdotio

109 1919 127 1959 e
138 1904 279 1969 sacerdos,
294 1904 363 1958 satis
377 1908 484 1974 aperte,
493 1909 526 1958 ut
539 1920 612 1966 reor,
624 1903 708 1975 paulo
722 1920 803 1975 supe·
845 1913 876 1962 ut
890 1923 945 1961 non
953 1913 1053 1978 gentes
1064 1925 1080 1961 a
1092 1908 1205 1974 Judaeis,
1217 1909 1266 1963 sed
1277 1908 1369 1965 Judaei
1379 1927 1397 1965 a
1409 1912 1542 1981 gentibus
1551 1930 1641 1969 sacer·

109 1996 219 2047 tensum
230 1996 283 2047 est.
297 1993 352 2047 Sed
364 1993 438 2063 quod
454 1991 524 2046 dixit
536 1992 667 2047 introisse
678 1992 758 2047 illum
772 1992 803 2046 in
843 1995 953 2050 dotium
976 1997 1143 2067 acciperent.
1160 2013 1251 2068 neque
1275 2003 1376 2053 unctus
1398 2000 1460 2054 oleo
1479 2000 1591 2068 visibili,
1608 2008 1641 2057 ut

109 2082 309 2147 revelaminis,
325 2098 403 2136 more
416 2082 580 2153 pontificum
593 2081 752 2136 ludaeorum
765 2082 803 2136 lo·
845 2084 968 2139 mosaica
976 2092 1115 2156 precepta
1124 2085 1308 2152 constituunt,
1318 2088 1367 2142 sed
1378 2089 1439 2143 oleo
1447 2091 1641 2147 exsultationis

109 2169 803 2242 ,quisemelinannoingrediehanturintravelum
845 2173 1642 2247 tideiquepuritate,nequecarnisetsaoguinisvictimae

109 2266 155 2316 cta
168 2267 328 2316 sanctorum
339 2261 448 2315 oraturi
461 2261 491 2315 in
505 2262 609 2331 templo
624 2277 675 2332 pro
688 2262 802 2332 populo,
845 2262 1041 2330 immolaverit,
1055 2263 1104 2316 sed
1117 2278 1189 2332 pane
1204 2269 1233 2317 et
1242 2262 1305 2317 vino
1316 2264 1439 2335 simplici
1452 2281 1579 2338 puroque
1595 2283 1643 2323 sa·

109 2348 221 2405 hristus
228 2357 337 2405 secreta
346 2351 425 2420 regni
434 2350 566 2404 calorum
575 2355 805 2422 penetrans,orat
844 2349 948 2402 cnfido
955 2349 1060 2405 Christi
1069 2350 1238 2405 dedicaverit
1248 2352 1447 2420 sacerdotium,
1458 2355 1507 2409 sed
1518 2356 1642 2426 primum

109 2454 184 2511 apro
198 2440 290 2494 salute
304 2439 430 2493 fidelium
444 2455 571 2493 suorum.
845 2438 886 2507 (ut
895 2438 1039 2509 apostolus
1048 2437 1126 2503 dicit)
1135 2438 1164 2493 in
1173 2439 1226 2493 hoc
1240 2441 1414 2496 assimilatur
1422 2442 1493 2497 Filio
1502 2444 1564 2511 Dei,
1575 2445 1642 2517 quie

305 2527 423 2582 CAPUT
442 2525 509 2582 Vll.
843 2527 1046 2597 interpretatur
1071 2543 1120 2581 rex
1144 2528 1285 2598 justitie:
1307 2530 1436 2584 Melchon
1460 2533 1566 2587 etenim
1584 2534 1643 2589 sivo

109 2618 186 2671 enirn
204 2616 394 2670 Melchisedech
419 2632 467 2670 res
490 2616 592 2679 Salem,
614 2617 737 2671 sacerdos
755 2617 805 2671 liei
845 2615 1641 2691 Melchiregemsonat;Sedechvero,justussisoiustitie.

109 2706 123 2769 ',
136 2703 270 2759 subaudis
284 2703 346 2767 luit,
363 2708 413 2774 qui
427 2704 672 2759 ohviaritdhrahe
685 2719 805 2773 represso
846 2703 881 2757 Et
903 2703 967 2774 quis
988 2708 1032 2758 est
1050 2720 1132 2758 verus
1154 2720 1203 2759 rex
1219 2705 1347 2774 justitio,
1369 2707 1424 2760 nisi
1439 2707 1577 2774 Christus,
1592 2709 1642 2781 qui

112 2807 220 2862 naum,
230 2798 255 2847 et
267 2794 401 2848 benedixit
411 2797 445 2859 ei,
457 2795 504 2847 eni
515 2799 540 2847 st
549 2794 668 2848 decimas
677 2796 805 2848 omniurn
846 2791 914 2846 dicit
925 2792 955 2846 in
964 2792 1089 2846 Psalmo:
1100 2794 1255 2861 Epoaatern
1265 2798 1430 2850 constitutus
1439 2812 1502 2850 sam
1513 2812 1561 2851 rea
1569 2798 1604 2851 ab
1613 2814 1642 2852 eo

112 2878 401 2937 AbrahamTradunt
411 2879 517 2936 liebraei
526 2881 619 2951 ipsum
630 2882 694 2936 Sem
703 2881 807 2952 primo·
848 2882 930 2949 (Psoi.
943 2884 986 2950 11).
999 2881 1061 2953 Ipse
1076 2880 1150 2935 enim
1162 2882 1239 2951 juste
1252 2888 1281 2936 et
1290 2887 1365 2937 recte
1379 2883 1492 2954 regitat
1502 2884 1643 2954 gubernat

109 2984 137 3023 m
155 2969 225 3032 Noe,
243 2969 332 3023 silium
346 2970 394 3040 qui
408 2986 442 3023 eo
455 2975 582 3041 tempore
595 2985 651 3040 quo
666 2975 749 3024 nutus
764 2973 807 3024 est
847 2968 1430 3039 electossuos,justitiaeamatorosellectos,
1439 2973 1642 3029 deindeautem

109 3055 397 3123 sm,habueritannos
407 3057 499 3111 aetatis
509 3056 643 3110 ducentos
652 3055 806 3126 nonaginta
815 3060 837 3119 c
847 3056 1020 3111 assimilatur
1033 3057 1101 3111 Filio
1115 3058 1176 3120 Dei,
1192 3074 1243 3129 per
1256 3059 1309 3114 hoc
1324 3060 1398 3131 quod
1417 3059 1521 3115 dicitur
1532 3078 1581 3117 rex
1595 3078 1644 3134 pa-

109 3162 200 3218 eoque
217 3152 345 3217 tempore
364 3162 420 3217 quo
437 3151 565 3199 mortuus
584 3151 627 3198 est
645 3143 803 3209 Abraham,
846 3144 895 3210 eis,
908 3144 982 3216 quod
993 3146 1159 3216 pertinesad
1172 3147 1326 3202 Christum.
1338 3148 1644 3221 Salamintorpretatur

109 3234 141 3290 it
149 3251 238 3289 anuos
248 3235 416 3305 quingentos
425 3233 570 3304 sexaginta
579 3232 713 3303 quinque,
727 3231 806 3285 etita
846 3249 910 3303 pax,
921 3232 1049 3288 Christus
1062 3233 1150 3303 igitur
1161 3250 1213 3288 nos
1221 3234 1367 3304 justiilcat,
1379 3236 1427 3306 qui
1439 3242 1484 3291 est
1498 3253 1546 3291 rex
1558 3238 1645 3309 justi·

111 3322 192 3378 inerit
218 3322 360 3378 Abraham
396 3322 478 3377 annis
518 3321 636 3391 triginta
664 3320 801 3391 quinque.
846 3321 902 3388 tiae,
916 3321 1018 3392 etipse
1033 3321 1161 3393 pacificat
1175 3323 1345 3394 omniaquee
1360 3324 1389 3379 in
1404 3324 1481 3380 coelis
1495 3331 1524 3380 et
1538 3342 1600 3398 quae
1614 3326 1645 3382 in

109 3429 115 3465 v
142 3412 269 3483 expletis,
299 3411 365 3466 iacti
389 3416 455 3466 sunt
473 3426 571 3464 onrnes
589 3409 648 3463 dies
668 3409 731 3464 vitae
749 3425 806 3464 sure
846 3416 924 3465 terre
935 3415 1011 3476 sunt,
1024 3410 1072 3481 qui
1083 3410 1222 3465 nascendo
1237 3417 1265 3465 et
1276 3411 1420 3467 moriendo
1431 3423 1458 3469 et
1472 3416 1644 3486 resurgendo

109 3499 130 3555 ti
145 3501 222 3555 anni.
244 3501 376 3555 Necesse
392 3499 505 3559 mirum,
522 3498 545 3552 si
561 3496 681 3552 Abrahae
695 3496 805 3551 obviam
846 3507 932 3570 atque
943 3498 1119 3553 ascendendo
1133 3515 1231 3570 pacem
1241 3499 1337 3554 attulit
1351 3502 1465 3567 mundo,
1481 3503 1529 3572 qui
1543 3520 1645 3559 secuu-

109 3589 184 3657 serit,
200 3591 282 3660 eique
296 3605 395 3660 panem
410 3595 439 3642 et
453 3588 547 3642 riuum
567 3585 710 3648 obtulerit,
731 3586 805 3657 quod
846 3587 913 3641 dum
932 3585 1111 3641 Divinitatem
1136 3587 1196 3641 sine
1219 3588 1300 3643 initio
1324 3594 1351 3642 et
1378 3589 1438 3643 sine
1459 3591 1514 3645 ilue
1534 3607 1583 3645 rex
1602 3597 1647 3648 est

109 3677 139 3733 sti
153 3694 204 3733 suo
220 3679 285 3748 jure
304 3677 481 3749 paternitatis
502 3675 631 3741 debebat,
648 3679 677 3729 et
690 3673 806 3728 benedi·
846 3681 951 3729 retorna
958 3675 1035 3730 Patri
1046 3682 1210 3741 coaeternus,
1222 3677 1349 3746 quamvis
1357 3693 1389 3730 ex
1398 3678 1545 3749 temporali
1554 3685 1645 3736 matre

109 3765 134 3832 o',
154 3766 333 3836 decimasque
353 3765 451 3836 praedae
476 3775 562 3834 atque
576 3762 699 3818 victoria
717 3762 753 3816 ab
773 3779 806 3816 eo
846 3762 1010 3834 temporalis
1019 3770 1102 3818 esset.
1111 3763 1189 3817 Siout
1197 3764 1272 3817 enim
1282 3764 1364 3818 istius
1375 3765 1578 3822 Melchisedech
1587 3784 1645 3824 non

109 3854 158 3920 rit,
170 3855 243 3909 sicut
258 3854 387 3908 sacerdos
406 3852 509 3906 summi
520 3852 571 3906 Dei
581 3852 681 3906 excelsi
691 3867 747 3906 nou
758 3852 808 3904 fal·
848 3851 968 3922 legimus
980 3851 1092 3907 initium
1103 3852 1145 3906 vel
1153 3852 1239 3906 flnem
1248 3852 1277 3906 in
1288 3852 1432 3924 Scriptura
1441 3871 1529 3920 mora,
1537 3856 1577 3911 sic
1587 3872 1646 3913 non

112 3943 267 3999 deorumst
276 3940 635 4011 idolorumquifuitetiam
645 3957 692 3995 rex
703 3940 806 3995 Salem.
849 3941 976 3994 novimus
984 3939 1048 3994 Filii
1058 3939 1108 3994 Dei
1120 3939 1232 3995 initium
1242 3941 1286 3995 vel
1300 3942 1394 4009 duem,
1408 3942 1475 4013 quia
1489 3960 1545 3998 non
1560 3944 1646 4002 hahet

119 4035 216 4088 sutem
232 4031 312 4098 (sicut
334 4029 433 4084 beatus
456 4029 645 4100 hieronymus
659 4028 735 4097 dicit)
751 4043 808 4082 non
849 4029 956 4099 aliquid
969 4028 1069 4083 horum
1084 4029 1114 4083 in
1123 4034 1226 4084 natura
1236 4029 1365 4096 Deitatis,
1376 4037 1405 4085 et
1417 4031 1446 4085 in
1457 4033 1508 4087 hoc
1518 4038 1561 4088 est
1569 4033 1647 4090 simi·

109 4121 187 4177 nuda
196 4118 546 4189 Jerusalem,utiosephus
555 4117 806 4188 historiographus,
848 4118 948 4184 titudo,
960 4119 1094 4190 quodnec
1108 4117 1193 4182 illius,
1207 4134 1258 4172 nec
1267 4118 1348 4173 istius
1358 4119 1471 4175 initium
1486 4120 1589 4192 legitur
1601 4122 1646 4178 vel

109 4224 230 4280 rumque
247 4207 422 4262 arbitrantur
436 4206 562 4278 plurimi,
576 4207 625 4261 sed
637 4207 718 4276 juxta
732 4205 809 4277 oppi·
850 4207 914 4261 finis
929 4219 935 4254 τ
951 4206 1026 4262 illius
1040 4206 1164 4278 quidem,
1180 4207 1248 4279 quia
1269 4212 1384 4262 nonest
1402 4208 1548 4280 scriptum,
1564 4210 1647 4267 istius

109 4302 141 4353 st
159 4297 350 4367 Scythopolim
369 4313 430 4367 quae
450 4311 540 4366 usque
556 4294 638 4349 hodie
653 4294 811 4366 appellatur
850 4302 955 4359 autem,
970 4295 1035 4366 quia
1055 4293 1170 4350 omnino
1184 4312 1240 4350 non
1255 4301 1307 4350 est.
1323 4297 1421 4369 Neque
1435 4297 1511 4352 euim
1524 4299 1577 4354 sub
1591 4316 1647 4373 quo

121 4387 181 4442 sive
196 4387 293 4450 Salim,
310 4386 345 4439 de
360 4401 416 4456 quo
430 4389 515 4456 (teste
529 4383 611 4439 beato
626 4382 809 4455 Hieronymo)
818 4369 843 4427 D
852 4390 936 4439 natus
945 4390 988 4440 est
1002 4383 1205 4439 Melchisedech
1216 4384 1330 4456 legitur,
1343 4401 1435 4456 neque
1448 4388 1561 4458 quaudo
1575 4404 1650 4445 mor-

109 4476 208 4547 mgelio
221 4475 325 4545 legitur
337 4489 343 4524 :
355 4475 423 4528 Erat
437 4478 528 4528 autem
539 4475 657 4528 ioannes
667 4473 811 4540 baptisans
852 4479 918 4528 tuus
930 4478 972 4528 est
984 4476 1127 4539 narratur,
1143 4473 1193 4528 sed
1205 4473 1298 4528 subito
1312 4474 1512 4543 introducitur,
1532 4477 1606 4532 sicut
1619 4485 1649 4534 et

109 4567 272 4633 .non‚jaata
286 4563 385 4629 Satine,
397 4565 465 4630 qaia
478 4577 556 4630 oque
570 4563 663 4614 malta
677 4564 757 4614 eram
771 4560 812 4613 iti
852 4560 1312 4620 HelisaNccomninooredendum
1318 4563 1439 4633 estquod
1445 4563 1650 4622 Melchisedech

119 4654 172 4723 ιη).
190 4652 297 4708 ldeiroo
309 4664 404 4706 autem
414 4652 447 4704 tlt
460 4651 516 4705 ista
526 4651 645 4704 varietas
653 4649 809 4716 nominum,
851 4649 913 4705 sine
925 4654 1077 4721 putreant
1090 4650 1150 4704 sine
1165 4656 1256 4703 matre
1265 4654 1348 4714 esset,
1362 4666 1426 4703 curu
1440 4651 1569 4706 christus
1580 4669 1648 4723 quo·

109 4741 208 4798 lebraei
220 4741 316 4796 multis
333 4742 364 4795 in
372 4740 441 4795 locis
451 4756 502 4811 per
509 4744 695 4794 consonantes
704 4738 812 4793 solum·
851 4738 1066 4809 quesecuudum
1077 4743 1227 4806 utramque
1236 4743 1377 4797 naturam,
1387 4742 1416 4790 et
1424 4742 1533 4807 patrem
1543 4738 1649 4794 habue-

109 4830 402 4897 voribuut‚subtractis
411 4827 654 4899 vocalibus,atque
666 4827 705 4882 ita
713 4843 812 4882 secun·
852 4827 889 4881 rit
898 4832 928 4881 et
936 4829 1066 4891 matrem,
1074 4824 1122 4878 sed
1135 4828 1284 4895 propterea
1293 4824 1346 4877 hoc
1356 4823 1459 4878 dicitur
1469 4825 1568 4893 deillo,
1580 4827 1649 4899 quie

109 4920 240 4976 rhitrium
250 4918 370 4989 legentis
381 4917 589 4990 pronuntiatur,
603 4933 658 4971 non
669 4933 725 4971 uno
736 4932 812 4971 sem·
852 4914 945 4970 subito
963 4912 1152 4969 introducitur
1169 4912 1198 4966 in
1212 4911 1306 4965 diviua
1320 4911 1474 4983 Scriptura,
1487 4915 1561 4970 sicut
1574 4916 1649 4972 dixi·

109 5008 232 5080 demque
256 5007 349 5062 modo.
365 5005 530 5062 Ostenditur
549 5010 643 5060 autem
662 5005 691 5060 in
712 5005 811 5059 eodem
852 5019 925 5067 mus,
942 5006 970 5057 et
990 5000 1154 5072 genealogia
1175 5000 1251 5054 illius
1268 5015 1325 5053 non
1339 5007 1587 5060 commemoratur.
1607 5005 1649 5061 De

109 5096 266 5171 »palatium
280 5094 493 5160 Melchisedech,
506 5110 538 5148 ex
549 5093 743 5164 magnitudine
755 5092 813 5148 rui·
853 5108 908 5164 quo
918 5091 1003 5145 etiam
1013 5090 1116 5144 dicitur
1125 5088 1200 5159 quod
1213 5090 1386 5143 assimilatas
1400 5089 1425 5144 F
1424 5093 1474 5146 itio
1488 5093 1544 5161 Dei,
1560 5094 1590 5149 in
1604 5094 1649 5150 his

109 5182 813 5254 tostendensveterisoperisexcellentiam,udquam
853 5180 983 5236 omnibus
991 5175 1182 5249 superioribus
1191 5176 1283 5244 dictis,
1294 5184 1387 5233 manet
1396 5182 1521 5236 sacerdos
1530 5185 1562 5237 in
1575 5189 1651 5238 eter-

109 5291 157 5332 em
166 5275 225 5331 sire
237 5273 371 5345 oppidum
385 5272 489 5342 legitur
503 5271 587 5325 etiam
600 5269 686 5326 Jacob
699 5270 813 5325 descen·
853 5285 933 5334 narn,
949 5284 1005 5322 non
1020 5267 1050 5320 in
1061 5281 1100 5330 se,
1117 5265 1166 5319 sed
1180 5264 1210 5320 in
1222 5265 1344 5321 Christo.
1359 5267 1431 5323 Nam
1447 5270 1649 5327 Melchisedech

109 5359 724 5437 quifuitinterrachanaanregionisSichom
735 5360 809 5425 (den.
854 5363 983 5412 mortuus
993 5359 1045 5419 est,
1061 5354 1110 5409 sed
1125 5355 1216 5424 ligem
1230 5355 1292 5426 ejus
1306 5357 1480 5413 eternaliter
1493 5359 1522 5414 in
1537 5360 1648 5414 christo

113 5453 356 5509 Considerandum
379 5465 499 5521 quoque,
523 5449 597 5520 quod
613 5447 757 5503 Abraham
778 5448 813 5502 de
854 5451 958 5500 manet.
973 5442 1132 5498 Similitudo
1155 5448 1251 5498 autem
1274 5444 1394 5501 hicnon
1418 5464 1469 5519 pro
1490 5447 1647 5519 equalitate

109 5541 230 5598 Mum
242 5543 396 5607 revertens,
408 5554 478 5610 quos
492 5543 656 5609 persecutus
667 5542 711 5593 est
723 5551 814 5608 usque
853 5534 978 5607 ponitur,
992 5531 1043 5589 sed
1056 5547 1108 5605 pro
1121 5532 1222 5605 figura.
