3818 6104
130 250 167 310 ot
335 250 526 311 hermerus
544 252 791 310 HALBERSTA'I'.
811 250 924 308 EPISO.
945 249 1025 306 OPP.
1045 248 1137 307 PARS
1156 249 1179 306 1.
1200 279 1233 292 -
1251 247 1440 308 eduntur.
1462 249 1555 310 BIBL.
1729 250 1764 307 ot

129 373 200 431 buta
214 375 514 450 etstipendiadabunt,
525 377 574 433 sed
584 378 613 434 in
624 377 752 434 ultimam
763 378 925 434 servitutem
935 379 959 439 Α
969 382 1032 432 cata
1041 381 1136 432 autem
1150 374 1287 444 vindicat3
1302 375 1405 432 idcirco
1419 393 1498 448 ergo,
1512 375 1580 449 qnia
1592 379 1658 449 post
1669 374 1766 431 datam

128 467 304 539 redigentur.
968 466 1058 538 legem
1072 471 1257 538 peccaverunt
1265 465 1324 532 isti,
1335 466 1437 522 dicitur
1450 481 1535 530 nunc,
1549 465 1578 520 id
1596 471 1642 520 est
1654 465 1684 519 in
1696 481 1767 537 praa-

169 557 268 622 «Quia
277 557 474 629 multiplicavit
495 559 627 630 Ephraim
646 560 747 614 altaria
761 560 797 613 ad
813 576 928 630 peccan·
967 555 1041 610 senti
1052 561 1179 626 tempore
1198 553 1391 610 recordabitur
1417 555 1582 626 iniquitates
1604 570 1715 619 eorum,
1732 553 1767 608 ad

132 643 210 711 dum,
223 646 303 701 iacto
319 653 386 701 sunt
400 647 427 701 ei
437 664 492 702 arae
501 648 530 702 in
539 648 682 703 delictum.
695 671 707 698 ι
720 649 851 704 Ostendit
863 664 928 703 cau-
967 644 1159 699 ulciscendum
1167 643 1281 709 scilicet,
1298 650 1447 715 etpeccata
1455 643 1575 716 pristina
1584 641 1710 697 visitabit
1718 658 1767 714 per

133 750 193 789 sam
208 751 259 789 cur
268 735 414 806 patiantur
426 736 626 807 captivitatem,
643 742 672 791 et
685 737 817 793 desinant
826 738 928 808 paulis·
967 733 1079 803 tingella
1093 737 1122 787 et
1133 738 1306 789 tormentum
1320 733 1441 788 miseriae
1453 737 1481 789 et
1495 731 1676 803 captivitatis.
1694 730 1767 803 ulpsi

133 838 184 894 per
192 823 260 877 dare
271 824 507 895 muneraregibus
515 832 544 879 et
551 825 733 896 principibus,
745 826 813 898 quia
826 825 931 880 scilicet
970 820 1158 893 inAEgyptum
1168 825 1376 875 convertentur.
1389 838 1402 874 r
1413 820 1573 891 Tripliciter
1582 821 1636 875 hoc
1647 817 1768 890 intelligi

134 909 278 982 Ephraim,
294 911 375 966 idest
388 912 546 978 serotinam,
560 914 604 967 vel
614 919 690 968 certe
708 914 800 968 omnis
811 912 930 985 populus
970 915 1073 980 potest.
1088 910 1221 964 Conversi
1235 910 1338 981 quippe
1350 913 1417 965 sunt
1429 910 1458 965 in
1472 909 1767 981 AEgyptum,primum

133 998 230 1053 decem
247 999 382 1068 tribuum,
397 1001 745 1072 multiplicavitaltaria,in
761 1002 929 1073 quibuspec-
971 1004 1064 1053 niente
1072 998 1141 1052 deos
1151 1014 1248 1054 eorum
1264 998 1389 1064 colendo,
1405 997 1653 1054 deindeaoxilium
1669 1000 1767 1069 postu·

133 1088 204 1142 eatis
214 1093 328 1158 peccata
342 1090 681 1161 conjungerent.ldeoque
695 1091 788 1161 potius
798 1106 929 1163 peccave·
971 1088 1064 1154 lando,
1079 1105 1134 1145 nou
1142 1089 1238 1143 contisi
1263 1088 1292 1143 in
1308 1089 1357 1142 Dei
1372 1088 1555 1159 protectione,
1570 1088 1605 1142 ad
1622 1087 1766 1151 ultimum,

133 1181 210 1241 runt,
228 1177 360 1247 quianon
373 1180 464 1233 solum
479 1179 509 1232 in
520 1180 580 1233 Dan
595 1185 645 1234 aut
666 1178 696 1233 in
715 1180 822 1246 Bethel,
835 1178 884 1233 sed
899 1179 928 1233 in
969 1194 1032 1232 curn
1040 1177 1286 1249 Deusprveceperit
1299 1177 1340 1231 eis
1353 1193 1389 1231 ne
1407 1177 1483 1231 ultra
1497 1177 1623 1232 redirent
1636 1175 1672 1230 ad
1685 1174 1768 1247 AEgy·

133 1264 277 1319 montibus
289 1271 318 1320 et
332 1267 403 1321 lucis
418 1266 591 1339 diversisque
606 1268 675 1323 locis
696 1267 772 1323 idola
784 1267 924 1325 colebant.
970 1267 1304 1338 ptum,contemptoDeo‚
1316 1266 1402 1321 etiarn
1415 1282 1532 1337 corpore
1547 1265 1651 1319 reversi
1661 1264 1767 1321 suntin

169 1354 237 1418 Quae
251 1355 354 1409 altaria
364 1356 401 1424 (id
417 1362 694 1428 esterae)versasunt
704 1357 730 1412 ei
744 1358 773 1412 in
785 1357 927 1416 delictum,
969 1356 1132 1426 AEgyptum,
1148 1361 1177 1409 et
1186 1354 1384 1410 habitaverunt
1397 1355 1446 1409 ibi.

134 1440 317 1513 quiaquanto
331 1443 413 1514 plura
427 1443 551 1512 fuerunt,
570 1451 650 1501 tanto
674 1447 764 1517 inagis
779 1446 817 1500 ibi
831 1462 929 1518 pecca·
1010 1464 1021 1495 a
1038 1445 1073 1498 Et
1084 1444 1188 1500 oblitus
1201 1451 1244 1499 est
1255 1444 1342 1499 lsrael
1355 1442 1469 1498 factoris
1490 1444 1544 1509 sui,
1569 1449 1599 1499 et
1620 1442 1768 1499 aedificavit

134 1535 243 1585 verunt.
257 1550 269 1583 a
282 1531 408 1588 Scribam
417 1534 443 1588 ei
457 1534 626 1606 multiplices
640 1536 716 1606 leges
731 1552 816 1590 meas.
827 1555 842 1585 v
858 1535 931 1600 Quia
971 1531 1115 1587 delubra.»
1125 1532 1236 1588 Israelis
1251 1533 1364 1587 nomine
1377 1537 1421 1599 (ut
1434 1531 1622 1604 saepedictum
1637 1536 1692 1601 est)
1706 1547 1769 1585 om·

133 1617 240 1674 scilicet
257 1621 411 1691 pronihilo
439 1622 546 1679 ducunt
573 1624 675 1694 legem,
691 1616 776 1696 quam
797 1624 929 1679 dederam
972 1620 1016 1675 nis
1031 1621 1141 1692 populis
1165 1621 1334 1691 intelligitur
1353 1620 1450 1675 decem
1473 1620 1609 1687 tribuum,
1629 1636 1648 1674 a
1665 1618 1767 1690 majori

134 1706 175 1762 eis
190 1722 241 1776 per
251 1709 376 1781 Moysen,
384 1710 582 1768 idolacolendo
590 1713 619 1768 in
638 1713 755 1768 diversis
773 1714 851 1780 locis,
866 1694 1051 1782 cumearte
1059 1726 1161 1765 nomen
1176 1711 1328 1781 pristinum
1338 1710 1472 1764 retinens.
1482 1709 1537 1774 Qui
1546 1708 1650 1763 oblitus
1659 1707 1767 1762 cultum

134 1796 313 1868 praeceperim
323 1799 572 1856 utinllieruealem
583 1818 670 1856 unum
682 1808 757 1858 esset
771 1803 869 1864 altare,
884 1803 931 1858 ad·
971 1798 1025 1854 Dei
1039 1799 1094 1865 sni,
1109 1799 1137 1853 in
1157 1799 1299 1854 montibus
1312 1806 1341 1853 et
1350 1799 1466 1854 collibus
1478 1798 1564 1854 etsob
1571 1797 1713 1854 umbrosis
1721 1812 1767 1851 ar·

134 1882 236 1939 hibebo
249 1887 274 1941 ei
283 1888 453 1960 multiplices
463 1891 549 1961 leges,
562 1891 664 1961 quibus
677 1892 865 1963 corrigantur,
881 1892 931 1947 sed
971 1885 1086 1942 boribus
1097 1888 1203 1943 Baalim
1219 1893 1248 1943 et
1261 1889 1394 1943 Astaroth
1413 1887 1524 1957 aliaque
1537 1887 1613 1941 idola
1626 1885 1724 1951 coluit,
1739 1889 1767 1940 et

133 1988 232 2034 rursus
246 1975 394 2031 intendens
404 1978 517 2033 illorum
531 1980 686 2051 nequitiam
697 1981 852 2051 subjungit,
865 1980 932 2051 quia
971 1976 1119 2030 edificavit
1129 1975 1299 2042 ibidelubra,
1316 1976 1369 2031 hoo
1378 1981 1431 2041 est,
1448 1977 1553 2046 templa
1565 1976 1683 2030 deorum
1699 1991 1767 2029 con·

133 2067 162 2116 et
173 2062 240 2133 ipsae
255 2063 331 2134 leges
348 2085 360 2117 ι
377 2082 441 2137 quae
450 2069 528 2122 velut
541 2069 640 2123 alienae
649 2075 817 2140 computatae
827 2074 927 2123 sunt.»
970 2067 1081 2120 struxit·
1099 2085 1113 2114 a
1128 2067 1163 2120 Et
1173 2066 1261 2121 ludas
1285 2065 1479 2136 multiplicavit
1495 2065 1579 2119 urbes
1596 2064 1730 2119 munitas.
1751 2082 1765 2117 a

134 2150 220 2215 Quasi
231 2151 347 2207 diceret:
358 2153 431 2217 Quia
441 2155 516 2209 enim
524 2162 754 2228 contempserunt
767 2174 830 2213 eam
844 2174 929 2228 quam
970 2153 1175 2210 Nomineludae
1184 2155 1247 2209 duaa
1260 2155 1351 2209 tribus
1365 2154 1549 2226 accipiuntur,
1560 2153 1648 2208 ludas
1661 2153 1767 2209 scillcet

134 2245 201 2294 ante
210 2247 400 2313 susceperant,
418 2243 486 2315 qnid
500 2246 616 2316 prodest
629 2246 704 2301 ultra
724 2246 794 2301 alias
808 2246 929 2302 scribere
970 2258 1003 2297 ac
1016 2243 1172 2313 Beniamin,
1182 2260 1245 2298 cum
1261 2244 1336 2299 tribu
1347 2244 1523 2299 sacerdotali.
1535 2243 1588 2308 Qui
1599 2260 1664 2298 curn
1679 2243 1767 2297 vidis-

134 2327 234 2399 legesl
971 2336 1033 2386 sent
1048 2333 1215 2388 Israelema
1238 2334 1288 2389 Dei
1313 2350 1410 2388 amore
1438 2332 1633 2394 recessissem
1655 2331 1766 2386 visitata

172 2437 186 2471 ι
202 2419 316 2475 Hostias
334 2422 462 2489 silerent,
477 2424 664 2479 immolabunt
676 2441 784 2491 carnes,
801 2431 830 2481 et
840 2442 932 2482 come-
971 2437 1069 2476 eorum
1082 2428 1208 2494 peccata,
1220 2424 1477 2478 nonsuntconversi
1493 2423 1529 2478 ad
1542 2423 1704 2486 Dominum,
1717 2420 1765 2475 sed

134 2506 210 2562 dent.
225 2525 239 2561 a
254 2509 306 2564 Hic
321 2511 478 2566 ostenditur
492 2513 566 2583 quod
580 2514 683 2569 idcireo
711 2515 793 2585 plura
815 2515 932 2570 fecerint
971 2509 1472 2572 aedificaveruntsibiurbesmunitas,
1483 2509 1584 2581 quihus
1602 2515 1766 2576 tuerentur3

135 2595 246 2663 altaria,
262 2604 293 2653 ut
307 2599 426 2655 afferent
439 2600 545 2656 hostias
560 2608 588 2657 et
597 2602 636 2658 ibi
649 2604 725 2658 varia
751 2604 932 2659 immolarent
972 2599 1019 2653 sed
1032 2599 1103 2653 nihil
1117 2600 1157 2654 eit
1167 2599 1280 2671 PPOfUih
1289 2600 1435 2670 (iuiasicut
1448 2599 1568 2654 hl⁸t⁰ii⁸
1581 2600 1691 2670 Regum
1702 2616 1769 2653 nal·

135 2685 280 2753 sacrificia,
296 2687 345 2742 ubi
357 2694 483 2744 ventrem
495 2706 578 2745 suum
593 2692 744 2763 replerent,
760 2708 816 2747 non
830 2698 862 2747 ut
875 2693 932 2748 Do·
972 2693 1027 2754 rat,
1043 2688 1257 2759 quadragesimo
1273 2705 1346 2744 anno
1368 2688 1492 2744 Ezechiae
1514 2687 1642 2743 ascendit
1660 2688 1769 2744 Senna-

134 2773 212 2829 mino
221 2776 375 2846 placerent.
389 2778 578 2843 Quamobrem
585 2785 614 2835 et
628 2780 870 2853 subjungitur,ret
879 2781 933 2836 Do·
973 2777 1078 2844 cherib,
1087 2783 1114 2832 et
1121 2777 1261 2832 destruxit
1269 2794 1367 2833 omnes
1376 2778 1502 2833 civitates
1508 2778 1641 2841 munitas.
1652 2783 1682 2833 et
1695 2778 1769 2850 oepit

135 2863 231 2919 minus
244 2867 450 2939 nonsuscipiet
465 2884 522 2922 eas.
540 2889 552 2920 ι
568 2868 641 2933 Quia
653 2869 783 2925 videlicet
796 2886 853 2924 non
868 2869 930 2940 ipsi,
973 2883 1030 2922 eas.
1043 2866 1123 2922 Unde
1131 2865 1312 2937 subjungitur
1328 2885 1334 2920 z
1354 2884 1367 2918 a
1383 2867 1418 2921 Et
1431 2867 1541 2922 mittam
1556 2866 1650 2937 ignem
1661 2866 1692 2921 in
1706 2867 1770 2922 civi·

135 2954 185 3007 sed
196 2954 778 3030 potiusdaemonibusoilerebantur.Neque
789 2958 865 3013 enim
875 2958 931 3013 Do·
972 2961 1046 3010 tates
1061 2957 1133 3026 eius,
1145 2961 1174 3010 et
1185 2956 1331 3010 devorabit
1355 2956 1427 3010 edes
1446 2957 1516 3027 ejus.
1540 2975 1552 3006 v
1569 2956 1646 3026 Ignis
1666 2956 1768 3028 quippe

134 3041 222 3107 mino,
232 3043 282 3096 sed
292 3059 343 3098 suo
352 3045 443 3099 ventri
465 3046 684 3102 immolaverunt
697 3064 745 3102 eas
760 3053 789 3102 et
810 3047 929 3118 gutturi.
974 3050 1088 3099 vocatur
1098 3045 1298 3112 Sennacherib,
1307 3044 1354 3116 qui
1364 3045 1492 3099 civitates
1507 3050 1536 3099 et
1548 3043 1632 3110 aedes,
1647 3046 1768 3111 horest,

135 3130 226 3186 Omne
240 3132 315 3186 enim
325 3134 450 3189 studium
466 3151 547 3190 suum
563 3137 593 3190 in
608 3136 818 3203 hochabebant,
833 3143 866 3192 ut
879 3136 933 3209 ipsi
973 3135 1135 3188 domostam
1146 3134 1364 3205 publicasquam
1384 3133 1468 3189 etiam
1481 3133 1603 3205 privatas
1619 3133 1767 3199 destruxit,

135 3219 243 3275 hostias
256 3223 445 3290 comederent,
461 3239 517 3279 non
532 3229 566 3278 ut
578 3241 628 3297 per
645 3241 691 3279 aas
704 3225 824 3280 Domino
838 3226 932 3297 place·
974 3228 1004 3278 et
1018 3223 1082 3294 igne
1092 3223 1255 3279 combussit.
1272 3223 1326 3286 Qui
1336 3223 1360 3277 si
1380 3223 1416 3277 ad
1441 3222 1586 3277 haereticos
1601 3223 1660 3277 haec
1674 3229 1707 3278 ut
1720 3240 1769 3279 om

136 3316 210 3366 rent.
233 3311 364 3367 heretici
392 3329 504 3384 quoque
528 3315 717 3386 multiplicant
739 3315 792 3370 sibi
819 3315 930 3381 altaria,
974 3318 1035 3368 tera
1048 3310 1239 3377 retulerimus,
1251 3315 1280 3365 et
1291 3311 1455 3382 iniquitates
1474 3327 1536 3382 quae
1558 3311 1599 3365 eis
1616 3310 1645 3365 in
1662 3309 1769 3384 baptis·

136 3398 404 3470 quandoveritatem
421 3402 591 3469 deserentes,
603 3403 742 3458 variasibi
761 3408 933 3474 componunt
973 3400 1308 3464 matesuerantdimissm,
1319 3407 1347 3455 et
1361 3417 1433 3455 nova
1450 3399 1491 3454 eis
1501 3404 1614 3470 peccata
1625 3416 1687 3470 quae
1705 3406 1770 3471 post

134 3485 278 3557 dogmata,
291 3490 389 3545 nonad
405 3491 571 3561 placandum
587 3492 687 3559 Deum,
700 3493 747 3547 sed
762 3492 797 3547 ad
817 3492 932 3546 irritari·
972 3489 1141 3561 baptismum
1155 3489 1477 3560 egerunt,imputantur,
1494 3493 1523 3542 et
1533 3487 1770 3543 vindictaeisred·

134 3576 212 3632 dum.
230 3577 373 3648 Siquidem
386 3580 475 3634 altare
490 3587 592 3635 sanctae
620 3580 753 3636 Ecclesiae
773 3597 861 3636 unum
876 3586 928 3647 est,
973 3579 1059 3642 ditur,
1070 3595 1103 3632 eo
1114 3577 1546 3650 quodadAEgyptum,hocestad
1561 3576 1692 3632 tenebras
1708 3579 1769 3632 inti·

55 3696 58 3701 ·
134 3665 201 3721 licet
207 3683 258 3738 per
266 3666 375 3722 diversa
385 3666 460 3723 orbis
467 3674 608 3724 terrarum
628 3670 688 3724 loca
703 3671 930 3725 multaconstru·
971 3666 1235 3736 delitatis,aquibus
1248 3666 1505 3738 pereonlessionem
1513 3664 1617 3720 Christi
1631 3667 1766 3729 exierant,

135 3760 221 3809 antur
234 3754 346 3823 altaria,
360 3756 432 3812 sicut
447 3774 504 3813 una
517 3758 596 3824 fides,
606 3773 691 3812 unam
703 3763 731 3812 et
741 3758 882 3830 baptisma
890 3774 931 3813 se·
972 3754 1350 3822 sintreversi,obliviscentes
1361 3754 1412 3810 Dei
1427 3753 1481 3818 sui,
1497 3758 1526 3808 et
1538 3754 1617 3808 varia
1630 3756 1768 3826 fingentes

134 3842 256 3898 cundum
267 3843 348 3899 Pauli
360 3846 479 3916 apostoli
494 3847 606 3917 dogma.
623 3847 703 3912 Quod
718 3847 785 3901 dum
807 3847 930 3901 haeretici
971 3843 1098 3909 delubra,
1109 3844 1162 3899 hoc
1176 3849 1228 3908 est,
1242 3843 1371 3898 falsitatis
1385 3843 1527 3914 dogmata.
1544 3843 1630 3897 ludas
1645 3861 1767 3915 quoque,

134 3932 278 3995 deserunt.
287 3934 381 4005 gravis
403 3935 537 3991 delictum
552 3936 712 3992 incurrunt.
720 3936 800 3991 Unde
815 3942 844 3991 et
854 3936 931 4007 leges
970 3932 1059 3987 idest
1083 3933 1125 3987 vir
1150 3931 1364 3997 ecclesiasticus,
1386 3932 1414 3985 in
1438 3931 1520 3985 malis
1544 3930 1727 4001 operibusvel
1741 3933 1768 3986 in

131 4020 184 4077 Ilei
197 4039 254 4077 non
274 4029 419 4080 merentur
429 4025 566 4098 accipere,
583 4026 647 4098 quia
668 4042 716 4081 eas
730 4042 800 4096 quas
813 4042 929 4097 accepe·
971 4027 1132 4076 sanctarum
1147 4022 1355 4092 scripturarum
1370 4021 1602 4092 interpretatione
1626 4038 1766 4093 perversa,

133 4115 200 4166 rant
213 4117 289 4177 ante,
298 4119 538 4184 contempserunt,
549 4116 597 4186 qui
612 4131 696 4170 unam
712 4120 841 4170 etvernm
852 4115 932 4170 Chri·
971 4112 1090 4167 aedihcat
1104 4111 1158 4166 sibi
1172 4111 1257 4166 urbes
1269 4109 1402 4176 munitas,
1415 4126 1470 4164 non
1482 4110 1654 4175 auxitionei,
1667 4112 1767 4165 sedar-

134 4199 171 4252 sti
185 4200 309 4269 corporis
337 4200 458 4255 hostiam
487 4202 658 4269 deserentes,
676 4203 766 4257 varias
784 4203 932 4258 immolant
971 4201 1055 4257 tisicis
1066 4201 1223 4264 mendacio,
1238 4201 1306 4255 dum
1319 4199 1485 4272 scripturam
1504 4200 1578 4254 male
1594 4199 1766 4269 intelligens,

133 4285 327 4357 victimas,pro
337 4287 417 4342 libito
427 4305 479 4343 suo
493 4289 671 4345 comedentes
691 4295 720 4344 et
735 4298 930 4345 consecrantes
971 4289 1139 4345 testimoniis
1148 4288 1249 4344 divinis
1258 4304 1325 4343 suos
1345 4288 1445 4342 nititur
1466 4288 1632 4341 confirmare
1646 4303 1766 4353 errores,

134 4374 391 4446 mysteriaGhristi.
400 4376 479 4431 Unde
494 4377 628 4448 quidquid
644 4378 929 4451 iecerinteleemosy·
940 4363 1044 4450 anos
1054 4377 1259 4448 Dominusigne
1268 4376 1312 4431 sui
1329 4377 1446 4449 spiritus
1463 4376 1623 4442 succendet,
1636 4376 1712 4430 etad
1727 4377 1768 4430 ni-

134 4478 201 4518 nam
229 4463 345 4531 scilicet,
360 4464 560 4529 humilitatem,
582 4466 755 4537 pudicitiam.
775 4473 931 4539 ceteraque
970 4468 1060 4524 hilum
1074 4467 1205 4523 deducet.

133 4550 270 4607 virtutum
283 4569 369 4625 opera
380 4553 606 4626 exhibentes,pro
624 4555 741 4611 nihiloa
755 4556 816 4612 Deo
825 4557 932 4611 ducun·
1281 4608 1398 4664 CAPUT
1410 4609 1448 4664 IX

132 4647 191 4698 tur.
206 4642 265 4698 Nec
279 4641 385 4715 aliquid
405 4642 439 4697 de
459 4642 619 4714 hujusmodi
634 4644 779 4720 sacrificiis
793 4646 929 4701 Dominus
1451 4648 1458 4662 ’

132 4732 278 4804 suscipiet,
290 4732 356 4804 quia
369 4748 426 4787 non
438 4732 500 4798 Dei,
516 4732 565 4787 sed
588 4749 667 4787 suam
696 4733 725 4788 in
747 4733 791 4787 his
808 4734 929 4805 gloriam
1007 4754 1021 4786 e
1035 4734 1099 4789 Noli
1117 4733 1216 4800 letari,
1239 4732 1337 4799 Israel,
1352 4731 1410 4786 noli
1419 4731 1560 4786 exsultare
1572 4729 1646 4786 sicut
1657 4734 1765 4804 populi,

133 4826 292 4891 quarunt«
306 4822 387 4876 Nunc
401 4821 594 4876 recordabitur
606 4821 770 4892 iniquitates
780 4838 888 4889 eorum,
901 4830 931 4878 et
970 4821 1232 4894 quiasornicatuses
1242 4837 1259 4875 a
1268 4821 1326 4876 Deo
1335 4819 1514 4891 tuo.»Popnli
1523 4820 1670 4874 nationum
1686 4821 1768 4892 igno-

133 4906 257 4962 visitabit
263 4915 378 4979 peccata
386 4927 492 4965 eorum.
506 4930 519 4963 n
537 4911 658 4967 Interest
671 4909 774 4983 aliquid
791 4911 865 4966 inter
878 4912 931 4966 ini·
970 4919 1066 4967 rantes
1074 4912 1125 4968 Dei
1136 4911 1310 4977 notitiam,et
1320 4909 1396 4965 varia
1403 4909 1693 4966 colentesdaemonum
1705 4928 1769 4982 por·

134 4995 273 5067 quitatem
287 5001 316 5050 et
329 4999 631 5072 peccatum.1niquitas
643 5000 717 5055 enim
737 5005 780 5055 est
793 5000 930 5072 quidquid
970 4999 1289 5066 tenta,laetabanturibi:
1306 4998 1380 5070 quod
1388 4999 1513 5053 videntes
1521 4997 1656 5053 Israelita
1671 5004 1700 5052 et
1714 4999 1768 5070 ipsi

135 5088 202 5138 ante
216 5083 338 5138 divinam
361 5087 547 5141 committitur
560 5089 760 5159 cognitionem.
780 5090 930 5144 Peccatum
971 5086 1767 5159 quoquecoeperuntgaudereinculturadeoromsuorum,

132 5188 208 5238 vero,
219 5171 292 5243 quod
305 5172 464 5242 postlegem
474 5182 663 5246 perpetratur,
678 5177 753 5249 quod
768 5177 853 5232 etiam
863 5193 930 5248 gra-
970 5176 1091 5248 eoquod
1106 5176 1214 5229 similes
1226 5182 1321 5231 essent
1334 5174 1477 5246 gentibus,
1498 5179 1632 5245 putantes
1650 5192 1680 5229 se
1701 5193 1769 5246 pace

133 5260 194 5315 vius
203 5259 348 5330 accipitur.
360 5261 441 5316 Unde
463 5268 507 5316 est
522 5281 529 5316 t
543 5284 554 5315 a
568 5264 646 5320 Beati
662 5282 782 5336 quorum
804 5266 930 5321 remissae
969 5264 1035 5330 hui,
1045 5265 1242 5320 veluticaeterae
1251 5268 1361 5336 gentes.
1374 5263 1480 5318 Idcirco
1488 5263 1592 5317 dicitur
1608 5263 1634 5318 ei
1650 5282 1656 5317 :
1675 5285 1686 5316 v
1704 5266 1769 5320 Noli

132 5354 200 5404 sunt
211 5346 386 5419 iniquitates,
400 5355 428 5403 et
442 5366 562 5420 quorum
577 5357 725 5407 tectasunt
737 5362 879 5426 peccata.»
895 5354 931 5408 Et
970 5353 1070 5419 laetari,
1082 5353 1179 5419 lsrael,
1196 5373 1207 5403 i
1222 5355 1289 5424 quia
1300 5351 1440 5407 recessisti
1455 5368 1472 5405 a
1485 5368 1540 5406 me.
1549 5351 1613 5406 Non
1629 5353 1703 5407 enim
1719 5354 1768 5408 diu

134 5438 217 5510 quiin
230 5437 340 5492 delictis
361 5445 537 5508 permanent,
549 5439 713 5510 iniquitates
728 5459 825 5497 eorum
836 5441 930 5499 Domi·
970 5457 1067 5513 pacem
1085 5444 1126 5513 (ut
1135 5443 1280 5512 estimas),
1297 5440 1422 5507 habebis,
1446 5447 1561 5513 propter
1574 5442 1627 5495 hoc
1640 5442 1767 5511 quinimo

134 5543 189 5583 nus
198 5526 371 5594 recordatur,
388 5542 458 5601 quas
470 5528 634 5600 antelegem
648 5531 931 5602 commiserantpeo-
970 5530 1098 5602 captivus
1120 5530 1242 5597 duceris,
1265 5534 1299 5584 ut
1320 5534 1436 5601 peccata
1458 5534 1509 5584 tua
1533 5529 1698 5601 puniantur,
1719 5532 1767 5603 qui
