3818 6104
143 287 198 355 iffi
351 291 546 353 HAYMObiin
560 290 805 357 RALbERfflT.
826 291 938 349 uulso.
960 292 1039 359 OPP.
1063 295 1157 361 PARS
1173 297 1195 354 1.
1217 325 1248 347 -ι-
1271 296 1572 365 computrui.
1729 295 1770 377 Q

144 416 222 482 ulie,
239 416 270 471 id.
285 417 370 477 estin
390 418 535 488 preconiis
545 414 717 485 'angelorum
738 416 887 471 descendet
905 419 939 472 de
948 420 1053 479 Avires
1065 421 1208 479 ministrat
1223 428 1337 492 peccato
1349 423 1393 477 lex
1404 421 1584 477 accendendo
1595 421 1769 497 humitiatum

144 507 224 562 cralo,
235 507 302 561 Neo
313 512 355 561 est
370 506 445 561 enim
459 506 672 576 intelligendum
684 508 757 577 quod
771 508 869 567 tubum
883 523 941 563 cor·
983 516 1127 579 peccatum
1150 510 1216 563 dum
1233 509 1370 580 prohibet.
1387 511 1524 571 Naturale
1540 527 1664 581 namque
1678 521 1718 565 est
1728 513 1768 581 tu.

143 595 270 666 poralem
290 594 409 664 accipiat
431 595 557 663 ningulus
585 596 629 649 vel
655 595 714 666 ipse
736 596 823 665 iudex
846 612 941 657 rocem
983 598 1383 669 mnmti·ngilimti.momne
1397 599 1474 669 quod
1488 599 1551 669 plus
1566 599 1765 670 prohibeturar.

146 684 258 739 emittat
271 684 435 742 homiuem,
446 684 497 741 sed
507 700 556 736 vox
568 685 731 754 augelorum
745 685 942 755 tubaappella-
983 686 1096 740 dontius
1117 687 1342 759 concupiscatur.
1362 688 1411 743 Vel
1427 689 1518 742 uirtus
1538 687 1648 761 peccati
1660 697 1702 753 est
1713 689 1761 754 ιω

145 778 192 828 tur
203 779 318 843 propter
331 772 564 842 magnitudinem,
577 773 652 827 uude
663 772 764 834 dieitur
777 773 808 826 in
818 773 940 837 Psalmo.
984 776 1049 845 quia
1069 792 1119 846 per
1138 776 1229 846 legero
1249 784 1500 849 quantumcunque
1514 777 1553 831 sit
1564 779 1760 856 unumquodque

143 863 272 917 meruit
285 862 356 915 linus
371 864 404 914 iu
421 861 627 931 jubilationem,
644 868 668 916 et
683 864 816 923 Dominus
833 866 864 917 iu
883 879 942 917 roeo
984 869 1128 932 peceatum
1144 863 1331 933 cognoscitur.
1348 864 1403 928 Qui
1425 863 1501 919 enim
1523 865 1586 921 siue
1601 864 1663 935 lege
1678 879 1757 939 peren,

145 952 215 1005 urba
231 951 416 1019 teneurunt
432 949 512 1007 Tubu
529 950 617 1021 igitur
640 950 679 1004 ibi
701 951 870 1021 intelligitur
892 967 943 1019 ror
984 952 1095 1007 uidetur
1108 953 1144 1013 ei,
1157 953 1238 1023 quasi
1250 952 1366 1022 impune
1381 962 1477 1029 peccet
1490 972 1495 1007 :
1510 970 1576 1015 cum
1590 960 1684 1016 autam
1695 957 1757 1024 acite.

142 1039 381 1110 aegeloramquae
395 1039 530 1097 insonuit,
545 1040 660 1095 dmens:
678 1040 728 1095 Hic
742 1041 823 1094 lesus
839 1041 886 1110 qni
900 1056 943 1093 ns·
983 1057 1046 1111 gem
1071 1040 1227 1105 transierit,
1241 1040 1264 1097 si
1284 1042 1360 1097 ultra
1379 1041 1548 1112 preconem.
1569 1048 1673 1114 quanm
1690 1045 1753 1111 rirtqr

143 1134 273 1199 sumptus
287 1136 330 1183 est
345 1145 362 1181 a
376 1128 453 1182 vobis
472 1129 500 1182 in
516 1129 628 1195 coelum,
645 1130 685 1182 sic
700 1131 793 1184 rerriet
807 1130 942 1200 quemad·
983 1129 1099 1200 peccati,
1116 1129 1146 1185 id
1165 1135 1208 1189 est
1226 1138 1333 1201 quauta
1347 1131 1516 1201 magnitudo
1528 1131 1636 1202 peccati
1648 1132 1683 1187 sit
1694 1150 1753 1204 agno

142 1218 259 1273 modum
275 1218 382 1272 vidistis
394 1235 458 1272 eum
474 1224 587 1271 euntem
603 1219 631 1271 in
646 1218 817 1273 coelunr.Vel
831 1221 861 1272 in
877 1222 942 1272 tubo
984 1218 1044 1272 scit.

143 1306 221 1369 dicit,
236 1307 267 1360 id
280 1312 324 1361 est
336 1307 366 1360 iu
380 1306 617 1367 manifestatione,
628 1308 710 1376 juxta
723 1307 807 1360 illud:
822 1309 888 1362 Cum
902 1309 943 1375 to·
1023 1307 1073 1363 irco
1083 1312 1177 1362 auu-m
1185 1309 1302 1373 pretias,
1311 1324 1370 1375 que
1378 1308 1453 1366 dedit
1463 1309 1541 1361 uobis
1554 1307 1753 1373 victorimusqb

144 1397 465 1463 meleemmprmmmotr
477 1397 560 1449 turbo
568 1411 664 1449 currere
674 1401 737 1449 oute
748 1401 772 1451 te
783 1397 887 1458 (Multi.
895 1396 941 1462 ιι),
984 1394 1065 1449 audis
1080 1394 1223 1449 mortisia
1238 1396 1526 1465 spe,perl)eminuru
1543 1401 1666 1457 abarien
1683 1398 1752 1461 beau

143 1484 171 1537 id
193 1491 236 1537 est
254 1482 310 1536 noli
333 1482 423 1537 secere
443 1484 471 1537 in
493 1484 728 1538 manifestatione.
753 1484 836 1538 Currat
855 1487 940 1551 enim,
984 1483 1752 1555 Clunitum.LaudatdpostolusDeumPatremepereouu

144 1573 279 1629 subaudio
292 1573 419 1643 angelus,
434 1575 509 1637 tubo,
523 1573 580 1628 siue
595 1590 657 1627 curn
674 1573 753 1632 tuba,
769 1573 799 1625 id
812 1579 855 1627 est
868 1573 942 1627 inso-
984 1577 1156 1632 sanctorum,
1168 1571 1241 1641 quod
1258 1572 1402 1635 uictoriam
1416 1571 1515 1629 monis
1527 1580 1557 1627 et
1570 1572 1751 1649 resurrectionis

142 1661 222 1716 nebit
236 1679 286 1715 ιιιιι
300 1663 436 1731 angelica,
452 1667 476 1716 et
493 1665 598 1716 mortui
612 1667 757 1728 raserunt
771 1665 938 1730 ιἰιιοννιιριι,
982 1659 1087 1713 donum
1100 1661 1161 1729 iam
1176 1658 1280 1715 babent
1293 1659 1324 1713 iu
1337 1677 1396 1732 spe.

141 1750 170 1805 id
184 1755 229 1805 est
243 1750 346 1820 integri
363 1767 488 1821 corpore,
506 1751 568 1805 siue
589 1750 775 1805 diminutione
799 1732 973 1809 membro-l³
1018 1750 1122 1816 ltaque,
1129 1750 1234 1815 [ratres
1242 1753 1305 1813 ruri,
1316 1749 1371 1809 tide
1379 1749 1473 1805 dilecti
1478 1749 1580 1816 ,idest
1589 1750 1666 1805 ualde
1673 1749 1750 1821 apud,

142 1854 207 1893 rum
230 1844 258 1893 et
276 1839 461 1894 immortales.
481 1843 507 1892 et
530 1855 579 1891 nos
598 1838 694 1893 fideles
713 1839 939 1901 immutabimur,
982 1836 1169 1899 tenuabitur,
1189 1837 1346 1898 sirefirrui,
1362 1842 1441 1892 estote
1460 1843 1485 1895 et
1506 1840 1750 1903 imambitesuernq

141 1925 275 1982 uibaudis
290 1928 319 1982 in
342 1928 443 1983 melitis
463 1928 499 1981 ad
521 1926 734 1997 gloriamque
751 1931 864 1987 aeterum
878 1925 940 1983 uitae
982 1924 1308 1980 reaminiarectitndine
1319 1926 1384 1981 fidei
1393 1925 1561 1997 deceptione
1569 1935 1749 1998 corruptorum

141 2015 355 2071 immortalitate
366 2015 595 2086 glorificabimur.
981 2012 1164 2078 alumnum,
1178 2015 1235 2069 sive
1256 2022 1415 2071 crescentes
1428 2015 1456 2079 in
1479 2016 1558 2073 omni
1571 2032 1654 2087 opere
1666 2013 1748 2071 moini

179 2106 286 2172 operui
296 2108 370 2159 enim
381 2107 559 2172 corruptibile
569 2105 630 2168 truc,
640 2102 773 2159 subaudis
783 2103 939 2173 corpusin-
981 2115 1101 2170 semper,
1118 2101 1144 2157 id
1165 2110 1209 2157 est
1227 2103 1256 2159 iu
1270 2104 1416 2176 praeceptis
1430 2105 1549 2175 justitiae
1566 2104 1748 2181 omnitempore

142 2193 229 2253 duero
244 2192 497 2263 incorruptionem.
520 2192 547 2246 id
568 2199 620 2252 est.
641 2191 708 2261 quia
727 2191 892 2246 resurrectio
911 2191 941 2249 in
982 2190 1118 2258 proficite,
1134 2197 1186 2245 etc.

140 2281 259 2338 veritate
274 2281 368 2336 tuturo
382 2289 434 2343 est,
446 2287 557 2352 oportet
572 2288 602 2337 ut
616 2281 758 2350 corruptio
772 2280 898 2347 tollatur,
912 2287 941 2344 et

141 2369 316 2440 incorruptio
330 2370 423 2424 detur.
1275 2335 1392 2390 CAPUT
1412 2335 1485 2403 XVI·

179 2460 248 2515 carn
257 2464 350 2513 ouum
362 2461 478 2512 mortale
488 2459 537 2513 boc
550 2459 938 2528 induerit.inrrnortulitotem,
1016 2457 1053 2510 be
1066 2459 1183 2512 colueris
1195 2463 1288 2513 uatem
1304 2475 1363 2527 que
1377 2462 1451 2527 (tunt
1464 2462 1496 2514 iu
1507 2465 1625 2515 samios.
1639 2460 1748 2521 Paulae

142 2547 938 2620 quusitangendoetdigitodernonstrandocorpussuum,
982 2545 1082 2615 reliqui
1111 2547 1230 2616 apostoli
1258 2548 1334 2619 apud
1358 2565 1406 2603 eos
1430 2565 1500 2619 quos
1519 2549 1746 2607 unebertum

141 2638 195 2692 hoe
207 2637 319 2691 dicebat
334 2637 495 2707 Apostolus.
513 2637 567 2690 iloc
583 2638 697 2690 mortale
712 2636 789 2699 dicit,
806 2636 938 2707 quoniam
982 2641 1259 2703 sempersanctorum
1266 2635 1412 2705 gerebant,
1421 2637 1469 2708 qui
1477 2644 1560 2696 erant
1569 2635 1745 2707 Hierosolyma

141 2743 199 2782 uon
212 2725 289 2781 aliud
303 2742 390 2797 quam
404 2725 476 2796 quod
493 2726 658 2795 deposuero.
676 2725 809 2794 recipiam
822 2741 935 2795 corpus.
983 2727 1011 2776 et
1031 2722 1090 2776 suis
1104 2722 1270 2779 substantiis
1283 2725 1431 2795 exspoliati
1443 2725 1478 2779 nb
1501 2726 1652 2783 incredulis
1664 2730 1747 2797 proptu

144 2817 220 2870 Tuae
232 2819 277 2884 liet
291 2832 381 2871 sermo
393 2818 443 2883 qai
461 2817 579 2882 scriptus
599 2819 647 2878 est,
662 2813 796 2869 subaudis
809 2813 838 2869 in
858 2814 938 2878 Osee,
982 2809 1035 2865 hoc
1053 2812 1129 2881 quod
1143 2812 1317 2884 reliquerant
1331 2814 1498 2869 traditiones
1512 2819 1637 2884 petrum,
1649 2818 1677 2869 et
1687 2808 1746 2873 ati

139 2905 293 2966 seeundum
303 2903 633 2974 septuaginuuuoqna
643 2908 681 2956 est
692 2918 764 2957 murs
774 2905 803 2955 ιιι
813 2907 938 2964 uictoria,
982 2897 1083 2953 derant
1092 2897 1120 2953 in
1132 2900 1311 2956 Crucitixunr.
1321 2899 1389 2959 ideo
1399 2900 1599 2973 proripiebant
1610 2898 1746 2972 apostotut

139 2994 170 3049 id
185 2999 229 3049 est
241 2993 271 3047 in
284 2993 373 3062 gloria
389 3000 417 3046 et
432 2992 533 3047 virtute
548 2990 770 3047 resurrectionis.
784 2991 863 3047 Sicut
877 3006 969 3063 panc
982 2984 1079 3043 diebus
1091 2988 1242 3042 Dominicis
1256 2988 1284 3043 in
1299 3005 1388 3049 unum
1401 2990 1578 3045 confluentes
1588 2988 1746 3064 mesquinus

139 3081 341 3150 vissimaguttn
350 3098 430 3150 squae
440 3081 468 3133 in
478 3081 570 3149 ignem
583 3080 704 3137 validum
713 3079 938 3150 proiectaabsor·
982 3075 1055 3149 quad
1072 3074 1126 3128 tibi
1140 3076 1282 3133 rideretur
1296 3078 1377 3133 daret
1391 3077 1425 3133 ad
1437 3094 1508 3149 opus
1520 3078 1644 3143 illorum,
1657 3083 1683 3149 et
1694 3073 1747 3137 uli·

138 3168 230 3229 betur,
243 3169 283 3222 ita
301 3173 332 3221 nt
341 3184 397 3221 non
409 3169 484 3221 ultra
495 3167 631 3227 videatur,
641 3168 681 3221 sic
692 3184 769 3221 mors
780 3166 939 3221 absorbebi·
978 3162 1118 3233 petantur
1131 3172 1260 3236 sumptus
1274 3183 1323 3236 per
1339 3166 1467 3237 singutas
1481 3166 1623 3229 ecclesias,
1638 3173 1667 3227 ut
1678 3167 1747 3240 prta

138 3261 187 3312 tur
201 3263 229 3310 et
243 3257 415 3325 deglutietur
429 3256 457 3308 in
473 3255 589 3308 victoria
599 3264 628 3309 et
640 3257 742 3310 virtute
757 3256 938 3314 resurreetio·
980 3251 1088 3311 collecti
1109 3253 1289 3310 mitterentur
1304 3255 1353 3309 eie.
1370 3255 1449 3313 Sicut
1462 3257 1596 3311 ordinari
1610 3259 1639 3310 ιἰι
1653 3252 1747 3311 cara

138 3345 194 3411 ais,
210 3354 242 3399 ut
256 3345 330 3399 ultra
351 3345 410 3413 jam
432 3360 489 3398 non
504 3343 651 3399 sentietur.
674 3344 747 3399 Nam
761 3344 937 3414 consumptio
979 3339 1104 3405 Galatia,
1121 3342 1149 3396 id
1165 3350 1208 3397 est
1228 3344 1303 3415 apud
1317 3344 1440 3405 Galatas,
1458 3347 1500 3399 itu
1513 3349 1539 3403 et
1553 3360 1598 3399 uos
1614 3346 1703 3412 facitu
1714 3351 1748 3409 pt

139 3433 239 3495 mortis
250 3433 340 3503 gloria
356 3432 410 3487 erit
425 3431 647 3487 resurrectionis.
979 3444 1067 3482 artem
1077 3432 1224 3503 subbatiuu
1233 3435 1380 3501 utquisque
1395 3438 1519 3489 restrum
1529 3435 1606 3503 opud
1616 3429 1746 3500 rereponaul

176 3524 226 3578 libi
234 3529 282 3586 est,
291 3539 374 3585 mors,
382 3524 498 3577 uictoria
507 3527 573 3575 tuo?
583 3521 641 3574 Vox
651 3525 812 3580 sanctorum
822 3521 938 3575 resusoi·
980 3519 1126 3572 recondens
1141 3522 1213 3588 quod
1225 3522 1323 3576 riberie
1332 3524 1517 3588 merueritut
1529 3538 1586 3577 nort
1598 3537 1658 3576 euru
1669 3530 1745 3577 attat

137 3616 261 3669 tutorum
290 3611 489 3667 insultantium
512 3610 605 3664 morti.
632 3609 685 3664 Ubi
714 3616 757 3664 est
784 3610 935 3680 :inquiuntl
954 3602 960 3614 ’
981 3611 1047 3661 tuuc
1060 3611 1173 3663 collecte
1186 3612 1266 3675 fieret.
1280 3609 1370 3664 Unam
1384 3609 1494 3664 sabbati
1507 3604 1745 3682 appellatdieabt·

137 3698 937 3771 uictoriatna.ornors,quagenushumanumtibisubjeei-
980 3695 1206 3767 miniumque
1226 3697 1301 3771 apud
1320 3698 1432 3753 iudaeos
1449 3715 1506 3754 una
1525 3698 1647 3765 sabbati,
1664 3696 1745 3759 velttl

137 3791 184 3855 uti,
201 3806 256 3860 qua
270 3791 355 3845 etiarn
369 3789 440 3844 Filio
457 3789 507 3842 Dei
529 3789 635 3853 bonrini
648 3788 720 3842 sarto
736 3787 875 3843 dominari
890 3805 938 3843 ro·
979 3783 1170 3851 sabbatorum,
1187 3787 1229 3840 rel
1243 3787 1333 3857 prima
1346 3785 1454 3841 sabboti
1470 3786 1631 3853 uocabatur,
1642 3787 1684 3858 qui
1694 3792 1744 3841 uult

135 3878 228 3945 luisti;
244 3884 427 3932 etestsensns
440 3898 445 3930 :
459 3879 500 3932 Ne
507 3877 638 3957 glorieris
648 3877 732 3935 ultra.
741 3876 876 3947 quoniam
887 3893 938 3933 uos
980 3872 1015 3931 ob
1025 3874 1210 3929 reuerentiam
1220 3875 1372 3932 Dominicee
1383 3876 1608 3938 resurrectionis,
1619 3872 1744 3948 itomiuittt

133 3970 194 4040 jam
210 3967 479 4038 r·esurre1irnus‚qui
495 3976 573 4020 tuem
585 3965 937 4036 arnnritudinernquando·
980 3962 1147 4032 appellatur.
1164 3964 1196 4018 tn
1212 3981 1268 4035 quo
1284 3965 1411 4036 praecipit
1424 3981 1538 4021 omnem
1555 3966 1661 4038 plebem
1673 3972 1743 4025 murt

136 4068 191 4129 que
201 4059 348 4112 sensimus.
364 4057 398 4110 Et
412 4057 479 4126 quid
493 4056 543 4109 tibi
557 4056 672 4127 profuit,
685 4072 701 4109 o
713 4071 788 4110 mors
803 4055 935 4125 maligna,
979 4049 1039 4104 circ
1050 4051 1085 4104 ad
1096 4052 1252 4113 ecclesiam.
1264 4059 1292 4107 ct
1301 4070 1473 4125 congregata
1483 4054 1547 4127 illos
1559 4055 1678 4125 singulti
1686 4048 1743 4124 prout

136 4146 210 4216 quod
224 4144 415 4214 gloriabaris?
432 4144 501 4196 Ecce
525 4144 572 4213 qui
595 4160 645 4214 per
660 4148 688 4196 te
703 4144 877 4200 transierunt
892 4159 934 4198 re·
979 4139 1127 4195 voluerunt
1140 4142 1176 4198 ad
1191 4158 1262 4212 opus
1275 4142 1388 4199 illorum
1403 4143 1451 4214 qui
1466 4152 1549 4197 erant
1566 4135 1741 4213 uteros-druia
1787 4136 1790 4201 i

135 4230 306 4302 gnnbuntin
325 4237 429 4284 aeterna
446 4231 501 4284 rita
515 4231 608 4284 felices
631 4247 694 4284 cum
715 4231 825 4285 Christo
842 4231 889 4300 qni
910 4238 937 4285 te
979 4232 1008 4281 et
1026 4229 1078 4281 hoc
1096 4230 1170 4300 apud
1189 4246 1219 4283 se
1238 4246 1468 4302 unumquemque
1495 4247 1631 4301 reponere
1649 4221 1743 4307 quasill
1786 4204 1790 4331 ql

135 4319 288 4389 reperavit.
301 4320 349 4372 uit
358 4322 405 4375 est.
418 4333 502 4375 mors,
511 4320 643 4372 stimulus
656 4320 740 4372 tunsi
753 4321 798 4373 Sir.
808 4320 938 4374 ridentur
979 4317 1111 4395 thesauro
1126 4336 1131 4365 :
1152 4325 1194 4382 ut,
1212 4318 1342 4374 ueniente.
1356 4320 1502 4390 Apostolo,
1525 4320 1659 4381 baberent
1677 4309 1742 4393 oua't

136 4406 196 4461 brec
210 4405 293 4459 rerba
307 4420 418 4468 souare,
435 4405 514 4474 quasi
530 4405 564 4461 de
586 4413 675 4460 morte
693 4406 823 4464 stimulus
840 4399 967 4477 proce-D
980 4414 1135 4479 preparata
1160 4423 1220 4479 quae
1239 4406 1371 4464 volebant
1389 4409 1503 4465 mittere
1520 4428 1526 4458 τ
1549 4410 1677 4480 quoniam
1691 4394 1741 4474 qud

137 4496 195 4553 det.
213 4495 266 4549 Sed
282 4493 348 4565 quia
365 4492 417 4546 iste
429 4492 560 4547 stimulus
574 4501 718 4568 peccatum
735 4502 786 4553 est.
804 4498 888 4553 datur
898 4499 939 4552 in·
979 4495 1115 4567 paulatim
1127 4496 1277 4566 colligitur,
1291 4513 1341 4550 nec
1355 4504 1502 4566 graveret
1515 4504 1545 4553 et
1558 4484 1741 4562 inveniturutl
1787 4502 1790 4567 ξ

40 4631 45 4637 .
135 4585 224 4656 telligi
242 4585 314 4655 quod
333 4600 408 4637 mors
423 4583 457 4636 de
468 4583 593 4640 stimulo.
606 4584 731 4638 idestde
742 4595 854 4655 peccato
870 4603 935 4662 pro·
979 4583 1738 4657 tum.ldeoautempraecepitadecclesiamhocdeier¹t²
1785 4578 1790 4617 l

134 4676 228 4738 cessit.
237 4676 308 4729 Nam
319 4674 425 4745 primus
437 4673 529 4735 horno,
538 4673 592 4730 nisi
602 4682 753 4744 peccasset,
762 4676 937 4746 rnoriutique
979 4674 1051 4743 quod
1064 4674 1174 4726 volebat
1185 4676 1376 4745 unusquisqne
1388 4674 1464 4737 dare,
1474 4680 1506 4728 ut
1515 4675 1583 4729 dum
1598 4668 1738 4740 irradiaret

134 4781 191 4821 noo
218 4769 319 4835 posset.
347 4763 484 4826 Pecu-erit,
508 4768 537 4817 et
555 4762 618 4817 ideo
642 4769 762 4816 mortem
787 4764 888 4818 anime
910 4770 938 4818 et
979 4762 1038 4817 lloc
1053 4763 1113 4816 volo
1129 4764 1240 4819 mittere
1256 4765 1361 4819 sanctis
1376 4764 1424 4833 qui
1439 4769 1506 4817 sunt
1527 4751 1740 4833 ιιιιιιιοιιιιιιιιο

134 4853 258 4924 eorporis
276 4853 403 4907 incurrit.
421 4852 479 4907 Nec
494 4868 559 4906 vero
571 4851 675 4906 dicitur
689 4852 773 4909 morti
788 4870 793 4903 :
809 4853 831 4906 0
847 4869 933 4920 mors,
977 4850 1105 4921 portione
1120 4867 1191 4906 men.
1208 4851 1257 4911 alii
1267 4851 1348 4905 istius
1364 4850 1437 4909 bono
1452 4846 1698 4909 exhortarenturad
1709 4854 1740 4902 a·

134 4939 182 4994 ubi
198 4947 241 4994 est
256 4948 399 5010 peecatum
416 4957 466 5011 pro
481 4958 536 5012 qno
553 4941 657 4996 mundo
673 4940 871 4996 dnumabarisi
886 4943 934 4997 sed
976 4939 1040 4997 dem
1053 4939 1191 5002 socienda.
1204 4940 1238 4999 Et
1251 4946 1344 4993 tamen
1356 4956 1418 4994 nea
1432 4941 1514 4995 malis
1528 4940 1660 5003 ministris
1669 4937 1739 5005 depe·

134 5026 182 5089 ubi
192 5035 236 5081 est
244 5029 375 5082 stimulos
385 5030 468 5083 tunel
483 5031 561 5085 Unde
572 5030 701 5101 aperiens
711 5029 779 5100 quid
787 5031 934 5087 stimulum
976 5029 1051 5082 irent
1065 5028 1112 5081 illa
1131 5028 1214 5094 dona,
1235 5028 1259 5083 si
1278 5029 1353 5099 apud
1372 5028 1519 5087 ecclesiam
1540 5047 1574 5087 ea
1592 5018 1743 5085 dimitterent

133 5115 325 5186 appellaverit,
341 5116 454 5170 subdit:
472 5119 610 5174 Stimulos
622 5125 715 5173 autent
731 5122 830 5172 mortis
841 5135 935 5187 perra·
976 5116 1108 5186 praecepit
1122 5123 1154 5171 ut
1169 5134 1263 5171 secum
1280 5119 1417 5173 rel'erreut
1427 5124 1456 5171 et
1469 5123 1532 5183 tuto
1546 5118 1577 5176 iu
1590 5116 1747 5186 tunderent

134 5209 194 5258 tum
204 5209 250 5257 ert.
263 5205 292 5257 lo
305 5211 347 5257 est
363 5204 495 5260 stimulus
507 5206 554 5276 qui
568 5214 687 5263 mortem
703 5207 777 5263 incit.
790 5215 934 5279 peceatum
977 5214 1050 5264 rent.
1068 5206 1251 5276 quoadusque
1266 5207 1325 5277 ipse
1341 5207 1455 5261 ueniret.

132 5297 184 5348 eat.
203 5293 237 5357 Et
260 5301 334 5345 recto
356 5298 501 5362 peccatum
517 5296 647 5350 stimulus
662 5297 820 5367 appellatur
836 5316 841 5349 :
864 5315 934 5368 quo·
1013 5296 1081 5348 cnm
1093 5300 1182 5348 aulem
1191 5312 1308 5363 pruteni·
1319 5296 1482 5363 [astruebat
1494 5278 1757 5372 prabatrttlt'tlll⁶³⁵,x

133 5382 209 5439 nium
225 5381 300 5436 reiut
315 5381 445 5435 stimulus
456 5398 569 5435 carnem
590 5385 630 5439 sic
641 5392 784 5455 peccatum
798 5386 897 5458 pungit
907 5392 936 5442 et
977 5400 1048 5454 quos
1063 5384 1176 5437 idoneos
1188 5383 1391 5453 judicaveritis.
1405 5385 1446 5439 rel
1460 5386 1615 5441 laudabiles
1624 5378 1764 5439 ostender*

128 5471 260 5527 vulneret
276 5469 402 5523 animum
419 5474 447 5522 et
462 5486 562 5538 corpus
584 5472 678 5526 Virtus
695 5490 767 5538 vero,
781 5475 807 5528 id
824 5484 866 5528 est
880 5475 936 5527 t'or-
977 5474 1031 5540 tis;
1053 5484 1082 5529 et
1104 5483 1146 5529 est
1166 5476 1221 5544 isto
1240 5474 1268 5528 iu
1284 5475 1344 5528 loeo
1360 5476 1452 5530 inedia
1466 5477 1618 5545 distinctio,
1634 5492 1662 5533 ec
1674 5460 1774 5544 pute

126 5556 555 5631 testamenmentum
572 5565 632 5620 est:
649 5562 718 5633 quia
729 5563 937 5640 quodammodo
979 5563 1362 5633 annuntiatorum-tte
1371 5563 1485 5649 uittam
1493 5581 1544 5639 aar
1556 5541 1779 5645 ψιιιοιιιιιῗ
