3818 6104
128 308 179 368 etr
598 307 804 364 annonario
822 307 863 362 m
880 308 1044 364 aooauu
1062 293 1307 364 PROPHETnMj
1709 300 1764 359 au

127 434 230 491 christi
246 432 441 506 praenuntiari,
458 431 505 503 qui
521 432 768 488 desiderabaturet
785 435 1264 505 exspecta·AsonaDomini,dicens
1276 453 1298 486 :a
1313 432 1532 487 Situleritliomo
1543 447 1655 486 carnem
1665 430 1766 484 sancti·

126 522 216 585 batur,
232 529 265 577 ut
283 523 434 577 redimeret
448 521 593 591 gentesde
605 539 660 592 quo
680 524 850 592 Apostolus:
867 544 877 573 ι
896 524 927 577 ln
969 524 1090 577 sicamin.
1110 525 1392 578 ·('a1·0sanctilicata
1410 522 1564 584 dicebatur,
1580 520 1763 584 carohostiae,

127 629 206 685 quem
235 611 402 665 desiderant
424 610 516 679 angeli
540 610 708 680 prospicere.
737 630 748 661 i
774 611 925 682 Postquam
968 627 1029 681 quae
1044 612 1243 666 immolabatur
1255 613 1283 667 in
1296 611 1462 675 altari,licet
1476 610 1633 681 interipsas
1643 609 1765 663 sanctiu-

127 713 190 768 ergo
200 698 250 753 ille
262 698 347 753 venit.
359 698 474 769 impieta
487 703 530 751 est
538 699 628 765 gloria
644 698 744 752 domus
764 699 885 763 Domini,
899 700 925 753 id
967 706 1044 754 catus
1055 707 1344 770 carnescssetmngna
1354 700 1510 764 diversitas,
1520 699 1594 770 qaod
1604 698 1632 752 in
1643 697 1765 752 Levitico

127 794 165 841 est
181 787 316 852 Ecclesia,
334 804 396 857 quae
417 793 458 840 est
474 786 574 841 domus
590 787 638 841 Dei
653 787 687 841 de
706 788 774 841 vivis
789 788 927 857 lapidibus
968 789 1089 859 pleniter
1099 789 1209 842 dicitur.
1227 788 1494 843 lnrmundusautem
1510 787 1538 841 in
1547 787 1641 842 anima
1657 785 1767 841 diceba-

128 876 274 931 edificata
282 875 312 931 Si
321 876 396 930 enim
411 875 536 947 gloriosa
544 875 599 929 suit
608 875 782 946 domusque
792 877 928 932 aedificata
968 882 1024 939 tur,
1038 877 1086 947 qui
1109 884 1251 931 mortuum
1270 878 1412 947 tangebat.
1430 877 1560 940 Quandiu
1580 876 1654 930 enim
1670 876 1766 928 anima

127 970 166 1018 est
182 979 200 1016 a
214 980 306 1029 servo,
321 969 458 1034 quantum
470 963 558 1018 distat
572 980 669 1017 servus
682 963 925 1026 aDomiuo,tanto
968 966 996 1019 in
1011 982 1127 1035 corpore
1142 972 1194 1029 est,
1207 982 1262 1019 non
1278 973 1321 1019 est
1334 965 1511 1019 immundum
1531 965 1686 1018 humanum
1702 980 1764 1017 cor-

127 1053 225 1107 melior
244 1059 289 1106 est
307 1054 419 1120 domus,
434 1053 479 1107 cui
498 1059 600 1123 preest
613 1052 759 1120 Dominus,
774 1052 809 1107 ab
824 1053 925 1110 illacui
966 1070 1027 1126 pus.
1037 1055 1083 1124 qui
1095 1053 1546 1123 habetanimamadimaginemet
1553 1052 1765 1106 similitudinem

127 1139 237 1211 prefuit
250 1156 356 1195 servus.
966 1143 1016 1197 Dei
1028 1143 1139 1195 laetam.
1154 1142 1255 1196 Statim
1268 1157 1331 1194 vero
1341 1146 1373 1194 ut
1385 1142 1588 1211 anirnacorpus
1598 1140 1764 1202 deseruerit,

162 1229 630 1300 ‹Meumestargentum,etmeum
640 1229 927 1296 estaurum,dicitDo·
967 1231 1086 1284 elficitur
1102 1247 1204 1301 corpus
1219 1229 1405 1291 immundum,
1422 1235 1519 1299 utpote
1529 1236 1673 1283 terrenum
1690 1234 1765 1282 etex

127 1317 219 1372 minus
236 1319 422 1373 exercituum.
438 1318 543 1389 Magna
557 1319 612 1372 erit
625 1319 717 1388 gloria
731 1320 830 1374 domus
845 1319 926 1372 istius
967 1321 1058 1374 carnis
1072 1321 1214 1391 voluptate
1230 1323 1402 1373 concretum.
1419 1317 1477 1370 lloc
1492 1316 1611 1369 dicimus
1626 1320 1762 1385 quantum

128 1407 286 1461 novissimae
297 1407 361 1477 plus
374 1423 457 1478 quam
472 1408 579 1477 prima,
592 1407 661 1461 dicit
673 1408 810 1461 Dominus
825 1407 927 1462 exerci-
967 1409 1003 1463 ad
1018 1415 1165 1474 naturam,
1182 1413 1313 1461 careium
1332 1411 1493 1458 sanctorum
1508 1416 1634 1473 corpora,
1644 1417 1764 1471 quorum

128 1500 215 1549 tuum.
233 1514 248 1547 a
264 1496 340 1550 Ausi
355 1495 577 1550 diceretzNolite
589 1495 718 1550 dubitare
732 1496 807 1566 quod
823 1495 926 1566 possim
968 1513 1044 1551 mors
1059 1505 1101 1551 est
1115 1497 1348 1567 pretiosa,sancta
1359 1493 1576 1548 suntexmerito
1587 1488 1765 1570 inhabitatri-

130 1582 247 1654 implere
261 1584 337 1654 quod
352 1584 499 1655 promitto.
519 1584 577 1654 Ego
591 1584 665 1639 enim
680 1601 740 1638 sum
756 1584 802 1653 qui
816 1583 927 1638 condidi
967 1585 1007 1639 cis
1017 1592 1119 1639 sanctos
1134 1585 1411 1653 animm.lnterrogat
1421 1598 1484 1635 vero
1494 1582 1638 1652 propheta,
1647 1579 1670 1632 si
1682 1578 1766 1631 homo

129 1670 232 1735 omnia,
248 1671 279 1724 in
292 1687 379 1725 manu
389 1687 452 1725 mea
462 1678 506 1726 est
520 1677 667 1742 argentum
683 1680 712 1726 et
726 1688 826 1726 aurum
843 1678 927 1741 atque
968 1673 1128 1743 quicunque
1138 1673 1234 1727 tulerit
1248 1667 1360 1725 carnem
1372 1670 1585 1727 sanctificatam,
1597 1674 1624 1720 et
1638 1666 1767 1737 ligaverit

132 1774 225 1813 omnes
239 1775 318 1830 opes,
335 1776 387 1829 ego
402 1760 496 1814 omnia
511 1777 572 1831 quae
584 1760 813 1814 necessariasunt
823 1760 850 1814 in
861 1760 929 1815 redi·
938 1753 961 1813 Β
970 1777 1031 1814 eam
1047 1761 1075 1814 in
1089 1761 1252 1814 summitate
1263 1758 1421 1814 vestimenti
1435 1759 1488 1821 sui,
1499 1766 1527 1811 ct
1540 1758 1602 1827 ipsa
1616 1755 1765 1809 summitas

132 1847 235 1902 ficando
252 1848 295 1902 vel
315 1849 443 1903 ornando
459 1849 595 1919 templum
615 1848 696 1903 dabo.
712 1848 800 1903 Juxta
813 1865 926 1903 sensum
967 1848 1125 1902 vestimenti
1141 1849 1267 1918 tetigerit
1276 1852 1446 1919 panem,aut
1460 1843 1613 1916 quemlibet
1627 1843 1712 1896 alium
1723 1842 1765 1895 ci·

135 1935 288 2004 mysticum,
305 1952 407 1990 aurum
423 1943 466 1991 est
475 1954 575 1991 sensus
585 1938 784 1991 etintellcctus
792 1937 925 2008 spiritua·
967 1936 1044 2001 bum,
1061 1938 1188 2008 nunquid
1205 1937 1308 2008 poterit
1319 1935 1487 2015 sanctificari
1502 1937 1579 1987 tactu
1595 1929 1762 1995 vestimenti,

136 2020 174 2083 lis,
189 2023 235 2092 qui
251 2024 282 2077 in
310 2025 463 2095 Scripturis
485 2026 563 2093 latet,
586 2027 620 2079 de
641 2041 696 2095 quo
714 2025 846 2079 Salomon
862 2025 923 2078 ait:
967 2026 996 2080 in
1011 2043 1066 2096 quo
1085 2033 1184 2080 sancta
1201 2042 1265 2079 caro
1279 2025 1368 2095 ligata
1382 2024 1440 2078 estl
1457 2040 1469 2073 t
1484 2020 1696 2092 Respondentes
1711 2034 1764 2072 au·

141 2111 317 2166 «Thesaurus
332 2113 526 2169 desiderabilis
546 2115 696 2185 requiescit
709 2115 738 2167 in
753 2130 800 2168 ore
815 2113 926 2183 sapien·
969 2119 1025 2168 tem
1039 2115 1207 2179 sacerdotes,
1224 2114 1354 2167 dixerunt
1371 2132 1377 2166 :
1394 2114 1466 2166 Non.
1486 2111 1635 2164 »Rursum
1651 2108 1766 2178 ponitur

141 2196 178 2250 tis.
193 2217 207 2251 i
227 2203 386 2270 Argentum
411 2208 476 2257 vero
490 2202 566 2256 clara
580 2203 690 2273 eloquia
705 2203 936 2272 scripturarum„
967 2203 1022 2257 alia
1038 2203 1163 2273 quaestio,
1186 2208 1214 2256 et
1228 2203 1384 2271 interrogat
1395 2201 1541 2271 propheta.

145 2285 203 2340 mde
216 2288 366 2342 Psalmista
382 2308 387 2342 :
406 2310 418 2341 ι
442 2290 559 2361 Eloquia
585 2290 694 2344 Domini
717 2290 827 2360 eloquia
839 2295 924 2354 casta,
1005 2313 1015 2342 ι
1033 2290 1070 2345 Et
1080 2289 1315 2361 dixitltggaeus,si
1326 2288 1583 2359 tetigeritpollutus
1597 2285 1623 2340 in
1633 2285 1763 2347 animm»

147 2382 288 2443 argentum,
303 2395 317 2428 ι
330 2385 360 2431 et
375 2378 494 2449 reliqua.
505 2379 554 2433 llis
570 2379 689 2432 metallis
704 2386 822 2431 ornatur
837 2379 926 2432 Ecclc·
967 2379 1020 2434 hoc
1034 2387 1077 2433 est
1092 2380 1138 2449 qui
1154 2385 1283 2432 contactu
1299 2379 1403 2432 mortui
1419 2373 1713 2430 honzinisimmundus
1723 2372 1765 2425 la-

149 2460 187 2527 ria,
197 2471 222 2517 et
233 2465 260 2518 fit
277 2465 414 2521 illustrior
422 2484 506 2538 quam
516 2468 656 2538 quondam
668 2467 754 2521 luerit
767 2466 924 2537 synagoga.
967 2476 1028 2522 otus
1036 2474 1104 2521 est«
1114 2464 1507 2535 Exomnibusbonisnunquid
1515 2460 1766 2518 contaminabitur?

149 2551 196 2604 «Et
208 2552 234 2606 in
248 2552 309 2607 loco
319 2555 373 2608 isto
383 2555 455 2608 dabo
474 2572 581 2625 pacem.
597 2556 663 2609 dicit
676 2555 812 2609 Dominus
826 2557 928 2608 exerci·
968 2562 996 2610 et
1007 2556 1215 2626 responderunt
1225 2555 1394 2617 sacerdotes,
1406 2560 1434 2606 et
1446 2539 1610 2606 dixerunta
1620 2549 1764 2606 Contami-

149 2640 220 2690 tuum.
236 2660 248 2690 i
263 2641 336 2703 Quia
346 2643 382 2695 ad
392 2642 646 2713 domuminclytam
658 2642 848 2696 aedificandam
859 2644 927 2697 nihil
968 2643 1091 2697 nabitur.
1110 2666 1122 2692 a
1140 2644 1174 2696 Et
1185 2642 1329 2712 respondit
1340 2644 1469 2711 llggaeus,
1483 2646 1511 2694 et
1526 2640 1596 2693 dixit
1612 2657 1618 2692 :
1634 2658 1646 2690 r
1663 2640 1709 2693 Sic
1718 2655 1766 2709 po·

151 2725 336 2795 nagisscimus
356 2730 489 2800 prodesse
509 2747 592 2800 qaam
619 2746 725 2800 pacem,
748 2729 811 2783 ideo
836 2731 927 2800 ipsam
968 2732 1051 2802 pulus
1061 2732 1124 2793 iste,
1141 2738 1169 2785 et
1183 2731 1222 2784 sic
1232 2746 1302 2800 gens
1316 2731 1371 2784 ista
1382 2737 1448 2783 ante
1465 2728 1564 2782 faciem
1580 2744 1682 2793 meam,
1697 2728 1766 2782 dicit

150 2816 304 2882 repmmittit.
321 2817 456 2871 lllaenim
468 2834 609 2877 concessa.
626 2818 734 2872 facilius
746 2826 847 2872 catera
856 2818 928 2872 bona
968 2819 1114 2883 Dominus,
1131 2819 1209 2874 etsie
1221 2835 1303 2872 omne
1316 2835 1386 2890 opus
1396 2834 1529 2871 manuum
1545 2833 1653 2880 eorum,
1664 2822 1694 2870 et
1703 2831 1765 2870 om·

151 2905 352 2970 sequuntursed
368 2906 517 2976 allegorico
528 2923 612 2960 sensu
626 2906 676 2959 dat
685 2905 820 2961 Dominus
831 2923 926 2976 pacem
968 2908 1015 2961 nia
1035 2925 1096 2979 quae
1121 2907 1284 2962 obtulerunt
1303 2908 1351 2973 ibi,
1378 2906 1569 2961 contaminata
1588 2910 1681 2959 erunt.
1699 2905 1765 2959 »De

150 2984 172 3039 in
183 2990 292 3045 Ecclesia
302 2995 443 3063 praesenti,
459 2995 625 3065 compressis
635 2994 750 3064 maligni
767 2979 958 3048 hostisiam-0
968 2996 1054 3067 priori
1072 2996 1292 3066 interrogatione
1306 3002 1403 3051 tacens
1424 2996 1570 3067 propheta,
1588 2994 1622 3048 de
1642 2994 1765 3048 secunda

152 3072 197 3143 diis,
211 3087 237 3133 et
250 3081 388 3151 mitigatis
403 3083 534 3137 vitiorum
550 3082 679 3150 bellis,in
693 3082 787 3136 futuro
802 3099 867 3136 vero
881 3084 928 3137 da·
968 3085 1127 3156 respondet,
1144 3086 1294 3141 ostendens
1305 3102 1355 3140 cur
1365 3086 1417 3139 ista
1432 3083 1674 3156 pmposuerit.Qui
1690 3082 1765 3137 enim

152 3156 278 3235 bilpacem
295 3183 390 3222 veram
405 3174 434 3223 et
447 3176 590 3223 aeternam.
967 3173 1131 3226 immundus
1142 3179 1186 3227 est
1211 3173 1242 3226 in
1267 3174 1371 3236 anima,
1390 3180 1418 3227 et
1436 3172 1615 3227 morticinum
1628 3170 1763 3240 tetigerit,

178 3254 225 3308 «ln
239 3255 370 3310 vicesima
386 3265 418 3312 et
428 3263 529 3328 quarta
541 3258 609 3312 noni
632 3256 736 3312 mensis
751 3259 780 3312 in
794 3275 868 3312 anno
881 3276 927 3313 se·
967 3278 1050 3315 omne
1068 3262 1142 3333 quod
1158 3262 1285 3332 tetigerit
1301 3262 1340 3315 vel
1353 3261 1496 3326 obtulerit,
1509 3261 1685 3315 immundum
1699 3259 1764 3314 erit.

152 3341 219 3396 tundo
231 3344 306 3398 Darii
330 3346 416 3415 regis,
434 3346 543 3421 ‘lactum
569 3354 612 3401 est
634 3347 751 3402 verbum
768 3347 875 3402 Domini
891 3349 926 3402 ad
967 3349 1017 3403 Est
1031 3357 1124 3404 autem
1141 3366 1255 3404 sensus:
1269 3351 1468 3421 Opopule,qui
1481 3350 1562 3404 altari
1573 3353 1765 3402 tantumstru·
1864 3394 1868 3401 ,

152 3425 258 3499 Argeum
274 3434 451 3505 prophetam,
467 3435 561 3489 dicens
587 3455 592 3489 :
620 3437 685 3490 Haec
703 3436 770 3490 dicit
791 3436 927 3490 Dominus
968 3446 1023 3503 cto,
1039 3445 1068 3493 et
1081 3440 1173 3492 adhuc
1188 3439 1270 3492 domo
1286 3456 1348 3494 mea
1359 3439 1454 3510 diruta
1467 3438 1574 3491 hostias
1588 3438 1670 3490 ollers
1682 3436 1711 3490 in
1723 3436 1765 3489 al·

152 3521 297 3576 exercituum
311 3542 317 3574 :
330 3526 476 3594 interroga
485 3525 644 3578 sacerdotes
656 3525 757 3594 legem,
770 3525 866 3578 dicens
879 3545 884 3578 :
897 3526 927 3579 Si
967 3528 1032 3592 tari,
1049 3538 1076 3580 et
1096 3536 1177 3598 putas
1197 3535 1224 3581 te
1240 3528 1283 3581 his
1297 3525 1611 3589 carnibussanctisrcari,
1625 3525 1693 3578 scito
1708 3540 1764 3577 noa

151 3604 223 3662 tulerit
236 3610 440 3665 homocarnem
453 3614 655 3667 sanctiticatam
672 3613 701 3667 in
711 3630 760 3666 ora
767 3614 926 3667 vestimenti
967 3621 1077 3669 tantum
1094 3622 1121 3670 te
1135 3616 1342 3670 sanctificariex
1354 3615 1452 3669 hostiis
1467 3631 1535 3685 quas
1547 3615 1576 3667 in
1592 3615 1765 3684 templomeo

152 3692 189 3756 lli.
204 3704 227 3751 et
242 3700 369 3770 tetigerit
384 3700 418 3754 de
432 3701 594 3755 summitate
606 3703 667 3770 eius
683 3718 783 3771 punem
799 3710 849 3755 aut
863 3702 926 3771 pul·
968 3704 1061 3758 diruto
1074 3705 1167 3773 ollers,
1183 3721 1267 3776 quam
1282 3704 1468 3758 contaminari
1491 3703 1586 3757 omnia
1607 3717 1668 3772 quaa
1692 3701 1762 3771 agis,

152 3789 437 3852 centumcentumn,
455 3797 504 3844 aut
517 3791 618 3850 oleum,
635 3796 686 3844 eut
699 3790 923 3855 omnemcibum‚
966 3799 1081 3863 propter
1096 3793 1148 3847 hoc
1165 3794 1240 3863 quod
1263 3794 1380 3863 negligis
1404 3793 1519 3847 domum
1539 3808 1641 3858 meam,
1658 3795 1686 3844 et
1700 3797 1763 3844 tuas

152 3876 924 3949 uunquidsanctificabiturliNotandumquodsuprasem·
966 3881 1066 3935 domus
1082 3881 1232 3950 diligenter
1246 3883 1377 3936 exstruis.

152 3962 289 4024 perdiotum
300 3972 344 4021 est
356 3985 361 4020 :
375 3966 489 4021 Factum
501 3968 667 4021 estverbum
681 3967 789 4021 Domini
800 3968 827 4020 in
838 3983 923 4020 manu
1003 3987 1016 4020 «
1034 3971 1068 4023 Et
1083 3986 1165 4032 nuuc,
1179 3970 1464 4039 ponitecordavestra
1475 3984 1492 4021 a
1502 3968 1547 4021 die
1561 3968 1613 4020 hac
1627 3972 1655 4020 et
1667 3982 1763 4036 supra,

153 4043 231 4118 Argei,
245 4072 260 4104 ι
275 4054 321 4107 hic
333 4070 398 4108 vero
413 4074 437 4108 :e
453 4054 569 4109 Factum
587 4062 631 4109 est
645 4054 760 4109 rerbum
771 4055 881 4109 Domini
889 4056 924 4109 ad
965 4065 1116 4129 antequam
1133 4064 1284 4127 poneretur
1300 4057 1369 4128 lapis
1382 4073 1466 4127 super
1480 4055 1601 4125 lapidem
1612 4055 1640 4108 in
1656 4055 1761 4125 templo

154 4132 268 4205 Argeum.
282 4143 398 4213 »Supra
413 4143 486 4197 enim
498 4145 564 4214 quia
575 4144 679 4197 munda
690 4143 811 4198 habehat
826 4160 920 4214 opera,
966 4146 1089 4211 Domini,
1100 4161 1162 4199 cum
1178 4145 1349 4200 accederetis
1364 4145 1398 4198 ad
1414 4160 1542 4197 acervum
1554 4142 1764 4213 vigintimodio-

154 4222 303 4284 ttdiacorde
314 4232 437 4285 nondum
450 4233 561 4302 plenam
571 4238 734 4303 perceperat
744 4233 921 4302 sapientiam,
964 4250 1038 4298 rum,
1055 4242 1082 4287 et
1096 4236 1197 4288 fierent
1211 4234 1464 4296 decem,rntraretis
1479 4233 1514 4286 ad
1527 4233 1661 4297 torcular,
1674 4238 1706 4286 ut
1715 4248 1763 4285 ex·

155 4315 240 4371 demat
247 4318 323 4372 inter
331 4320 430 4391 eosqui
442 4321 721 4374 nolebantaedilicare
728 4322 863 4391 templum
872 4323 924 4376 Do·
964 4324 1124 4393 primeretis
1136 4322 1470 4393 quinquagintalagenas,
1483 4327 1512 4375 et
1522 4321 1626 4375 llebant
1636 4320 1761 4391 viginti.»

155 4399 277 4468 uinoideo
286 4408 315 4461 in
325 4409 410 4462 manti
421 4410 481 4478 eius
491 4409 593 4463 lactum
602 4409 925 4463 diciturrorbumDomi·
933 4401 989 4465 ΒΟ
1000 4413 1101 4482 popule
1118 4411 1216 4471 lsrael,
1229 4411 1336 4482 respice
1343 4411 1377 4464 ad
1387 4413 1542 4482 praeteritos
1552 4411 1620 4469 dies,
1632 4415 1660 4464 et
1666 4409 1701 4463 ab
1712 4410 1764 4463 hac

157 4486 260 4548 lli-Nunc
270 4495 337 4566 quia
346 4497 531 4551 fundamenta
542 4499 601 4566 jam
613 4498 710 4568 templi
718 4499 795 4568 jacta
806 4506 881 4563 sunt,
897 4504 925 4552 et
968 4500 1102 4553 vicesima
1114 4506 1216 4571 quarta
1226 4501 1271 4554 die
1280 4501 1346 4554 noni
1362 4501 1466 4554 mensis
1478 4501 1590 4554 secundi
1601 4500 1666 4552 anni
1675 4499 1760 4563 Darii,

156 4571 387 4654 llllpopuluscum
398 4587 571 4657 principibus
585 4587 652 4640 lacit
665 4603 750 4657 opera
765 4587 859 4657 templi
869 4588 924 4641 Do·
966 4589 1102 4659 quidquid
1128 4595 1204 4642 retro
1222 4595 1333 4658 gestum
1355 4595 1406 4650 est,
1423 4590 1568 4642 considera
1583 4595 1609 4641 et
1623 4587 1762 4658 perpende

157 4663 213 4730 nini,
223 4675 407 4743 proptereaad
418 4679 548 4744 aggaeum
561 4676 593 4729 stt
602 4691 695 4728 sermo
705 4673 829 4728 Domini.
844 4676 924 4729 Nono
966 4687 1073 4748 quanta
1088 4684 1163 4731 retro
1174 4677 1352 4732 sustinueris.
1364 4693 1427 4731 cum
1439 4678 1561 4730 nondum
1577 4676 1765 4729 aedificaretur

158 4760 225 4811 uuo
238 4777 334 4816 mense
353 4761 385 4815 lit
402 4778 506 4827 sermo,
519 4763 627 4833 quiade
640 4763 817 4817 immunditia
830 4764 924 4834 populi
966 4766 1112 4836 templum,
1133 4771 1162 4818 ot
1176 4772 1282 4835 quanta
1293 4764 1344 4818 tibi
1355 4765 1498 4818 evenerint
1511 4779 1643 4834 prospera
1659 4779 1690 4815 ex
1707 4778 1762 4832 quo

158 4849 438 4906 reeompensatus
450 4858 502 4904 est.
516 4852 665 4921 Nunquam
681 4853 755 4905 enim
770 4869 861 4906 ncnus
876 4869 925 4907 nu·
965 4854 1049 4925 coepit
1060 4854 1195 4908 construi.
1212 4854 1279 4917 Quae
1299 4869 1364 4906 vero
1383 4852 1440 4905 sint
1459 4853 1516 4905 illa.
1532 4851 1590 4922 ipse
1605 4850 1765 4921 specialiter

158 4938 260 4992 namin
275 4940 376 4993 bonum
393 4946 500 5010 purtem
516 4941 630 5011 ponitur
645 4941 673 4994 in
685 4941 837 5011 Scripturis
853 4941 924 4995 divi·
965 4948 1113 4997 enumerat
1135 4945 1293 5013 Antequam
1306 4941 1458 5012 coepissetis
1473 4940 1610 4994 aadilicare
1625 4939 1762 5010 templum

158 5017 247 5080 aaa
262 5029 394 5099 quoniam
411 5029 502 5082 adhuc
514 5029 634 5083 dabatur
646 5030 687 5084 eis
695 5031 925 5100 tempusagendm
966 5030 1088 5093 Domini,
1105 5037 1132 5084 et
1145 5030 1317 5084 accederetis
1331 5030 1365 5083 ad
1381 5046 1510 5084 acervum
1526 5029 1622 5083 hordei
1646 5029 1687 5082 rel
1703 5028 1762 5083 fru-

157 5111 306 5182 lfflssitentiae,
316 5117 379 5170 ideo
390 5117 520 5170 vicesima
531 5126 632 5187 quarta
644 5118 689 5172 die
709 5120 833 5188 ejusdem
850 5136 926 5174 men·
966 5120 1064 5181 menti,
1086 5120 1113 5172 in
1127 5135 1182 5190 quo
1198 5119 1302 5189 putatis
1315 5135 1362 5171 ros
1377 5136 1457 5189 posse
1473 5119 1574 5172 habere
1590 5118 1689 5188 viginti
1706 5135 1763 5172 mo-

158 5195 316 5260 viaticam
331 5206 445 5260 Domini
456 5206 491 5259 ad
511 5207 727 5276 prophetam,in
742 5224 925 5277 quonumero
966 5209 1027 5262 dios
1053 5208 1095 5260 vir
1119 5207 1241 5260 mediam
1269 5214 1377 5276 partem
1392 5206 1585 5262 inveniebatis.
1602 5208 1666 5260 Pari
1680 5207 1762 5260 modo

157 5280 284 5354 duplicatur
304 5294 506 5358 duodenarius,
522 5294 623 5365 ubique
637 5304 763 5348 sacratus
778 5311 920 5350 numerus.
966 5314 1029 5350 curn
1046 5295 1175 5349 veniretis
1190 5295 1224 5347 ad
1236 5296 1368 5355 torcular,
1384 5300 1412 5348 et
1427 5296 1630 5365 quinquaginta
1645 5296 1762 5366 ampho-

157 5374 300 5453 ‘lnterropa
332 5383 493 5436 sacerdotes
509 5383 635 5452 legem.»
653 5384 755 5436 Eorum
771 5384 846 5437 enim
880 5392 923 5438 est
963 5402 1009 5440 ras
1030 5402 1077 5437 vos
1101 5384 1200 5436 exinde
1226 5383 1372 5438 lraliituros
1396 5384 1582 5444 aestimaretis,
1598 5384 1641 5436 vix
1665 5382 1761 5451 viginti

154 5459 305 5539 ’listlegem
318 5477 347 5524 et
358 5470 411 5540 ipsi
422 5471 588 5540 interrogati
598 5471 701 5525 debent
711 5475 922 5542 responderede
963 5474 1112 5543 amphoras
1123 5472 1377 5542 reperiebatis-Cur
1391 5473 1449 5525 limo
1464 5472 1616 5533 evenerint,
1626 5470 1756 5523 ostendit.

122 5601 128 5607 -
153 5543 206 5617 ¹280·
222 5553 379 5630 interrogat
396 5575 464 5631 ergo
477 5573 525 5612 eos
538 5561 657 5629 Aggasus
667 5563 805 5633 propheta
815 5578 847 5615 ex
861 5578 923 5632 per·
1000 5579 1013 5611 o
1029 5561 1168 5627 Percussi,
1177 5578 1226 5615 ros
1235 5567 1319 5615 vento
1331 5570 1430 5616 urente
1439 5568 1468 5615 et
1485 5560 1622 5629 aurugine
1636 5564 1664 5610 et
1676 5569 1759 5624 gran-
