3818 6104
136 249 189 308 ror
358 226 552 306 samoris
563 247 808 307 umnansrrr.
825 246 935 305 serso.
953 246 1032 305 orn.
1048 250 1140 307 runs
1155 251 1177 310 1.
1195 280 1227 295 -
1243 248 1434 310 oouurur.
1448 248 1542 308 amc.
1716 246 1770 309 us

133 375 265 432 testatius
278 376 453 446 subjectione
462 375 530 430 dicit
539 373 1070 443 Psalmista,omuiasubjectaAdiendi
1090 393 1176 431 eausa
1193 378 1247 432 hoc
1267 376 1347 439 dixit,
1369 380 1399 431 et
1418 375 1475 431 tale
1490 381 1534 431 est
1543 376 1629 448 quale
1641 380 1672 432 et
1682 374 1749 431 illud
1762 394 1787 419 κ

136 482 196 521 esse
211 466 248 531 ci,
263 465 328 538 quia
340 465 563 537 perpotentiam,
582 464 670 519 velint
683 465 783 528 nolint,
796 463 885 518 Judmi
895 467 935 517 at·
976 465 1078 519 i'uistis
1093 467 1245 534 aliquando
1260 467 1384 533 tenebra,
1401 481 1478 520 nuile
1489 472 1584 520 cutem
1601 468 1651 521 luc
1672 468 1704 519 in
1726 465 1787 537 pq

136 572 190 625 que
200 555 303 626 pagani
314 555 490 609 etdmmones
500 554 728 625 subjectisuntci
741 573 746 607 :
759 552 936 624 quiadaemo-
977 555 1053 605 minc
1063 554 1171 621 [Eplres.
1187 559 1223 621 r).
1238 553 1371 624 Sequitur
1386 568 1392 601 ι
1408 554 1441 607 ln
1456 555 1568 621 quibus,
1584 552 1787 630 subaudisdq

135 661 185 698 nes
198 660 249 715 per
262 643 465 698 invocationem
481 643 601 697 nominis
617 644 678 713 ejus
691 641 869 713 suganturab
884 640 935 695 ob·
976 639 1050 694 lictis
1065 646 1094 695 et
1108 642 1239 711 peccatis,
1255 647 1279 695 et
1297 658 1345 695 nos
1359 640 1716 706 omnes.subaudisludaei‚
1726 641 1787 719 εἱΙ

136 732 220 786 sessis
235 732 406 804 corporibus.
416 737 444 786 et
453 731 553 801 pagani
563 731 612 784 illo
622 732 802 801 permittente
812 730 933 784 aliorum
977 729 1089 798 quaudo
1104 731 1261 785 conversati
1276 746 1374 784 sumus
1387 730 1417 783 iu
1439 729 1590 785 desideriis
1605 731 1700 785 earnis
1713 746 1787 811 aa),

135 835 222 890 regna
232 824 260 874 et
275 826 366 875 terras
380 821 524 874 invadunt.
534 819 569 874 Et
578 823 678 888 rpeiam.
694 820 721 874 id
735 826 778 874 est
790 819 933 874 Christum
974 823 1034 881 trae,
1052 817 1081 871 id
1093 819 1180 872 estin
1191 817 1351 873 carnalibus
1363 819 1601 889 concupiscentiis
1616 825 1646 874 et
1655 824 1784 895 terren&

135 908 208 961 dedit
221 908 295 962 Deus
314 908 407 971 Pater,
424 912 519 976 copul,
536 909 588 962 hoc
606 915 650 963 est
671 909 836 981 principem,
851 922 933 975 suaper
975 906 1176 976 uoluptatibus,
1190 909 1320 974 facientes
1334 909 1505 961 uoluntatem
1517 912 1617 963 cornis
1630 914 1657 962 et
1676 916 1772 977 corato.

135 1010 242 1049 omncrn
250 996 714 1069 Ecclesiomquneslcorpusjpsius.
728 996 862 1051 subaudis
872 1011 933 1067 quae
976 996 1095 1059 tionum,
1107 995 1160 1049 hoc
1175 1001 1227 1062 cst,
1244 995 1317 1066 quod
1329 994 1525 1065 cogitabamus
1544 996 1628 1051 corde
1643 995 1763 1068 implete

134 1088 286 1139 constater
300 1084 610 1155 angelisethominibus
618 1085 715 1154 justis;
729 1085 857 1140 Christus
867 1099 934 1154 ergo
976 1099 1039 1136 nius
1053 1099 1146 1154 opere,
1161 1082 1332 1137 adulterium
1340 1082 1478 1148 videlieet,
1487 1083 1755 1151 fornicationem,tar.

53 1220 56 1227 .
134 1180 220 1243 caput
233 1173 292 1227 sive
308 1174 437 1245 princeps
453 1178 496 1227 est
506 1173 644 1236 Ecclesiae,
658 1174 724 1244 quia
734 1174 806 1227 siout
817 1191 833 1227 a
844 1173 935 1244 capite
976 1177 1047 1236 tum,
1066 1178 1131 1237 etc,
1148 1179 1173 1227 et
1183 1189 1294 1227 cramus
1310 1179 1416 1227 nutura
1430 1174 1661 1245 triticeamque
1673 1172 1752 1235 niudis

134 1268 272 1332 reguntur
287 1262 422 1326 membra,
433 1266 461 1316 et
476 1278 494 1315 a
508 1262 609 1333 spirita
620 1262 773 1317 vivificatur
782 1261 936 1333 corpus,ita
976 1266 1020 1316 tre.
1035 1264 1107 1315 sicut
1116 1267 1140 1316 et
1155 1266 1245 1316 ceteri
1257 1261 1392 1317 subaudis
1405 1261 1544 1317 homines.
1561 1262 1625 1317 Non
1640 1261 1749 1323 debeam

136 1356 165 1405 et
179 1368 196 1405 a
211 1351 322 1405 Christo
337 1356 474 1422 reguntur
487 1368 585 1405 omnes
599 1351 680 1406 electi
696 1354 723 1405 et
738 1351 933 1406 vivificantur:
977 1355 1077 1421 putare
1092 1350 1166 1422 quod
1181 1356 1284 1406 natura
1294 1352 1446 1406 humanas
1461 1351 1519 1407 Deo
1535 1352 1611 1406 mala
1629 1350 1664 1406 sit
1677 1361 1747 1410 crab

136 1443 165 1493 ct
177 1438 251 1493 sicut
262 1455 363 1509 eorpus
379 1443 490 1494 constat
511 1456 545 1493 ex
563 1439 673 1494 ossibus
692 1446 721 1494 et
733 1440 891 1494 carnalibus
907 1443 936 1494 et
977 1444 1005 1492 et
1024 1439 1145 1505 condita,
1169 1440 1236 1510 quia
1259 1439 1341 1507 bona,
1357 1445 1454 1494 saneta
1475 1447 1505 1495 et
1519 1440 1747 1499 immortalisiacts

136 1527 255 1582 sortibus
269 1533 355 1599 atque
371 1528 490 1599 infirmis
501 1527 646 1595 membris,
662 1534 691 1583 et
704 1534 800 1583 tamen
815 1528 936 1583 omnies
976 1532 1029 1593 est,
1053 1528 1102 1582 sed
1125 1527 1192 1583 vitio
1214 1544 1265 1582 suo
1286 1533 1419 1599 corrupta
1446 1534 1474 1583 et
1495 1528 1647 1600 depravata
1658 1535 1701 1584 est.
1712 1530 1743 1586 td

136 1615 237 1687 spiritu
246 1617 429 1681 vivificantur,
441 1617 482 1671 ita
494 1616 614 1670 Ecclesia
629 1619 754 1672 continet
768 1618 797 1671 in
809 1634 839 1672 se
849 1618 935 1672 sortes
976 1615 1127 1686 imaginem
1150 1621 1179 1671 et
1192 1616 1407 1672 similitudinem
1421 1617 1472 1671 Dei
1488 1617 1578 1673 tactus
1592 1622 1635 1673 est
1645 1618 1754 1691 homoia,

80 1706 85 1713 ‘
136 1705 166 1758 in
181 1705 235 1758 fide
249 1710 278 1758 et
288 1704 316 1757 in
328 1704 401 1758 bono
412 1721 505 1776 opere,
516 1711 676 1775 peccatores
687 1720 799 1776 quoque
811 1706 859 1777 qui
869 1683 966 1760 suntB
976 1706 1080 1768 anima,
1094 1722 1151 1759 non
1165 1705 1194 1759 iu
1208 1721 1324 1776 corpore
1338 1724 1345 1773 3
1361 1705 1410 1760 sed
1425 1705 1744 1776 peocundoperdiditima·

136 1791 242 1845 infirmi
257 1793 286 1846 in
301 1793 356 1846 ssde
371 1793 440 1847 etin
456 1792 623 1847 virtutibus:
643 1810 712 1865 quos
726 1800 822 1848 tamen
836 1810 934 1849 omries
975 1793 1071 1864 ginem
1083 1810 1166 1864 quam
1182 1792 1339 1847 habebatin
1353 1792 1503 1848 sanctitate
1514 1799 1545 1849 et
1559 1794 1588 1848 in
1601 1795 1744 1851 innocentia

135 1881 283 1935 vivificavit
297 1881 435 1945 Christus,
453 1883 500 1952 qui
516 1887 559 1936 est
574 1889 658 1953 caput
672 1883 795 1947 illorum,
810 1883 876 1938 dum
888 1900 935 1938 eos
976 1888 1006 1937 et
1028 1882 1240 1937 similitudinem
1264 1898 1348 1952 quem
1367 1880 1490 1937 habebat
1503 1882 1533 1937 iu
1548 1882 1743 1951 immortalitate,

136 1969 171 2024 ud
185 1970 267 2024 tidem
280 1977 367 2024 rocol.
379 1971 412 2024 El
424 1972 569 2038 plenitudo
582 1974 650 2039 ejus,
665 1975 715 2039 pici
727 1975 822 2025 omnio
834 1975 865 2025 in
878 1989 936 2026 orn·
977 1970 1041 2041 Ipse
1055 1977 1150 2025 autem
1165 1971 1249 2025 homo
1262 1986 1317 2024 non
1331 1970 1429 2041 genuit
1443 1970 1546 2025 Filium
1557 1972 1592 2026 ad
1605 1971 1677 2027 illam
1688 1972 1745 2027 sicuib

136 2061 407 2126 nibusoctimplelur.
420 2058 860 2129 Subauditioneshujusmodihic
870 2064 936 2115 sunt
976 2060 1134 2123 litudincm,
1151 2075 1207 2130 qua
1221 2059 1280 2130 ipse
1294 2058 1444 2123 lactasset,
1458 2059 1509 2115 sed
1524 2060 1561 2114 ad
1580 2061 1745 2131 imaginanti

136 2146 319 2201 necessariae:
336 2147 403 2210 Qum
419 2146 541 2201 Ecclesia
559 2164 620 2217 quae
642 2153 684 2201 est
704 2164 804 2217 corpus
820 2147 933 2215 Christi,
976 2148 1191 2202 similitudinem
1206 2164 1286 2202 suam
1302 2163 1386 2216 quam
1409 2148 1471 2218 ipse
1485 2148 1545 2218 jam
1571 2149 1692 2209 habebat.
1708 2150 1745 2205 hot

137 2234 282 2305 plenitudo
299 2235 369 2304 ejus,
391 2235 526 2288 subaudis
545 2241 597 2293 ost.
615 2236 642 2288 id
657 2242 700 2290 est
714 2236 859 2306 plenitudo
873 2252 935 2290 cor·
976 2243 1020 2290 est
1034 2242 1208 2308 peecatorem
1224 2241 1253 2291 ot
1266 2237 1414 2291 mortalem
1435 2237 1509 2291 sicut
1531 2238 1592 2308 ipse
1610 2245 1676 2293 erat.
1691 2239 1744 2294 Dua

137 2321 214 2393 poris
229 2321 342 2379 Christi.
360 2338 421 2392 quae
440 2338 490 2393 per
509 2323 603 2376 omnia
626 2339 729 2392 genera
745 2323 890 2378 hominum
905 2325 934 2379 in
976 2341 1042 2394 ergo
1056 2330 1216 2395 peccatores
1230 2329 1259 2379 et
1274 2325 1408 2379 mortales
1428 2326 1487 2379 nati
1509 2342 1608 2381 sumus
1629 2343 1660 2381 ex
1672 2326 1744 2399 priuis

137 2409 267 2464 omnibus
279 2410 564 2477 geritibushominum
576 2412 755 2482 adimpletur,
771 2413 824 2467 hoc
839 2422 936 2471 ostau·
979 2411 1141 2483 parentibus
1155 2411 1268 2474 uostris,
1285 2412 1333 2482 qui
1348 2412 1455 2467 similes
1470 2413 1553 2469 uobis
1563 2415 1623 2485 jam
1637 2413 1744 2469 erauld-

136 2504 228 2569 golur.
252 2500 324 2553 Dum
345 2499 419 2553 enim
436 2500 560 2570 quotidie
575 2518 608 2555 ex
623 2501 740 2571 singulis
755 2502 885 2571 gentibus
900 2503 936 2558 ad
976 2500 1051 2567 lecti,
1067 2501 1148 2571 quasi
1162 2506 1265 2554 natura
1277 2501 1335 2554 sire
1347 2501 1516 2557 naturaliter
1530 2519 1642 2558 emmas
1655 2503 1744 2558 llliiriu

137 2588 221 2643 fidem
238 2588 342 2643 Christi
366 2605 417 2660 per
437 2588 608 2661 baptismum
637 2592 788 2656 concurrit,
809 2591 935 2662 quotidie
977 2588 1068 2655 diotre,
1085 2589 1152 2659 quia
1172 2594 1286 2660 propter
1304 2589 1562 2660 prevaricationem
1577 2591 1744 2647 mandatorum

136 2693 237 2748 corpus
249 2677 325 2733 illius
341 2683 470 2748 augetur.
486 2678 569 2733 Verbi
582 2679 675 2749 gratia
690 2680 781 2734 :sicut
795 2679 830 2734 dc
843 2680 935 2750 quoli-
976 2677 1037 2742 Dei,
1056 2693 1111 2748 qua
1134 2677 1307 2748 praeraricati
1322 2693 1419 2732 suiuus
1434 2678 1462 2733 in
1477 2679 1643 2750 parentibus
1656 2678 1742 2744 uostris.

135 2766 185 2821 bet
206 2784 273 2838 rege
295 2767 407 2834 dicitur,
433 2769 498 2838 quia
521 2768 588 2822 dum
603 2768 638 2822 ad
653 2769 741 2823 Deum
757 2768 895 2823 exercitus
907 2773 936 2825 et
976 2766 1128 2820 vindictam
1142 2764 1321 2820 merebamur
1334 2766 1471 2838 accipere.

136 2856 232 2927 populi
247 2856 420 2912 diversarum
435 2856 563 2927 gentium
578 2858 733 2925 confluunt,
749 2863 879 2928 augetur.
1012 2856 1080 2908 deus
1094 2859 1187 2909 autern
1211 2857 1260 2922 qui
1281 2857 1417 2922 silvescet,
1440 2856 1493 2910 hoc
1518 2862 1563 2912 est
1583 2856 1743 2912 abundasset

973 2943 1128 3014 multiplex,
1135 2959 1191 2997 non
1200 2943 1291 2998 solum
1304 2944 1431 3014 potentie
1442 2948 1470 3000 et
1483 2945 1599 3014 virtute,
1615 2946 1661 3001 scd
1674 2944 1742 3000 iani

449 2998 566 3053 CAPUT
580 3000 616 3055 H·
940 3034 1122 3099 ctericordiu
1134 3037 1247 3101 proptor
1261 3036 1391 3099 ninnium,
1404 3034 1466 3088 sire
1478 3035 1631 3089 maximam
1644 3035 1741 3089 chonu-

173 3121 206 3178 tlt
223 3139 279 3191 cros,
293 3120 427 3176 subaudis
441 3122 565 3194 Ephesii,
576 3139 636 3177 cum
647 3125 737 3177 esselis
752 3125 858 3177 mortali
868 3124 935 3178 dcli·
976 3133 1028 3176 tem
1043 3126 1071 3176 et
1085 3120 1264 3175 dilectionem
1278 3137 1359 3176 suam
1375 3137 1430 3191 quo
1444 3138 1494 3177 nos
1507 3125 1614 3186 ditarit,
1629 3135 1741 3177 curn-nr·

137 3215 187 3265 ctis
202 3216 227 3264 et
239 3214 353 3278 placcatis
365 3214 472 3276 rustris,
490 3212 629 3277 inquibus
643 3213 794 3279 aliquando
808 3213 934 3267 cantuta-
974 3228 1037 3265 rnus
1054 3214 1161 3264 mortali
1172 3213 1333 3277 placentinae
1342 3211 1487 3282 modoque
1498 3204 1751 3283 superiusdixiuu.'

138 3302 187 3354 stis
201 3301 351 3352 sectanda-ni
365 3301 495 3352 secretum
506 3300 608 3352 intendi
617 3301 711 3367 hujus,
728 3299 756 3353 id
776 3305 820 3353 ost
838 3317 934 3355 secun·
975 3298 1207 3364 Communicarit,
1222 3299 1251 3353 id
1265 3306 1309 3354 est
1322 3298 1405 3354 simul
1425 3303 1575 3367 vivificavit
1598 3317 1644 3355 nos
1663 3300 1740 3356 Christo

139 3386 206 3441 dum
221 3386 359 3441 desideria
373 3392 531 3441 amatorum
551 3387 636 3457 hujus
654 3387 760 3451 mundi,
782 3391 933 3443 secundum
975 3389 1003 3443 iu
1017 3389 1184 3460 baptismate
1195 3405 1245 3460 per
1255 3389 1337 3444 tidem
1352 3389 1490 3460 passionis
1500 3390 1566 3445 Filii
1581 3391 1624 3446 sui
1639 3408 1645 3444 τ
1658 3388 1741 3445 unm

135 3478 290 3544 principem
306 3478 444 3543 potestatis
458 3477 531 3529 ocris
545 3476 637 3544 tujics,
647 3476 699 3529 hoc
709 3481 753 3530 est
762 3477 933 3532 voluntatem
974 3476 1021 3530 ille
1036 3492 1209 3545 reserpenso
1223 3480 1412 3545 mortuisjmn
1422 3495 1478 3534 uon
1487 3483 1612 3533 nioritur
1621 3474 1739 3551 (hornut

136 3563 240 3619 diaboli
254 3578 260 3613 :
274 3563 340 3635 quia
361 3564 391 3618 in
409 3564 528 3634 caligine
543 3564 628 3635 hujus
642 3565 715 3618 acris
730 3571 858 3619 servatur
871 3582 932 3621 cru·
974 3565 1013 3620 sic
1027 3582 1078 3620 nos
1094 3582 1111 3619 a
1131 3569 1245 3636 peccato
1265 3573 1445 3636 resurgentes
1463 3566 1590 3622 vivamus
1611 3564 1738 3622 uramur

133 3652 261 3718 ciendus,
273 3656 398 3720 spiritus,
415 3652 445 3707 id
454 3659 497 3707 cst
506 3652 633 3707 diabolas
646 3669 729 3723 quem
745 3653 874 3724 superius
884 3672 932 3727 ap·
973 3655 1058 3724 t'ujas
1072 3653 1206 3709 subaudis
1220 3654 1335 3722 Christi,
1349 3659 1444 3724 prolia
1455 3659 1558 3712 solanti
1570 3652 1741 3725 esliaolipbt·

134 3740 422 3814 pallavitprincipem,
438 3745 488 3811 qui
501 3747 714 3810 nuncuparetur
728 3744 760 3796 in
772 3745 844 3810 filios
854 3745 931 3812 diffi-
971 3743 1015 3810 sii,
1030 3759 1086 3798 non
1100 3743 1198 3798 restris
1214 3743 1334 3811 meritis,
1350 3749 1375 3798 et
1390 3748 1619 3801 conresuscitavit
1632 3750 1655 3799 ct
1672 3754 1741 3799 rma·

134 3832 242 3896 dantia,
257 3830 286 3883 id
301 3835 353 3896 est,
368 3830 416 3901 qui
429 3846 509 3884 suam
523 3831 695 3886 voluntatem
710 3836 843 3902 operatur
857 3832 886 3887 in
902 3833 933 3887 li·
973 3834 1035 3887 darc
1048 3834 1111 3899 fecit
1125 3836 1157 3887 in
1170 3833 1318 3889 celestibus
1331 3835 1364 3887 in
1376 3833 1495 3900 Christo,
1511 3832 1540 3889 id
1556 3840 1600 3889 est
1613 3833 1740 3906 periano

134 3920 179 3974 liis
193 3918 366 3981 diffidentiae,
383 3920 435 3974 hoc
448 3920 530 3974 estin
545 3920 661 3991 paganis
667 3925 696 3974 et
703 3920 840 3975 haereticis
848 3927 932 3994 atque
973 3921 1127 3976 Christum.
1143 3922 1203 3976 lloc
1211 3920 1361 3992 dupliciter
1369 3925 1464 3992 potest
1476 3922 1606 3993 intelligi.
1620 3923 1742 4003 θυεμ·-

133 4008 249 4074 iudeis,
265 4009 312 4080 qui
326 4009 408 4063 tidem
420 4015 525 4064 rectam
542 4015 570 4063 et
585 4010 736 4080 perfectam
751 4026 807 4064 non
817 4009 931 4066 habent.
973 4010 1077 4076 citavit,
1086 4009 1113 4063 id
1127 4013 1170 4064 est
1183 4009 1266 4080 simul
1279 4008 1457 4065 resuscitarit
1472 4025 1536 4065 cum
1552 4006 1742 4075 Christoiubap*

135 4099 194 4152 Hoc
208 4097 295 4151 distat
309 4097 384 4151 iuter
396 4097 529 4152 delictum
550 4103 579 4151 et
598 4106 754 4168 praeratum,
772 4099 839 4169 quia
861 4100 933 4155 deli·
973 4099 1067 4162 tismo‚
1078 4098 1200 4168 quando,
1210 4097 1597 4168 verbigratia‚descendimas
1609 4100 1637 4154 in
1650 4099 1740 4155 ronta.

134 4191 210 4240 ctum
225 4191 420 4256 perpetramus
434 4186 546 4257 quando
557 4202 591 4240 eu
602 4187 759 4243 omittimus
773 4204 836 4259 quae
851 4189 931 4244 nobis
972 4192 1001 4242 et
1016 4186 1121 4241 mortui
1135 4202 1233 4242 sumus
1243 4191 1357 4257 pacem
1364 4185 1413 4251 ibi,
1422 4186 1495 4243 sicut
1504 4188 1632 4244 Christus
1640 4190 1741 4243 mourut

133 4291 152 4328 a
163 4274 222 4327 Deo
239 4272 439 4342 praecipiuntur
457 4273 585 4342 implere,
602 4279 634 4327 ut
653 4280 696 4329 est
709 4275 779 4330 illud
795 4294 801 4329 :
818 4277 929 4344 Diliges,
940 4282 1016 4375 Dm
1028 4276 1058 4330 in
1072 4292 1163 4340 eruco,
1178 4281 1207 4331 et
1220 4275 1364 4346 depositus
1383 4275 1470 4330 estin
1484 4277 1653 4349 sepulerum,
1666 4280 1689 4332 et
1701 4282 1740 4328 aa·

132 4363 294 4430 pronianum
311 4364 390 4412 trium
405 4362 475 4413 sicut
489 4363 603 4427 teipsum
620 4362 931 4431 tdlotllr.11xl.Quundo
972 4364 1218 4420 resurreximusde
1233 4368 1324 4418 morte
1339 4364 1375 4418 ad
1387 4363 1483 4430 ritem,
1495 4365 1530 4419 de
1544 4354 1740 4421 immunitati

133 4448 214 4503 illum
227 4462 283 4502 non
296 4447 449 4517 diligimus,
471 4454 500 4501 et
521 4464 577 4502 aon
598 4449 769 4505 honoramus
789 4458 928 4523 parentes,
972 4452 1740 4525 innocentiam,procedentesdeiontepuritlcatietmua·

132 4535 752 4608 tanedelinquimus.Undediciturdelictum,
765 4540 930 4610 quasidcre·
971 4544 1030 4598 dati
1051 4543 1086 4598 ab
1101 4542 1231 4597 omnibus
1244 4541 1364 4612 peccatis
1378 4541 1451 4597 sicut
1468 4541 1596 4597 thristus
1615 4535 1740 4598 resonari*

133 4630 242 4686 lictum.
258 4629 407 4683 Peccatum
424 4643 487 4682 vero
500 4631 552 4694 est,
569 4628 680 4698 quando
694 4628 762 4683 illud
776 4630 929 4700 perficitur,
972 4633 1006 4688 de
1019 4633 1156 4704 sepulcro,
1179 4636 1209 4685 et
1222 4630 1405 4685 consedemus
1416 4630 1477 4700 jem
1496 4630 1526 4685 in
1539 4630 1689 4687 ooelesdbus
1701 4634 1740 4698 ptr

131 4736 219 4792 equo
235 4719 312 4775 Deus
327 4717 459 4790 praeccpit
473 4716 633 4781 ohservari;
653 4717 728 4772 verbi
742 4718 844 4789 gratia,
860 4719 932 4774 sieut
972 4722 1056 4776 fidem
1072 4725 1102 4776 ct
1114 4734 1203 4791 spem,
1226 4719 1307 4789 juxta
1329 4718 1407 4790 quod¹
1421 4717 1551 4790 promisit
1564 4712 1741 4791 apostoliadi·

132 4815 176 4866 est
198 4825 203 4858 :
228 4810 288 4864 Non
312 4809 422 4874 occides,
452 4823 508 4861 nun
526 4807 697 4861 udrcllcrabis
718 4809 808 4875 (llcul.
823 4810 860 4875 v),
877 4810 928 4872 e'tc,
972 4825 1058 4863 cens:
1083 4809 1136 4873 Vos,
1158 4806 1259 4878 inquit,
1281 4807 1404 4860 salcbitis
1426 4821 1509 4875 super
1533 4808 1604 4862 sedes
1623 4803 1740 4861 duclla*

133 4899 224 4954 Aliter
243 4914 249 4950 :
272 4897 410 4952 Delictum
426 4901 469 4952 est
490 4897 518 4950 in
535 4894 713 4967 cogitatione,
738 4901 882 4966 peccatum
902 4896 930 4952 in
973 4898 1077 4964 (illut-th.
1096 4900 1161 4964 xlx).
1177 4896 1249 4950 Nam
1265 4895 1376 4965 quando
1391 4895 1542 4966 Apostolus
1558 4895 1613 4951 ista
1630 4889 1740 4967 loqueba·

132 4987 303 5056 operatione.
316 4986 405 5040 iudai
417 5003 483 5056 ergo
498 4991 527 5040 et
541 4986 660 5057 gentiles
672 4985 776 5039 mortui
789 4990 871 5040 erant
884 4986 930 5041 de·
970 4992 1026 5051 tur,
1046 4986 1075 5040 in
1096 5001 1208 5040 carcere
1221 4992 1283 5038 crat
1297 4983 1415 5054 positus,
1430 4990 1459 5038 et
1472 4987 1570 5039 tamen
1583 5001 1647 5040 cum
1660 4976 1741 5038 ulnas

133 5073 206 5127 lictis
221 5080 250 5127 et
263 5073 393 5143 peccatis.
410 5075 475 5144 quia
496 5075 590 5129 anima
610 5091 672 5146 quae
686 5075 849 5146 peccaverit,
868 5075 929 5145 ipse
969 5074 1036 5129 talia
1050 5073 1159 5128 dicehat
1173 5084 1181 5119 ε
1196 5088 1346 5145 possumus
1367 5077 1395 5126 et
1418 5072 1503 5128 aliter
1515 5064 1743 5145 intelligeremur

133 5162 278 5219 morietur.
292 5177 348 5214 non
363 5177 414 5230 per
427 5162 621 5229 substantiam,
639 5165 686 5218 sed
702 5170 825 5235 peccato,
842 5181 928 5235 prop·
968 5165 1077 5235 pientes
1090 5161 1264 5234 praeteritum
1276 5166 1388 5232 tempus
1402 5161 1572 5233 profuturo,
1590 5163 1643 5217 hoc
1656 5156 1740 5251 modo}

132 5258 178 5307 ter
193 5249 268 5321 quod
279 5249 412 5303 recedita
426 5250 482 5303 Deo
491 5251 537 5321 qui
548 5234 591 5307 cst
600 5253 657 5307 rita
667 5254 777 5311 animae.
794 5255 865 5308 Nam
877 5253 928 5307 sic·
968 5249 1205 5306 Conresuscitarit
1217 5266 1268 5304 nos
1280 5249 1354 5305 Deus
1366 5249 1448 5304 Pater
1460 5250 1671 5321 perpotentiam
1681 5241 1743 5301 verbi

132 5339 928 5409 utmoriturcorpusrecedenteanima,itamorituranima
968 5341 1022 5407 eui,
1038 5341 1068 5394 in
1082 5339 1128 5394 die
1135 5338 1244 5409 judicii,
1262 5344 1291 5394 et
1304 5339 1456 5393 consedere
1469 5338 1592 5394 iacietin
1605 5334 1740 5395 calatin

130 5431 279 5490 recedente
290 5428 357 5482 Deo.
369 5427 448 5490 Quod
463 5434 558 5483 autem
573 5429 640 5485 dicit
652 5435 684 5487 in
698 5434 807 5502 quibus,
822 5431 928 5487 subau-
968 5447 1018 5502 por
1040 5430 1184 5485 Christum
1208 5430 1313 5484 lesum.
1330 5427 1484 5484 motabilis
1502 5435 1548 5484 est
1568 5429 1626 5485 ista
1638 5424 1740 5489 amoto.

127 5523 173 5609 ptis
187 5519 296 5581 delictis
306 5521 336 5577 et
346 5516 481 5594 peccatis,
493 5517 642 5593 aliquando
656 5519 820 5581 ambulastis
835 5520 927 5595 ,blan·
968 5520 1035 5601 quia
1048 5521 1125 5580 Deus
1138 5519 1223 5581 Pater
1245 5534 1303 5583 nou
1321 5518 1414 5579 solum
1425 5533 1479 5598 pro
1491 5518 1592 5597 tastu,
1609 5518 1663 5581 sou
1674 5514 1742 5583 llil!
