<?xml version="1.0" encoding="UTF-8"?>
<!DOCTYPE html PUBLIC "-//W3C//DTD XHTML 1.0 Transitional//EN"
    "http://www.w3.org/TR/xhtml1/DTD/xhtml1-transitional.dtd">
<html xmlns="http://www.w3.org/1999/xhtml" xml:lang="en" lang="en">
 <head>
  <title>
</title>
<meta http-equiv="Content-Type" content="text/html;charset=utf-8" />
  <meta name='ocr-system' content='tesseract 3.04.00' />
  <meta name='ocr-capabilities' content='ocr_page ocr_carea ocr_par ocr_line ocrx_word'/>
</head>
<body>
  <div class='ocr_page' id='page_1' title='image "./patrologiaecurs31unkngoog_0031.png"; bbox 0 0 3818 6104; ppageno 0'>
   <div class='ocr_carea' id='block_1_1' title="bbox 135 307 1771 394">
    <p class='ocr_par' dir='ltr' id='par_1_1' title="bbox 135 307 1771 394">
     <span class='ocr_line' id='line_1_1' title="bbox 135 307 1771 394; baseline -0.003 -4"><span class='ocrx_word' id='word_1_1' title='bbox 135 322 167 391; x_wconf 69' lang='lat'>51</span> <span class='ocrx_word' id='word_1_2' title='bbox 356 307 939 394; x_wconf 74' lang='lat' dir='ltr'>thnomstmtssnns&#39;mr.al&gt;1sc.</span> <span class='ocrx_word' id='word_1_3' title='bbox 959 326 1038 384; x_wconf 82' lang='lat' dir='ltr'>OPP.</span> <span class='ocrx_word' id='word_1_4' title='bbox 1055 326 1147 381; x_wconf 81' lang='lat' dir='ltr'><strong>PARS</strong></span> <span class='ocrx_word' id='word_1_5' title='bbox 1160 327 1182 382; x_wconf 89' lang='grc' dir='ltr'>Ι.</span> <span class='ocrx_word' id='word_1_6' title='bbox 1200 355 1233 367; x_wconf 91' lang='grc'><strong>-</strong></span> <span class='ocrx_word' id='word_1_7' title='bbox 1249 325 1433 387; x_wconf 75' lang='grc' dir='ltr'>ΟΟΜΜΕΝΤ.</span> <span class='ocrx_word' id='word_1_8' title='bbox 1453 327 1545 384; x_wconf 78' lang='lat' dir='ltr'>elan.</span> <span class='ocrx_word' id='word_1_9' title='bbox 1586 373 1589 379; x_wconf 96' lang='lat'>.</span> <span class='ocrx_word' id='word_1_10' title='bbox 1738 329 1771 385; x_wconf 73' lang='lat'>52</span> 
     </span>
    </p>
   </div>
   <div class='ocr_carea' id='block_1_2' title="bbox 105 450 1772 5667">
    <p class='ocr_par' dir='ltr' id='par_1_2' title="bbox 105 450 1772 5667">
     <span class='ocr_line' id='line_1_2' title="bbox 130 450 1771 527; baseline 0.002 -21"><span class='ocrx_word' id='word_1_11' title='bbox 130 452 309 508; x_wconf 81' lang='lat' dir='ltr'>sacerdotum</span> <span class='ocrx_word' id='word_1_12' title='bbox 336 453 365 508; x_wconf 91' lang='lat' dir='ltr'>in</span> <span class='ocrx_word' id='word_1_13' title='bbox 392 455 437 509; x_wconf 84' lang='lat' dir='ltr'>via</span> <span class='ocrx_word' id='word_1_14' title='bbox 461 455 689 510; x_wconf 70' lang='lat' dir='ltr'>interficientium</span> <span class='ocrx_word' id='word_1_15' title='bbox 718 460 866 527; x_wconf 81' lang='lat' dir='ltr'>pergentes</span> <span class='ocrx_word' id='word_1_16' title='bbox 892 451 1111 515; x_wconf 82' lang='lat' dir='ltr'>deAsnbaudis,</span> <span class='ocrx_word' id='word_1_17' title='bbox 1129 450 1244 507; x_wconf 81' lang='lat' dir='ltr'>ridebis.</span> <span class='ocrx_word' id='word_1_18' title='bbox 1260 451 1413 522; x_wconf 89' lang='lat' dir='ltr'>Impletum</span> <span class='ocrx_word' id='word_1_19' title='bbox 1428 454 1690 527; x_wconf 84' lang='lat' dir='ltr'>esthoosubCyro</span> <span class='ocrx_word' id='word_1_20' title='bbox 1705 471 1771 525; x_wconf 86' lang='lat' dir='ltr'>roge</span> 
     </span>
     <span class='ocr_line' id='line_1_3' title="bbox 133 539 1771 611; baseline 0.001 -15"><span class='ocrx_word' id='word_1_21' title='bbox 133 539 257 598; x_wconf 67' lang='lat' dir='ltr'>sichem.</span> <span class='ocrx_word' id='word_1_22' title='bbox 280 543 418 597; x_wconf 68' lang='lat' dir='ltr'>»sichem</span> <span class='ocrx_word' id='word_1_23' title='bbox 447 543 543 598; x_wconf 78' lang='lat' dir='ltr'>civitas</span> <span class='ocrx_word' id='word_1_24' title='bbox 566 551 610 598; x_wconf 85' lang='lat' dir='ltr'>est</span> <span class='ocrx_word' id='word_1_25' title='bbox 635 544 664 597; x_wconf 89' lang='lat' dir='ltr'>in</span> <span class='ocrx_word' id='word_1_26' title='bbox 686 545 806 599; x_wconf 81' lang='lat' dir='ltr'>confinio</span> <span class='ocrx_word' id='word_1_27' title='bbox 833 545 929 599; x_wconf 88' lang='lat' dir='ltr'>decem</span> <span class='ocrx_word' id='word_1_28' title='bbox 970 541 1134 604; x_wconf 86' lang='lat' dir='ltr'>Persarum,</span> <span class='ocrx_word' id='word_1_29' title='bbox 1156 540 1269 610; x_wconf 86' lang='lat' dir='ltr'>quando</span> <span class='ocrx_word' id='word_1_30' title='bbox 1292 558 1342 611; x_wconf 90' lang='lat' dir='ltr'>per</span> <span class='ocrx_word' id='word_1_31' title='bbox 1354 557 1469 597; x_wconf 91' lang='lat' dir='ltr'>manum</span> <span class='ocrx_word' id='word_1_32' title='bbox 1485 543 1637 598; x_wconf 87' lang='lat' dir='ltr'>Zorobabel</span> <span class='ocrx_word' id='word_1_33' title='bbox 1660 544 1771 599; x_wconf 82' lang='lat' dir='ltr'>etlesu</span> 
     </span>
     <span class='ocr_line' id='line_1_4' title="bbox 132 629 1769 704; baseline 0.001 -20"><span class='ocrx_word' id='word_1_34' title='bbox 132 629 258 693; x_wconf 84' lang='lat' dir='ltr'>tribuum</span> <span class='ocrx_word' id='word_1_35' title='bbox 274 636 303 685; x_wconf 87' lang='lat' dir='ltr'>et</span> <span class='ocrx_word' id='word_1_36' title='bbox 315 631 513 703; x_wconf 69' lang='lat' dir='ltr'>duarumque</span> <span class='ocrx_word' id='word_1_37' title='bbox 525 632 608 687; x_wconf 91' lang='lat' dir='ltr'>hodia</span> <span class='ocrx_word' id='word_1_38' title='bbox 619 633 751 703; x_wconf 78' lang='lat' dir='ltr'>Neapolis</span> <span class='ocrx_word' id='word_1_39' title='bbox 760 634 927 704; x_wconf 88' lang='lat' dir='ltr'>appellatur,</span> <span class='ocrx_word' id='word_1_40' title='bbox 970 635 1055 698; x_wconf 90' lang='lat' dir='ltr'>atque</span> <span class='ocrx_word' id='word_1_41' title='bbox 1065 629 1211 695; x_wconf 88' lang='lat' dir='ltr'>Nehemla,</span> <span class='ocrx_word' id='word_1_42' title='bbox 1222 630 1399 685; x_wconf 81' lang='lat' dir='ltr'>resemisunt</span> <span class='ocrx_word' id='word_1_43' title='bbox 1413 631 1501 687; x_wconf 78' lang='lat' dir='ltr'>ludaei</span> <span class='ocrx_word' id='word_1_44' title='bbox 1515 632 1545 686; x_wconf 91' lang='lat' dir='ltr'>in</span> <span class='ocrx_word' id='word_1_45' title='bbox 1560 638 1665 688; x_wconf 83' lang='lat' dir='ltr'>terrum</span> <span class='ocrx_word' id='word_1_46' title='bbox 1678 649 1769 698; x_wconf 87' lang='lat' dir='ltr'>suam,</span> 
     </span>
     <span class='ocr_line' id='line_1_5' title="bbox 135 717 1772 790; baseline 0.001 -18"><span class='ocrx_word' id='word_1_47' title='bbox 135 718 210 773; x_wconf 87' lang='lat' dir='ltr'>unde</span> <span class='ocrx_word' id='word_1_48' title='bbox 224 720 362 774; x_wconf 78' lang='lat' dir='ltr'><strong>transitus</strong></span> <span class='ocrx_word' id='word_1_49' title='bbox 376 725 438 774; x_wconf 90' lang='lat' dir='ltr'>erat</span> <span class='ocrx_word' id='word_1_50' title='bbox 461 721 596 774; x_wconf 71' lang='lat' dir='ltr'>Israelitis</span> <span class='ocrx_word' id='word_1_51' title='bbox 622 721 651 774; x_wconf 93' lang='lat' dir='ltr'>in</span> <span class='ocrx_word' id='word_1_52' title='bbox 675 721 862 787; x_wconf 78' lang='lat' dir='ltr'>Hierusalem,</span> <span class='ocrx_word' id='word_1_53' title='bbox 882 722 929 776; x_wconf 91' lang='lat' dir='ltr'>ubi</span> <span class='ocrx_word' id='word_1_54' title='bbox 971 717 1129 773; x_wconf 83' lang='lat' dir='ltr'>ridentibus</span> <span class='ocrx_word' id='word_1_55' title='bbox 1148 718 1254 782; x_wconf 88' lang='lat' dir='ltr'>multis,</span> <span class='ocrx_word' id='word_1_56' title='bbox 1286 734 1405 788; x_wconf 92' lang='lat' dir='ltr'>quorum</span> <span class='ocrx_word' id='word_1_57' title='bbox 1421 724 1548 790; x_wconf 84' lang='lat' dir='ltr'>ternpore</span> <span class='ocrx_word' id='word_1_58' title='bbox 1570 720 1670 777; x_wconf 89' lang='lat' dir='ltr'>eadem</span> <span class='ocrx_word' id='word_1_59' title='bbox 1698 720 1772 775; x_wconf 81' lang='lat' dir='ltr'>fecte</span> 
     </span>
     <span class='ocr_line' id='line_1_6' title="bbox 133 805 1772 880; baseline 0.002 -18"><span class='ocrx_word' id='word_1_60' title='bbox 133 805 310 863; x_wconf 74' lang='lat' dir='ltr'>solummodo</span> <span class='ocrx_word' id='word_1_61' title='bbox 324 808 426 864; x_wconf 80' lang='lat' dir='ltr'>licebat</span> <span class='ocrx_word' id='word_1_62' title='bbox 444 809 571 863; x_wconf 86' lang='lat' dir='ltr'>victimas</span> <span class='ocrx_word' id='word_1_63' title='bbox 587 809 738 865; x_wconf 87' lang='lat' dir='ltr'>immolari.</span> <span class='ocrx_word' id='word_1_64' title='bbox 752 810 853 866; x_wconf 79' lang='lat' dir='ltr'>Tribus</span> <span class='ocrx_word' id='word_1_65' title='bbox 864 827 930 880; x_wconf 89' lang='lat' dir='ltr'>ergo</span> <span class='ocrx_word' id='word_1_66' title='bbox 970 805 1064 861; x_wconf 86' lang='lat' dir='ltr'>suerat</span> <span class='ocrx_word' id='word_1_67' title='bbox 1077 806 1235 877; x_wconf 82' lang='lat' dir='ltr'>captivitas,</span> <span class='ocrx_word' id='word_1_68' title='bbox 1251 806 1299 876; x_wconf 89' lang='lat' dir='ltr'>qui</span> <span class='ocrx_word' id='word_1_69' title='bbox 1315 807 1440 862; x_wconf 84' lang='lat' dir='ltr'>videntes</span> <span class='ocrx_word' id='word_1_70' title='bbox 1455 808 1569 865; x_wconf 90' lang='lat' dir='ltr'>illorum</span> <span class='ocrx_word' id='word_1_71' title='bbox 1583 809 1772 864; x_wconf 76' lang='lat' dir='ltr'>reversionem</span> 
     </span>
     <span class='ocr_line' id='line_1_7' title="bbox 132 894 1772 970; baseline -0.002 -16"><span class='ocrx_word' id='word_1_72' title='bbox 132 895 317 967; x_wconf 76' lang='lat' dir='ltr'>temporibus,</span> <span class='ocrx_word' id='word_1_73' title='bbox 343 897 444 968; x_wconf 87' lang='lat' dir='ltr'>quibus</span> <span class='ocrx_word' id='word_1_74' title='bbox 468 898 624 953; x_wconf 84' lang='lat' dir='ltr'>secundum</span> <span class='ocrx_word' id='word_1_75' title='bbox 659 899 730 969; x_wconf 89' lang='lat' dir='ltr'>legis</span> <span class='ocrx_word' id='word_1_76' title='bbox 759 905 931 970; x_wconf 70' lang='lat' dir='ltr'>proseptum</span> <span class='ocrx_word' id='word_1_77' title='bbox 972 894 1090 964; x_wconf 83' lang='lat' dir='ltr'>quincti</span> <span class='ocrx_word' id='word_1_78' title='bbox 1103 894 1215 947; x_wconf 86' lang='lat' dir='ltr'>fuerant</span> <span class='ocrx_word' id='word_1_79' title='bbox 1233 895 1262 947; x_wconf 81' lang='lat' dir='ltr'>in</span> <span class='ocrx_word' id='word_1_80' title='bbox 1279 894 1419 960; x_wconf 80' lang='lat' dir='ltr'>cnoldaea,</span> <span class='ocrx_word' id='word_1_81' title='bbox 1434 895 1541 966; x_wconf 82' lang='lat' dir='ltr'>pariter</span> <span class='ocrx_word' id='word_1_82' title='bbox 1558 912 1622 951; x_wconf 88' lang='lat' dir='ltr'>cum</span> <span class='ocrx_word' id='word_1_83' title='bbox 1643 897 1714 968; x_wconf 84' lang='lat' dir='ltr'>ipsis</span> <span class='ocrx_word' id='word_1_84' title='bbox 1725 912 1772 951; x_wconf 85' lang='lat' dir='ltr'>re·</span> 
     </span>
     <span class='ocr_line' id='line_1_8' title="bbox 132 982 1772 1056; baseline -0.001 -17"><span class='ocrx_word' id='word_1_85' title='bbox 132 985 254 1056; x_wconf 81' lang='lat' dir='ltr'>populus</span> <span class='ocrx_word' id='word_1_86' title='bbox 267 985 303 1039; x_wconf 92' lang='lat' dir='ltr'>ad</span> <span class='ocrx_word' id='word_1_87' title='bbox 322 985 373 1039; x_wconf 85' lang='lat' dir='ltr'>Dei</span> <span class='ocrx_word' id='word_1_88' title='bbox 387 987 524 1056; x_wconf 89' lang='lat' dir='ltr'>templum</span> <span class='ocrx_word' id='word_1_89' title='bbox 537 987 687 1042; x_wconf 87' lang='lat' dir='ltr'>ascendero</span> <span class='ocrx_word' id='word_1_90' title='bbox 702 987 829 1052; x_wconf 85' lang='lat' dir='ltr'>debebat,</span> <span class='ocrx_word' id='word_1_91' title='bbox 842 1004 931 1042; x_wconf 86' lang='lat' dir='ltr'>sacer·</span> <span class='ocrx_word' id='word_1_92' title='bbox 971 982 1044 1036; x_wconf 73' lang='lat' dir='ltr'>versi</span> <span class='ocrx_word' id='word_1_93' title='bbox 1055 987 1130 1035; x_wconf 90' lang='lat' dir='ltr'>sunt.</span> <span class='ocrx_word' id='word_1_94' title='bbox 1146 982 1221 1035; x_wconf 87' lang='lat' dir='ltr'>Nota</span> <span class='ocrx_word' id='word_1_95' title='bbox 1233 987 1328 1036; x_wconf 86' lang='lat' dir='ltr'>autem</span> <span class='ocrx_word' id='word_1_96' title='bbox 1343 982 1417 1053; x_wconf 92' lang='lat' dir='ltr'>quod</span> <span class='ocrx_word' id='word_1_97' title='bbox 1436 983 1451 1038; x_wconf 86' lang='lat' dir='ltr'>J</span> <span class='ocrx_word' id='word_1_98' title='bbox 1454 983 1516 1041; x_wconf 84' lang='lat' dir='ltr'>udae</span> <span class='ocrx_word' id='word_1_99' title='bbox 1528 983 1675 1055; x_wconf 83' lang='lat' dir='ltr'>captivitas</span> <span class='ocrx_word' id='word_1_100' title='bbox 1687 991 1772 1039; x_wconf 85' lang='lat' dir='ltr'>etre-</span> 
     </span>
     <span class='ocr_line' id='line_1_9' title="bbox 132 1071 1772 1147; baseline 0.001 -20"><span class='ocrx_word' id='word_1_101' title='bbox 132 1072 214 1127; x_wconf 77' lang='lat' dir='ltr'>dotes</span> <span class='ocrx_word' id='word_1_102' title='bbox 234 1071 372 1127; x_wconf 84' lang='lat' dir='ltr'>idolorum</span> <span class='ocrx_word' id='word_1_103' title='bbox 398 1073 541 1144; x_wconf 88' lang='lat' dir='ltr'>ponebant</span> <span class='ocrx_word' id='word_1_104' title='bbox 554 1074 583 1129; x_wconf 93' lang='lat' dir='ltr'>in</span> <span class='ocrx_word' id='word_1_105' title='bbox 611 1075 713 1130; x_wconf 86' lang='lat' dir='ltr'>itinere</span> <span class='ocrx_word' id='word_1_106' title='bbox 733 1077 867 1142; x_wconf 88' lang='lat' dir='ltr'>latrones,</span> <span class='ocrx_word' id='word_1_107' title='bbox 882 1076 930 1147; x_wconf 93' lang='lat' dir='ltr'>qui</span> <span class='ocrx_word' id='word_1_108' title='bbox 970 1071 1078 1140; x_wconf 77' lang='lat' dir='ltr'>gressio</span> <span class='ocrx_word' id='word_1_109' title='bbox 1092 1071 1411 1140; x_wconf 86' lang='lat' dir='ltr'>periterprophetetur;</span> <span class='ocrx_word' id='word_1_110' title='bbox 1442 1071 1477 1126; x_wconf 86' lang='lat' dir='ltr'>de</span> <span class='ocrx_word' id='word_1_111' title='bbox 1492 1073 1687 1128; x_wconf 82' lang='lat' dir='ltr'>lsraelautcm</span> <span class='ocrx_word' id='word_1_112' title='bbox 1700 1072 1772 1128; x_wconf 85' lang='lat' dir='ltr'>nihil</span> 
     </span>
     <span class='ocr_line' id='line_1_10' title="bbox 133 1158 1772 1234; baseline 0.002 -22"><span class='ocrx_word' id='word_1_113' title='bbox 133 1160 336 1216; x_wconf 78' lang='lat' dir='ltr'>insidiarentur</span> <span class='ocrx_word' id='word_1_114' title='bbox 351 1161 541 1232; x_wconf 78' lang='lat' dir='ltr'>pergentibus,</span> <span class='ocrx_word' id='word_1_115' title='bbox 557 1168 590 1217; x_wconf 86' lang='lat' dir='ltr'>ut</span> <span class='ocrx_word' id='word_1_116' title='bbox 603 1163 694 1234; x_wconf 75' lang='lat' dir='ltr'>magis</span> <span class='ocrx_word' id='word_1_117' title='bbox 715 1164 816 1219; x_wconf 80' lang='lat' dir='ltr'>vitulos</span> <span class='ocrx_word' id='word_1_118' title='bbox 830 1181 931 1219; x_wconf 73' lang='lat' dir='ltr'>aureos</span> <span class='ocrx_word' id='word_1_119' title='bbox 971 1159 1084 1224; x_wconf 87' lang='lat' dir='ltr'>dicitur,</span> <span class='ocrx_word' id='word_1_120' title='bbox 1096 1159 1164 1230; x_wconf 88' lang='lat' dir='ltr'>quie</span> <span class='ocrx_word' id='word_1_121' title='bbox 1179 1158 1306 1213; x_wconf 76' lang='lat' dir='ltr'>videlicet</span> <span class='ocrx_word' id='word_1_122' title='bbox 1320 1160 1382 1215; x_wconf 89' lang='lat' dir='ltr'>istis</span> <span class='ocrx_word' id='word_1_123' title='bbox 1402 1166 1465 1231; x_wconf 88' lang='lat' dir='ltr'>post</span> <span class='ocrx_word' id='word_1_124' title='bbox 1483 1162 1664 1231; x_wconf 78' lang='lat' dir='ltr'>septuaginta</span> <span class='ocrx_word' id='word_1_125' title='bbox 1682 1177 1772 1216; x_wconf 89' lang='lat' dir='ltr'>annos</span> 
     </span>
     <span class='ocr_line' id='line_1_11' title="bbox 131 1247 1771 1321; baseline -0.001 -17"><span class='ocrx_word' id='word_1_126' title='bbox 131 1248 237 1304; x_wconf 86' lang='lat' dir='ltr'>inDeh</span> <span class='ocrx_word' id='word_1_127' title='bbox 251 1255 280 1304; x_wconf 89' lang='lat' dir='ltr'>et</span> <span class='ocrx_word' id='word_1_128' title='bbox 293 1250 321 1304; x_wconf 92' lang='lat' dir='ltr'>ln</span> <span class='ocrx_word' id='word_1_129' title='bbox 337 1250 436 1304; x_wconf 87' lang='lat' dir='ltr'>Bethel</span> <span class='ocrx_word' id='word_1_130' title='bbox 456 1267 540 1321; x_wconf 86' lang='lat' dir='ltr'>quem</span> <span class='ocrx_word' id='word_1_131' title='bbox 561 1251 710 1307; x_wconf 87' lang='lat' dir='ltr'>Dominum</span> <span class='ocrx_word' id='word_1_132' title='bbox 737 1253 888 1307; x_wconf 77' lang='lat' dir='ltr'>adorarent</span> <span class='ocrx_word' id='word_1_133' title='bbox 900 1255 931 1309; x_wconf 77' lang='lat' dir='ltr'>in</span> <span class='ocrx_word' id='word_1_134' title='bbox 969 1247 1231 1311; x_wconf 88' lang='lat' dir='ltr'>revertentibus,illi</span> <span class='ocrx_word' id='word_1_135' title='bbox 1239 1252 1375 1317; x_wconf 89' lang='lat' dir='ltr'>perpetuo</span> <span class='ocrx_word' id='word_1_136' title='bbox 1385 1263 1513 1303; x_wconf 85' lang='lat' dir='ltr'>nransere</span> <span class='ocrx_word' id='word_1_137' title='bbox 1522 1249 1632 1319; x_wconf 89' lang='lat' dir='ltr'>captivi.</span> <span class='ocrx_word' id='word_1_138' title='bbox 1646 1251 1677 1309; x_wconf 89' lang='lat' dir='ltr'>ln</span> <span class='ocrx_word' id='word_1_139' title='bbox 1686 1250 1771 1308; x_wconf 88' lang='lat' dir='ltr'>domo</span> 
     </span>
     <span class='ocr_line' id='line_1_12' title="bbox 134 1335 1771 1413; baseline -0.002 -17"><span class='ocrx_word' id='word_1_140' title='bbox 134 1340 327 1406; x_wconf 75' lang='lat' dir='ltr'>llieritsalemr</span> <span class='ocrx_word' id='word_1_141' title='bbox 341 1343 371 1394; x_wconf 88' lang='lat' dir='ltr'>at</span> <span class='ocrx_word' id='word_1_142' title='bbox 385 1357 455 1411; x_wconf 85' lang='lat' dir='ltr'>quos</span> <span class='ocrx_word' id='word_1_143' title='bbox 468 1352 664 1394; x_wconf 86' lang='lat' dir='ltr'>revocarenon</span> <span class='ocrx_word' id='word_1_144' title='bbox 677 1345 818 1413; x_wconf 83' lang='lat' dir='ltr'>poterent,</span> <span class='ocrx_word' id='word_1_145' title='bbox 842 1345 870 1398; x_wconf 87' lang='lat' dir='ltr'>in</span> <span class='ocrx_word' id='word_1_146' title='bbox 887 1360 931 1398; x_wconf 71' lang='lat' dir='ltr'>en.</span> <span class='ocrx_word' id='word_1_147' title='bbox 971 1352 1082 1407; x_wconf 89' lang='lat' dir='ltr'>quoque</span> <span class='ocrx_word' id='word_1_148' title='bbox 1100 1335 1298 1391; x_wconf 69' lang='lat' dir='ltr'>hereticorum</span> <span class='ocrx_word' id='word_1_149' title='bbox 1319 1337 1491 1391; x_wconf 89' lang='lat' dir='ltr'>horrendum</span> <span class='ocrx_word' id='word_1_150' title='bbox 1506 1343 1633 1408; x_wconf 85' lang='lat' dir='ltr'>apparet,</span> <span class='ocrx_word' id='word_1_151' title='bbox 1657 1339 1771 1408; x_wconf 89' lang='lat' dir='ltr'>quando</span> 
     </span>
     <span class='ocr_line' id='line_1_13' title="bbox 134 1425 1769 1503; baseline -0.002 -19"><span class='ocrx_word' id='word_1_152' title='bbox 134 1430 200 1484; x_wconf 85' lang='lat' dir='ltr'>dem</span> <span class='ocrx_word' id='word_1_153' title='bbox 221 1427 494 1482; x_wconf 81' lang='lat' dir='ltr'>uiainterticiebant.</span> <span class='ocrx_word' id='word_1_154' title='bbox 515 1430 639 1493; x_wconf 90' lang='lat' dir='ltr'>Quorum</span> <span class='ocrx_word' id='word_1_155' title='bbox 654 1431 832 1485; x_wconf 83' lang='lat' dir='ltr'>sacerdotum</span> <span class='ocrx_word' id='word_1_156' title='bbox 846 1433 931 1503; x_wconf 76' lang='lat' dir='ltr'>parti.</span> <span class='ocrx_word' id='word_1_157' title='bbox 971 1425 1201 1494; x_wconf 79' lang='lat' dir='ltr'>dogmateprere</span> <span class='ocrx_word' id='word_1_158' title='bbox 1216 1425 1358 1492; x_wconf 83' lang='lat' dir='ltr'>sectando,</span> <span class='ocrx_word' id='word_1_159' title='bbox 1373 1426 1446 1478; x_wconf 88' lang='lat' dir='ltr'>rnals</span> <span class='ocrx_word' id='word_1_160' title='bbox 1461 1427 1618 1480; x_wconf 83' lang='lat' dir='ltr'>daChristo</span> <span class='ocrx_word' id='word_1_161' title='bbox 1632 1427 1769 1493; x_wconf 85' lang='lat' dir='ltr'>sentiunt,</span> 
     </span>
     <span class='ocr_line' id='line_1_14' title="bbox 135 1512 1770 1591; baseline 0.003 -27"><span class='ocrx_word' id='word_1_162' title='bbox 135 1534 200 1588; x_wconf 66' lang='lat' dir='ltr'>ceps</span> <span class='ocrx_word' id='word_1_163' title='bbox 211 1523 274 1571; x_wconf 66' lang='lat' dir='ltr'>eras</span> <span class='ocrx_word' id='word_1_164' title='bbox 287 1516 404 1581; x_wconf 68' lang='lat' dir='ltr'>(laland,</span> <span class='ocrx_word' id='word_1_165' title='bbox 421 1517 486 1587; x_wconf 75' lang='lat' dir='ltr'>quia</span> <span class='ocrx_word' id='word_1_166' title='bbox 496 1518 656 1572; x_wconf 67' lang='lat' dir='ltr'>sacerdotes</span> <span class='ocrx_word' id='word_1_167' title='bbox 671 1518 747 1573; x_wconf 69' lang='lat' dir='ltr'>imus</span> <span class='ocrx_word' id='word_1_168' title='bbox 761 1522 930 1591; x_wconf 61' lang='lat' dir='ltr'>conjuratio.</span> <span class='ocrx_word' id='word_1_169' title='bbox 972 1529 1092 1583; x_wconf 90' lang='lat' dir='ltr'>quorum</span> <span class='ocrx_word' id='word_1_170' title='bbox 1106 1515 1190 1567; x_wconf 89' lang='lat' dir='ltr'>ctiam</span> <span class='ocrx_word' id='word_1_171' title='bbox 1212 1512 1406 1569; x_wconf 81' lang='lat' dir='ltr'>fornicationis</span> <span class='ocrx_word' id='word_1_172' title='bbox 1420 1531 1515 1568; x_wconf 88' lang='lat' dir='ltr'>errore</span> <span class='ocrx_word' id='word_1_173' title='bbox 1530 1515 1651 1586; x_wconf 85' lang='lat' dir='ltr'>populus</span> <span class='ocrx_word' id='word_1_174' title='bbox 1669 1514 1706 1569; x_wconf 88' lang='lat' dir='ltr'>ab</span> <span class='ocrx_word' id='word_1_175' title='bbox 1730 1515 1770 1569; x_wconf 89' lang='lat' dir='ltr'>eis</span> 
     </span>
     <span class='ocr_line' id='line_1_15' title="bbox 135 1600 1770 1679; baseline 0.004 -18"><span class='ocrx_word' id='word_1_176' title='bbox 135 1622 200 1661; x_wconf 85' lang='lat' dir='ltr'>nem</span> <span class='ocrx_word' id='word_1_177' title='bbox 216 1611 244 1660; x_wconf 89' lang='lat' dir='ltr'>at</span> <span class='ocrx_word' id='word_1_178' title='bbox 256 1622 422 1660; x_wconf 86' lang='lat' dir='ltr'>consensum</span> <span class='ocrx_word' id='word_1_179' title='bbox 437 1606 563 1661; x_wconf 81' lang='lat' dir='ltr'>iecerunt</span> <span class='ocrx_word' id='word_1_180' title='bbox 577 1623 640 1661; x_wconf 92' lang='lat' dir='ltr'>cum</span> <span class='ocrx_word' id='word_1_181' title='bbox 654 1608 833 1679; x_wconf 86' lang='lat' dir='ltr'>supradictis,</span> <span class='ocrx_word' id='word_1_182' title='bbox 854 1610 931 1664; x_wconf 90' lang='lat' dir='ltr'>simi·</span> <span class='ocrx_word' id='word_1_183' title='bbox 971 1601 1103 1657; x_wconf 60' lang='lat' dir='ltr'>wduciul</span> <span class='ocrx_word' id='word_1_184' title='bbox 1125 1600 1294 1656; x_wconf 67' lang='lat' dir='ltr'>⁸0¹”didatl1s-</span> <span class='ocrx_word' id='word_1_185' title='bbox 1321 1600 1403 1657; x_wconf 70' lang='lat' dir='ltr'>Jfldae</span> <span class='ocrx_word' id='word_1_186' title='bbox 1426 1619 1548 1673; x_wconf 62' lang='lat' dir='ltr'>Uimque»</span> <span class='ocrx_word' id='word_1_187' title='bbox 1571 1604 1623 1661; x_wconf 73' lang='lat'><strong>¹1⁰⁰</strong></span> <span class='ocrx_word' id='word_1_188' title='bbox 1636 1609 1688 1668; x_wconf 66' lang='lat' dir='ltr'>esis</span> <span class='ocrx_word' id='word_1_189' title='bbox 1703 1603 1770 1658; x_wconf 66' lang='lat' dir='ltr'>Viris</span> 
     </span>
     <span class='ocr_line' id='line_1_16' title="bbox 105 1689 1769 1768; baseline 0.002 -18"><span class='ocrx_word' id='word_1_190' title='bbox 105 1695 317 1765; x_wconf 74' lang='lat' dir='ltr'>&#39;iterqusper</span> <span class='ocrx_word' id='word_1_191' title='bbox 330 1711 396 1748; x_wconf 74' lang='lat' dir='ltr'>suos</span> <span class='ocrx_word' id='word_1_192' title='bbox 410 1695 554 1749; x_wconf 77' lang='lat' dir='ltr'>ministros</span> <span class='ocrx_word' id='word_1_193' title='bbox 568 1695 932 1768; x_wconf 78' lang='lat' dir='ltr'>interficiebancpergontes</span> <span class='ocrx_word' id='word_1_194' title='bbox 973 1689 1167 1745; x_wconf 73' lang='lat' dir='ltr'>scelestarum</span> <span class='ocrx_word' id='word_1_195' title='bbox 1192 1689 1362 1762; x_wconf 72' lang='lat' dir='ltr'>precipitur,</span> <span class='ocrx_word' id='word_1_196' title='bbox 1392 1697 1424 1744; x_wconf 82' lang='lat' dir='ltr'>ur</span> <span class='ocrx_word' id='word_1_197' title='bbox 1457 1698 1617 1762; x_wconf 71' lang='lat' dir='ltr'>praeparant</span> <span class='ocrx_word' id='word_1_198' title='bbox 1648 1707 1769 1745; x_wconf 73' lang='lat' dir='ltr'>messem</span> 
     </span>
     <span class='ocr_line' id='line_1_17' title="bbox 133 1763 1768 1856; baseline 0.004 -20"><span class='ocrx_word' id='word_1_199' title='bbox 133 1782 163 1837; x_wconf 93' lang='lat' dir='ltr'>in</span> <span class='ocrx_word' id='word_1_200' title='bbox 178 1783 366 1837; x_wconf 84' lang='lat' dir='ltr'>Hierusalem.</span> <span class='ocrx_word' id='word_1_201' title='bbox 378 1783 456 1836; x_wconf 89' lang='lat' dir='ltr'>Unde</span> <span class='ocrx_word' id='word_1_202' title='bbox 471 1783 630 1853; x_wconf 65' lang='lat' dir='ltr'>aequitum«</span> <span class='ocrx_word' id='word_1_203' title='bbox 642 1784 707 1854; x_wconf 92' lang='lat' dir='ltr'>quia</span> <span class='ocrx_word' id='word_1_204' title='bbox 721 1786 811 1839; x_wconf 88' lang='lat' dir='ltr'>scelus</span> <span class='ocrx_word' id='word_1_205' title='bbox 825 1788 932 1856; x_wconf 87' lang='lat' dir='ltr'>operati</span> <span class='ocrx_word' id='word_1_206' title='bbox 941 1763 964 1823; x_wconf 76' lang='lat' dir='ltr'>B</span> <span class='ocrx_word' id='word_1_207' title='bbox 973 1778 1114 1839; x_wconf 62' lang='lat' dir='ltr'>sectionis.</span> <span class='ocrx_word' id='word_1_208' title='bbox 1126 1779 1248 1834; x_wconf 83' lang='lat' dir='ltr'>metendi</span> <span class='ocrx_word' id='word_1_209' title='bbox 1255 1785 1369 1849; x_wconf 83' lang='lat' dir='ltr'>propter</span> <span class='ocrx_word' id='word_1_210' title='bbox 1383 1786 1497 1849; x_wconf 84' lang='lat' dir='ltr'>peccata</span> <span class='ocrx_word' id='word_1_211' title='bbox 1506 1797 1557 1833; x_wconf 86' lang='lat' dir='ltr'>sue</span> <span class='ocrx_word' id='word_1_212' title='bbox 1571 1781 1600 1834; x_wconf 88' lang='lat' dir='ltr'>in</span> <span class='ocrx_word' id='word_1_213' title='bbox 1610 1779 1768 1851; x_wconf 74' lang='lat' dir='ltr'>disjudicit</span> 
     </span>
     <span class='ocr_line' id='line_1_18' title="bbox 122 1866 1771 1940; baseline 0.002 -15"><span class='ocrx_word' id='word_1_214' title='bbox 122 1876 227 1935; x_wconf 66' lang='lat' dir='ltr'>sunto</span> <span class='ocrx_word' id='word_1_215' title='bbox 240 1871 375 1925; x_wconf 79' lang='lat' dir='ltr'>subaudis</span> <span class='ocrx_word' id='word_1_216' title='bbox 384 1871 411 1924; x_wconf 87' lang='lat' dir='ltr'>ln</span> <span class='ocrx_word' id='word_1_217' title='bbox 423 1871 617 1926; x_wconf 73' lang='lat' dir='ltr'>interlectione</span> <span class='ocrx_word' id='word_1_218' title='bbox 627 1873 860 1940; x_wconf 81' lang='lat' dir='ltr'>scilicetillcrum,</span> <span class='ocrx_word' id='word_1_219' title='bbox 874 1876 932 1929; x_wconf 81' lang='lat' dir='ltr'>siro</span> <span class='ocrx_word' id='word_1_220' title='bbox 972 1866 1008 1920; x_wconf 81' lang='lat' dir='ltr'>ab</span> <span class='ocrx_word' id='word_1_221' title='bbox 1022 1884 1055 1920; x_wconf 82' lang='lat' dir='ltr'>oo</span> <span class='ocrx_word' id='word_1_222' title='bbox 1068 1867 1115 1939; x_wconf 84' lang='lat' dir='ltr'>qui</span> <span class='ocrx_word' id='word_1_223' title='bbox 1130 1867 1160 1921; x_wconf 92' lang='lat' dir='ltr'>in</span> <span class='ocrx_word' id='word_1_224' title='bbox 1169 1868 1338 1938; x_wconf 76' lang='lat' dir='ltr'>Apocalypsi</span> <span class='ocrx_word' id='word_1_225' title='bbox 1348 1869 1361 1922; x_wconf 88' lang='lat' dir='ltr'>J</span> <span class='ocrx_word' id='word_1_226' title='bbox 1365 1868 1464 1922; x_wconf 82' lang='lat' dir='ltr'>connis</span> <span class='ocrx_word' id='word_1_227' title='bbox 1476 1868 1580 1923; x_wconf 81' lang='lat' dir='ltr'>nabore</span> <span class='ocrx_word' id='word_1_228' title='bbox 1590 1869 1688 1925; x_wconf 80' lang='lat' dir='ltr'>seleon</span> <span class='ocrx_word' id='word_1_229' title='bbox 1701 1885 1771 1925; x_wconf 83' lang='lat' dir='ltr'>acu·</span> 
     </span>
     <span class='ocr_line' id='line_1_19' title="bbox 135 1956 1770 2030; baseline 0.002 -16"><span class='ocrx_word' id='word_1_230' title='bbox 135 1959 165 2014; x_wconf 88' lang='lat' dir='ltr'>in</span> <span class='ocrx_word' id='word_1_231' title='bbox 180 1959 348 2013; x_wconf 82' lang='lat' dir='ltr'>idololatria·</span> <span class='ocrx_word' id='word_1_232' title='bbox 365 1959 419 2013; x_wconf 81' lang='lat' dir='ltr'>Sed</span> <span class='ocrx_word' id='word_1_233' title='bbox 430 1961 627 2030; x_wconf 87' lang='lat' dir='ltr'>etnuncpravi</span> <span class='ocrx_word' id='word_1_234' title='bbox 638 1961 804 2016; x_wconf 86' lang='lat' dir='ltr'>doctoresin</span> <span class='ocrx_word' id='word_1_235' title='bbox 815 1963 868 2020; x_wconf 85' lang='lat' dir='ltr'>vla.</span> <span class='ocrx_word' id='word_1_236' title='bbox 880 1964 933 2017; x_wconf 94' lang='lat' dir='ltr'>hoc</span> <span class='ocrx_word' id='word_1_237' title='bbox 972 1959 1031 2009; x_wconf 66' lang='lat' dir='ltr'>iam</span> <span class='ocrx_word' id='word_1_238' title='bbox 1045 1956 1073 2010; x_wconf 76' lang='lat' dir='ltr'>in</span> <span class='ocrx_word' id='word_1_239' title='bbox 1088 1972 1172 2010; x_wconf 69' lang='lat' dir='ltr'>hianti</span> <span class='ocrx_word' id='word_1_240' title='bbox 1185 1972 1237 2010; x_wconf 69' lang='lat' dir='ltr'>suu</span> <span class='ocrx_word' id='word_1_241' title='bbox 1256 1956 1369 2011; x_wconf 69' lang='lat' dir='ltr'>dicitur·</span> <span class='ocrx_word' id='word_1_242' title='bbox 1392 1957 1450 2010; x_wconf 71' lang='grc' dir='ltr'>Ηθῡ</span> <span class='ocrx_word' id='word_1_243' title='bbox 1464 1963 1558 2010; x_wconf 68' lang='lat' dir='ltr'>tamen</span> <span class='ocrx_word' id='word_1_244' title='bbox 1574 1973 1630 2012; x_wconf 81' lang='lat' dir='ltr'>non</span> <span class='ocrx_word' id='word_1_245' title='bbox 1645 1957 1770 2027; x_wconf 66' lang='lat' dir='ltr'>optantis</span> 
     </span>
     <span class='ocr_line' id='line_1_20' title="bbox 135 2043 1772 2118; baseline 0.003 -16"><span class='ocrx_word' id='word_1_246' title='bbox 135 2055 188 2105; x_wconf 79' lang='lat' dir='ltr'>ast.</span> <span class='ocrx_word' id='word_1_247' title='bbox 200 2048 230 2101; x_wconf 93' lang='lat' dir='ltr'>in</span> <span class='ocrx_word' id='word_1_248' title='bbox 244 2047 344 2101; x_wconf 86' lang='lat' dir='ltr'>itinere</span> <span class='ocrx_word' id='word_1_249' title='bbox 358 2047 503 2117; x_wconf 75' lang='lat' dir='ltr'>presentis</span> <span class='ocrx_word' id='word_1_250' title='bbox 517 2048 580 2102; x_wconf 84' lang='lat' dir='ltr'>vitae</span> <span class='ocrx_word' id='word_1_251' title='bbox 595 2050 776 2118; x_wconf 80' lang='lat' dir='ltr'>pergentibus</span> <span class='ocrx_word' id='word_1_252' title='bbox 786 2051 815 2104; x_wconf 92' lang='lat' dir='ltr'>in</span> <span class='ocrx_word' id='word_1_253' title='bbox 829 2052 930 2106; x_wconf 88' lang='lat' dir='ltr'>Hieru·</span> <span class='ocrx_word' id='word_1_254' title='bbox 971 2049 1036 2098; x_wconf 63' lang='lat'>*0¹11</span> <span class='ocrx_word' id='word_1_255' title='bbox 1046 2043 1157 2106; x_wconf 63' lang='lat' dir='ltr'>dicitur·</span> <span class='ocrx_word' id='word_1_256' title='bbox 1174 2044 1221 2096; x_wconf 69' lang='lat' dir='ltr'>sed</span> <span class='ocrx_word' id='word_1_257' title='bbox 1237 2044 1424 2113; x_wconf 67' lang='lat' dir='ltr'>Plaedissessiiss·</span> <span class='ocrx_word' id='word_1_258' title='bbox 1444 2045 1515 2098; x_wconf 69' lang='lat' dir='ltr'>Nam</span> <span class='ocrx_word' id='word_1_259' title='bbox 1532 2051 1560 2099; x_wconf 75' lang='grc' dir='ltr'>θῑ</span> <span class='ocrx_word' id='word_1_260' title='bbox 1575 2045 1622 2099; x_wconf 72' lang='lat' dir='ltr'>isti</span> <span class='ocrx_word' id='word_1_261' title='bbox 1637 2045 1661 2101; x_wconf 75' lang='lat' dir='ltr'>Si</span> <span class='ocrx_word' id='word_1_262' title='bbox 1684 2045 1772 2116; x_wconf 85' lang='lat' dir='ltr'>poeni·</span> 
     </span>
     <span class='ocr_line' id='line_1_21' title="bbox 135 2132 1771 2210; baseline -0.001 -20"><span class='ocrx_word' id='word_1_263' title='bbox 135 2136 222 2190; x_wconf 80' lang='lat' dir='ltr'>salem</span> <span class='ocrx_word' id='word_1_264' title='bbox 237 2136 388 2196; x_wconf 85' lang='lat' dir='ltr'>coelestem,</span> <span class='ocrx_word' id='word_1_265' title='bbox 400 2136 521 2190; x_wconf 90' lang='lat' dir='ltr'>tendunt</span> <span class='ocrx_word' id='word_1_266' title='bbox 540 2136 668 2203; x_wconf 89' lang='lat' dir='ltr'>insidias,</span> <span class='ocrx_word' id='word_1_267' title='bbox 691 2145 847 2210; x_wconf 82' lang='lat' dir='ltr'>necantque</span> <span class='ocrx_word' id='word_1_268' title='bbox 861 2157 931 2210; x_wconf 89' lang='lat' dir='ltr'>quos</span> <span class='ocrx_word' id='word_1_269' title='bbox 971 2132 1089 2187; x_wconf 66' lang='lat' dir='ltr'>tonitam</span> <span class='ocrx_word' id='word_1_270' title='bbox 1108 2132 1224 2202; x_wconf 83' lang='lat' dir='ltr'>egerint,</span> <span class='ocrx_word' id='word_1_271' title='bbox 1237 2146 1317 2185; x_wconf 82' lang='lat' dir='ltr'>suam</span> <span class='ocrx_word' id='word_1_272' title='bbox 1329 2132 1540 2189; x_wconf 85' lang='lat' dir='ltr'>conversionem</span> <span class='ocrx_word' id='word_1_273' title='bbox 1554 2149 1572 2186; x_wconf 92' lang='lat' dir='ltr'>a</span> <span class='ocrx_word' id='word_1_274' title='bbox 1587 2133 1661 2188; x_wconf 91' lang='lat' dir='ltr'>malo</span> <span class='ocrx_word' id='word_1_275' title='bbox 1674 2133 1711 2189; x_wconf 88' lang='lat' dir='ltr'>ad</span> <span class='ocrx_word' id='word_1_276' title='bbox 1720 2132 1771 2188; x_wconf 92' lang='lat' dir='ltr'>bo-</span> 
     </span>
     <span class='ocr_line' id='line_1_22' title="bbox 133 2220 1195 2296; baseline -0.006 -18"><span class='ocrx_word' id='word_1_277' title='bbox 133 2223 292 2296; x_wconf 86' lang='lat' dir='ltr'>poasuntin</span> <span class='ocrx_word' id='word_1_278' title='bbox 304 2223 426 2285; x_wconf 87' lang='lat' dir='ltr'>Sichem,</span> <span class='ocrx_word' id='word_1_279' title='bbox 441 2223 469 2277; x_wconf 93' lang='lat' dir='ltr'>id</span> <span class='ocrx_word' id='word_1_280' title='bbox 486 2229 538 2289; x_wconf 88' lang='lat' dir='ltr'>est,</span> <span class='ocrx_word' id='word_1_281' title='bbox 554 2224 584 2278; x_wconf 92' lang='lat' dir='ltr'>in</span> <span class='ocrx_word' id='word_1_282' title='bbox 598 2224 678 2278; x_wconf 88' lang='lat' dir='ltr'>bonis</span> <span class='ocrx_word' id='word_1_283' title='bbox 693 2227 833 2296; x_wconf 80' lang='lat' dir='ltr'>operibus.</span> <span class='ocrx_word' id='word_1_284' title='bbox 853 2243 931 2282; x_wconf 84' lang='lat' dir='ltr'>revo—</span> <span class='ocrx_word' id='word_1_285' title='bbox 970 2236 1039 2275; x_wconf 88' lang='lat' dir='ltr'>num</span> <span class='ocrx_word' id='word_1_286' title='bbox 1052 2220 1195 2275; x_wconf 83' lang='lat' dir='ltr'>ridebunt.</span> 
     </span>
     <span class='ocr_line' id='line_1_23' title="bbox 135 2309 1464 2384; baseline -0.003 -16"><span class='ocrx_word' id='word_1_287' title='bbox 135 2312 267 2368; x_wconf 84' lang='lat' dir='ltr'>candoed</span> <span class='ocrx_word' id='word_1_288' title='bbox 278 2312 434 2383; x_wconf 86' lang='lat' dir='ltr'>nequitiam</span> <span class='ocrx_word' id='word_1_289' title='bbox 447 2328 505 2366; x_wconf 84' lang='lat' dir='ltr'>sure</span> <span class='ocrx_word' id='word_1_290' title='bbox 515 2313 633 2367; x_wconf 73' lang='lat' dir='ltr'>achonis</span> <span class='ocrx_word' id='word_1_291' title='bbox 646 2331 730 2384; x_wconf 90' lang='lat' dir='ltr'>prava</span> <span class='ocrx_word' id='word_1_292' title='bbox 744 2315 872 2370; x_wconf 86' lang='lat' dir='ltr'>doctrina</span> <span class='ocrx_word' id='word_1_293' title='bbox 885 2318 929 2370; x_wconf 87' lang='lat' dir='ltr'>vel</span> <span class='ocrx_word' id='word_1_294' title='bbox 1269 2309 1387 2367; x_wconf 85' lang='lat' dir='ltr'><strong>CAPUT</strong></span> <span class='ocrx_word' id='word_1_295' title='bbox 1405 2311 1464 2365; x_wconf 89' lang='lat' dir='ltr'>Vll.</span> 
     </span>
     <span class='ocr_line' id='line_1_24' title="bbox 133 2397 1770 2474; baseline 0.003 -18"><span class='ocrx_word' id='word_1_296' title='bbox 133 2400 357 2472; x_wconf 77' lang='lat' dir='ltr'>malceremplo.</span> <span class='ocrx_word' id='word_1_297' title='bbox 369 2401 440 2455; x_wconf 80' lang='lat' dir='ltr'>Nam</span> <span class='ocrx_word' id='word_1_298' title='bbox 454 2400 564 2455; x_wconf 82' lang='lat' dir='ltr'>Sichem</span> <span class='ocrx_word' id='word_1_299' title='bbox 575 2401 929 2474; x_wconf 79' lang='lat' dir='ltr'>interpretaturhumcrus</span> <span class='ocrx_word' id='word_1_300' title='bbox 1008 2418 1021 2452; x_wconf 72' lang='lat' dir='ltr'>t</span> <span class='ocrx_word' id='word_1_301' title='bbox 1037 2400 1108 2454; x_wconf 82' lang='lat' dir='ltr'>Cum</span> <span class='ocrx_word' id='word_1_302' title='bbox 1123 2416 1223 2467; x_wconf 73' lang='lat' dir='ltr'>sanare</span> <span class='ocrx_word' id='word_1_303' title='bbox 1235 2400 1334 2456; x_wconf 73' lang='lat' dir='ltr'>vellem</span> <span class='ocrx_word' id='word_1_304' title='bbox 1349 2401 1445 2455; x_wconf 70' lang='lat' dir='ltr'>lsrael·</span> <span class='ocrx_word' id='word_1_305' title='bbox 1464 2420 1477 2454; x_wconf 71' lang='lat' dir='ltr'>r</span> <span class='ocrx_word' id='word_1_306' title='bbox 1495 2398 1645 2465; x_wconf 69' lang='lat' dir='ltr'>subaudis,</span> <span class='ocrx_word' id='word_1_307' title='bbox 1659 2398 1694 2454; x_wconf 69' lang='lat' dir='ltr'>ab</span> <span class='ocrx_word' id='word_1_308' title='bbox 1708 2397 1770 2453; x_wconf 76' lang='lat' dir='ltr'>ido·</span> 
     </span>
     <span class='ocr_line' id='line_1_25' title="bbox 135 2487 1765 2561; baseline -0.001 -17"><span class='ocrx_word' id='word_1_309' title='bbox 135 2488 169 2544; x_wconf 92' lang='lat' dir='ltr'>In</span> <span class='ocrx_word' id='word_1_310' title='bbox 181 2490 300 2544; x_wconf 91' lang='lat' dir='ltr'>humero</span> <span class='ocrx_word' id='word_1_311' title='bbox 311 2495 407 2543; x_wconf 90' lang='lat' dir='ltr'>autem</span> <span class='ocrx_word' id='word_1_312' title='bbox 421 2506 491 2557; x_wconf 88' lang='lat' dir='ltr'>opus</span> <span class='ocrx_word' id='word_1_313' title='bbox 505 2489 681 2561; x_wconf 81' lang='lat' dir='ltr'>intelligitur.</span> <span class='ocrx_word' id='word_1_314' title='bbox 704 2492 785 2547; x_wconf 87' lang='lat' dir='ltr'>Unde</span> <span class='ocrx_word' id='word_1_315' title='bbox 801 2499 830 2548; x_wconf 87' lang='lat' dir='ltr'>et</span> <span class='ocrx_word' id='word_1_316' title='bbox 843 2494 878 2549; x_wconf 87' lang='lat' dir='ltr'>dc</span> <span class='ocrx_word' id='word_1_317' title='bbox 892 2495 931 2549; x_wconf 88' lang='lat' dir='ltr'>ls-</span> <span class='ocrx_word' id='word_1_318' title='bbox 973 2487 1182 2559; x_wconf 88' lang='lat' dir='ltr'>lolatris,quam</span> <span class='ocrx_word' id='word_1_319' title='bbox 1198 2495 1381 2543; x_wconf 85' lang='lat' dir='ltr'>exercuerant</span> <span class='ocrx_word' id='word_1_320' title='bbox 1390 2489 1420 2543; x_wconf 92' lang='lat' dir='ltr'>in</span> <span class='ocrx_word' id='word_1_321' title='bbox 1429 2488 1635 2559; x_wconf 86' lang='lat' dir='ltr'>AEgyptovelin</span> <span class='ocrx_word' id='word_1_322' title='bbox 1644 2489 1765 2552; x_wconf 86' lang='lat' dir='ltr'>deserto,</span> 
     </span>
     <span class='ocr_line' id='line_1_26' title="bbox 137 2576 1772 2649; baseline -0.003 -15"><span class='ocrx_word' id='word_1_323' title='bbox 137 2579 236 2634; x_wconf 84' lang='lat' dir='ltr'>sachar</span> <span class='ocrx_word' id='word_1_324' title='bbox 249 2578 379 2648; x_wconf 80' lang='lat' dir='ltr'>legimus,</span> <span class='ocrx_word' id='word_1_325' title='bbox 393 2578 468 2648; x_wconf 91' lang='lat' dir='ltr'>quod</span> <span class='ocrx_word' id='word_1_326' title='bbox 483 2579 663 2649; x_wconf 88' lang='lat' dir='ltr'>supposuerit</span> <span class='ocrx_word' id='word_1_327' title='bbox 674 2580 823 2635; x_wconf 88' lang='lat' dir='ltr'>humerum</span> <span class='ocrx_word' id='word_1_328' title='bbox 847 2597 929 2636; x_wconf 89' lang='lat' dir='ltr'>suum</span> <span class='ocrx_word' id='word_1_329' title='bbox 975 2576 1376 2648; x_wconf 82' lang='lat' dir='ltr'>quandocontlaseruntcaput</span> <span class='ocrx_word' id='word_1_330' title='bbox 1388 2577 1478 2642; x_wconf 84' lang='lat' dir='ltr'>vituli,</span> <span class='ocrx_word' id='word_1_331' title='bbox 1487 2577 1612 2631; x_wconf 87' lang='lat' dir='ltr'>dicentes</span> <span class='ocrx_word' id='word_1_332' title='bbox 1626 2590 1631 2623; x_wconf 79' lang='lat'>2</span> <span class='ocrx_word' id='word_1_333' title='bbox 1644 2577 1694 2631; x_wconf 87' lang='lat' dir='ltr'>lsti</span> <span class='ocrx_word' id='word_1_334' title='bbox 1704 2583 1772 2633; x_wconf 88' lang='lat' dir='ltr'>sunt</span> 
     </span>
     <span class='ocr_line' id='line_1_27' title="bbox 134 2666 1771 2739; baseline -0.001 -17"><span class='ocrx_word' id='word_1_335' title='bbox 134 2667 168 2722; x_wconf 84' lang='lat' dir='ltr'>sd</span> <span class='ocrx_word' id='word_1_336' title='bbox 184 2667 366 2739; x_wconf 90' lang='lat' dir='ltr'>operandum.</span> <span class='ocrx_word' id='word_1_337' title='bbox 974 2666 1013 2720; x_wconf 91' lang='lat' dir='ltr'>dil</span> <span class='ocrx_word' id='word_1_338' title='bbox 1032 2666 1084 2732; x_wconf 92' lang='lat' dir='ltr'>tui,</span> <span class='ocrx_word' id='word_1_339' title='bbox 1100 2666 1167 2736; x_wconf 83' lang='lat' dir='ltr'>qnia</span> <span class='ocrx_word' id='word_1_340' title='bbox 1182 2666 1268 2721; x_wconf 86' lang='lat' dir='ltr'>rnelui</span> <span class='ocrx_word' id='word_1_341' title='bbox 1283 2666 1477 2736; x_wconf 73' lang='lat' dir='ltr'>poenitentiam</span> <span class='ocrx_word' id='word_1_342' title='bbox 1503 2666 1657 2737; x_wconf 84' lang='lat' dir='ltr'>peccatoris</span> <span class='ocrx_word' id='word_1_343' title='bbox 1684 2681 1771 2737; x_wconf 87' lang='lat' dir='ltr'>quam</span> 
     </span>
     <span class='ocr_line' id='line_1_28' title="bbox 172 2753 1770 2824; baseline -0.001 -16"><span class='ocrx_word' id='word_1_344' title='bbox 172 2776 185 2809; x_wconf 85' lang='lat' dir='ltr'>r</span> <span class='ocrx_word' id='word_1_345' title='bbox 203 2756 236 2811; x_wconf 92' lang='lat' dir='ltr'>ln</span> <span class='ocrx_word' id='word_1_346' title='bbox 250 2756 334 2810; x_wconf 89' lang='lat' dir='ltr'>domo</span> <span class='ocrx_word' id='word_1_347' title='bbox 352 2756 440 2810; x_wconf 86' lang='lat' dir='ltr'>lsrael</span> <span class='ocrx_word' id='word_1_348' title='bbox 458 2755 514 2810; x_wconf 83' lang='lat' dir='ltr'>ridi</span> <span class='ocrx_word' id='word_1_349' title='bbox 526 2755 709 2811; x_wconf 88' lang='lat' dir='ltr'>horrendum.</span> <span class='ocrx_word' id='word_1_350' title='bbox 725 2777 739 2810; x_wconf 84' lang='lat' dir='ltr'>o</span> <span class='ocrx_word' id='word_1_351' title='bbox 759 2758 866 2812; x_wconf 85' lang='lat' dir='ltr'>Horror</span> <span class='ocrx_word' id='word_1_352' title='bbox 883 2760 933 2814; x_wconf 77' lang='lat' dir='ltr'>nli.</span> <span class='ocrx_word' id='word_1_353' title='bbox 974 2761 1104 2807; x_wconf 89' lang='lat' dir='ltr'>mortem.</span> <span class='ocrx_word' id='word_1_354' title='bbox 1119 2770 1131 2806; x_wconf 85' lang='grc' dir='ltr'>ι</span> <span class='ocrx_word' id='word_1_355' title='bbox 1146 2754 1278 2808; x_wconf 83' lang='lat' dir='ltr'>Revelato</span> <span class='ocrx_word' id='word_1_356' title='bbox 1292 2760 1335 2809; x_wconf 87' lang='lat' dir='ltr'>est</span> <span class='ocrx_word' id='word_1_357' title='bbox 1349 2754 1483 2824; x_wconf 89' lang='lat' dir='ltr'>iniquitas</span> <span class='ocrx_word' id='word_1_358' title='bbox 1499 2753 1643 2823; x_wconf 83' lang='lat' dir='ltr'>Ephraim,</span> <span class='ocrx_word' id='word_1_359' title='bbox 1657 2754 1700 2809; x_wconf 79' lang='lat' dir='ltr'>rid</span> <span class='ocrx_word' id='word_1_360' title='bbox 1717 2763 1770 2819; x_wconf 87' lang='lat' dir='ltr'>est,</span> 
     </span>
     <span class='ocr_line' id='line_1_29' title="bbox 134 2838 1772 2918; baseline -0.001 -20"><span class='ocrx_word' id='word_1_361' title='bbox 134 2850 247 2918; x_wconf 88' lang='lat' dir='ltr'>quando</span> <span class='ocrx_word' id='word_1_362' title='bbox 254 2844 369 2916; x_wconf 91' lang='lat' dir='ltr'>ponitur</span> <span class='ocrx_word' id='word_1_363' title='bbox 379 2850 428 2916; x_wconf 84' lang='lat' dir='ltr'>pro</span> <span class='ocrx_word' id='word_1_364' title='bbox 440 2845 550 2911; x_wconf 87' lang='lat' dir='ltr'>timore,</span> <span class='ocrx_word' id='word_1_365' title='bbox 556 2847 636 2914; x_wconf 84' lang='lat' dir='ltr'>juxta</span> <span class='ocrx_word' id='word_1_366' title='bbox 646 2847 718 2916; x_wconf 90' lang='lat' dir='ltr'>quod</span> <span class='ocrx_word' id='word_1_367' title='bbox 731 2838 866 2918; x_wconf 87' lang='lat' dir='ltr'>scripfurn</span> <span class='ocrx_word' id='word_1_368' title='bbox 879 2854 930 2903; x_wconf 70' lang='lat' dir='ltr'>est:</span> <span class='ocrx_word' id='word_1_369' title='bbox 973 2842 1133 2896; x_wconf 87' lang='lat' dir='ltr'>idololatria</span> <span class='ocrx_word' id='word_1_370' title='bbox 1157 2842 1315 2907; x_wconf 89' lang='lat' dir='ltr'>Jerobonm,</span> <span class='ocrx_word' id='word_1_371' title='bbox 1332 2843 1380 2914; x_wconf 90' lang='lat' dir='ltr'>qui</span> <span class='ocrx_word' id='word_1_372' title='bbox 1395 2848 1511 2914; x_wconf 89' lang='lat' dir='ltr'>repente</span> <span class='ocrx_word' id='word_1_373' title='bbox 1532 2859 1617 2912; x_wconf 89' lang='lat' dir='ltr'>super</span> <span class='ocrx_word' id='word_1_374' title='bbox 1635 2843 1772 2913; x_wconf 90' lang='lat' dir='ltr'>populum</span> 
     </span>
     <span class='ocr_line' id='line_1_30' title="bbox 133 2931 1769 3004; baseline -0.002 -15"><span class='ocrx_word' id='word_1_375' title='bbox 133 2933 314 2989; x_wconf 84' lang='lat' dir='ltr'>Horrendum</span> <span class='ocrx_word' id='word_1_376' title='bbox 328 2933 504 2988; x_wconf 82' lang='lat' dir='ltr'>estincidere</span> <span class='ocrx_word' id='word_1_377' title='bbox 517 2933 547 2987; x_wconf 90' lang='lat' dir='ltr'>in</span> <span class='ocrx_word' id='word_1_378' title='bbox 562 2949 661 2988; x_wconf 88' lang='lat' dir='ltr'>manus</span> <span class='ocrx_word' id='word_1_379' title='bbox 671 2935 721 2989; x_wconf 88' lang='lat' dir='ltr'>Dei</span> <span class='ocrx_word' id='word_1_380' title='bbox 737 2935 868 3004; x_wconf 76' lang='lat' dir='ltr'>viventis,</span> <span class='ocrx_word' id='word_1_381' title='bbox 885 2939 934 2992; x_wconf 74' lang='lat' dir='ltr'>nli.</span> <span class='ocrx_word' id='word_1_382' title='bbox 974 2931 1161 2985; x_wconf 84' lang='lat' dir='ltr'>israeliticum</span> <span class='ocrx_word' id='word_1_383' title='bbox 1186 2947 1233 2985; x_wconf 84' lang='lat' dir='ltr'>rex</span> <span class='ocrx_word' id='word_1_384' title='bbox 1247 2931 1426 2997; x_wconf 88' lang='lat' dir='ltr'>constitutus,</span> <span class='ocrx_word' id='word_1_385' title='bbox 1441 2931 1541 2986; x_wconf 89' lang='lat' dir='ltr'>vitulos</span> <span class='ocrx_word' id='word_1_386' title='bbox 1556 2948 1656 2986; x_wconf 84' lang='lat' dir='ltr'>eureos</span> <span class='ocrx_word' id='word_1_387' title='bbox 1681 2931 1748 2986; x_wconf 82' lang='lat' dir='ltr'>tecit</span> <span class='ocrx_word' id='word_1_388' title='bbox 1763 2951 1769 2998; x_wconf 90' lang='lat'>;</span> 
     </span>
     <span class='ocr_line' id='line_1_31' title="bbox 136 3018 1771 3092; baseline 0.001 -16"><span class='ocrx_word' id='word_1_389' title='bbox 136 3021 249 3092; x_wconf 76' lang='lat' dir='ltr'>quando</span> <span class='ocrx_word' id='word_1_390' title='bbox 264 3038 314 3092; x_wconf 91' lang='lat' dir='ltr'>pro</span> <span class='ocrx_word' id='word_1_391' title='bbox 324 3021 453 3090; x_wconf 88' lang='lat' dir='ltr'>squalore</span> <span class='ocrx_word' id='word_1_392' title='bbox 464 3024 493 3075; x_wconf 88' lang='lat' dir='ltr'>et</span> <span class='ocrx_word' id='word_1_393' title='bbox 506 3038 537 3075; x_wconf 89' lang='lat' dir='ltr'>re</span> <span class='ocrx_word' id='word_1_394' title='bbox 554 3022 682 3089; x_wconf 82' lang='lat' dir='ltr'>sordida3</span> <span class='ocrx_word' id='word_1_395' title='bbox 699 3025 774 3079; x_wconf 91' lang='lat' dir='ltr'>unde</span> <span class='ocrx_word' id='word_1_396' title='bbox 790 3031 833 3079; x_wconf 90' lang='lat' dir='ltr'>est</span> <span class='ocrx_word' id='word_1_397' title='bbox 849 3043 855 3078; x_wconf 92' lang='lat'>:</span> <span class='ocrx_word' id='word_1_398' title='bbox 869 3027 933 3080; x_wconf 92' lang='lat' dir='ltr'>Non</span> <span class='ocrx_word' id='word_1_399' title='bbox 976 3038 989 3071; x_wconf 68' lang='lat' dir='ltr'>t</span> <span class='ocrx_word' id='word_1_400' title='bbox 1010 3020 1319 3085; x_wconf 67' lang='lat' dir='ltr'>ei¹1¹aliiiascmaliaes</span> <span class='ocrx_word' id='word_1_401' title='bbox 1338 3042 1349 3067; x_wconf 84' lang='lat'>¹·</span> <span class='ocrx_word' id='word_1_402' title='bbox 1372 3021 1401 3075; x_wconf 73' lang='lat' dir='ltr'>id</span> <span class='ocrx_word' id='word_1_403' title='bbox 1415 3027 1466 3083; x_wconf 65' lang='grc' dir='ltr'>θεῖ,</span> <span class='ocrx_word' id='word_1_404' title='bbox 1483 3020 1602 3090; x_wconf 84' lang='lat' dir='ltr'>subjecti</span> <span class='ocrx_word' id='word_1_405' title='bbox 1614 3018 1709 3091; x_wconf 91' lang='lat' dir='ltr'>populi</span> <span class='ocrx_word' id='word_1_406' title='bbox 1725 3037 1771 3077; x_wconf 86' lang='lat' dir='ltr'>re·</span> 
     </span>
     <span class='ocr_line' id='line_1_32' title="bbox 135 3080 1771 3180; baseline 0 -16"><span class='ocrx_word' id='word_1_407' title='bbox 135 3108 270 3164; x_wconf 82' lang='lat' dir='ltr'>horruisti</span> <span class='ocrx_word' id='word_1_408' title='bbox 289 3108 406 3178; x_wconf 78' lang='lat' dir='ltr'>virginis</span> <span class='ocrx_word' id='word_1_409' title='bbox 420 3114 543 3173; x_wconf 83' lang='lat' dir='ltr'>uterum,</span> <span class='ocrx_word' id='word_1_410' title='bbox 564 3110 618 3163; x_wconf 90' lang='lat' dir='ltr'>hoo</span> <span class='ocrx_word' id='word_1_411' title='bbox 641 3116 693 3175; x_wconf 84' lang='lat' dir='ltr'>est,</span> <span class='ocrx_word' id='word_1_412' title='bbox 715 3113 859 3166; x_wconf 87' lang='lat' dir='ltr'>sordidum</span> <span class='ocrx_word' id='word_1_413' title='bbox 876 3130 932 3168; x_wconf 91' lang='lat' dir='ltr'>non</span> <span class='ocrx_word' id='word_1_414' title='bbox 943 3080 1067 3164; x_wconf 75' lang='lat' dir='ltr'>Cretam</span> <span class='ocrx_word' id='word_1_415' title='bbox 1081 3115 1125 3163; x_wconf 90' lang='lat' dir='ltr'>est</span> <span class='ocrx_word' id='word_1_416' title='bbox 1138 3109 1282 3179; x_wconf 86' lang='lat' dir='ltr'>sequentis</span> <span class='ocrx_word' id='word_1_417' title='bbox 1295 3124 1389 3179; x_wconf 85' lang='lat' dir='ltr'>regem</span> <span class='ocrx_word' id='word_1_418' title='bbox 1404 3109 1533 3179; x_wconf 86' lang='lat' dir='ltr'>impium.</span> <span class='ocrx_word' id='word_1_419' title='bbox 1550 3108 1647 3173; x_wconf 85' lang='lat' dir='ltr'>«Quia</span> <span class='ocrx_word' id='word_1_420' title='bbox 1662 3111 1771 3180; x_wconf 84' lang='lat' dir='ltr'>operati</span> 
     </span>
     <span class='ocr_line' id='line_1_33' title="bbox 133 3197 1768 3272; baseline 0.004 -19"><span class='ocrx_word' id='word_1_421' title='bbox 133 3197 468 3269; x_wconf 76' lang='lat' dir='ltr'>deputastiflorrendum</span> <span class='ocrx_word' id='word_1_422' title='bbox 478 3197 574 3268; x_wconf 89' lang='lat' dir='ltr'>itaque</span> <span class='ocrx_word' id='word_1_423' title='bbox 583 3199 635 3253; x_wconf 88' lang='lat' dir='ltr'>hoc</span> <span class='ocrx_word' id='word_1_424' title='bbox 648 3200 677 3254; x_wconf 92' lang='lat' dir='ltr'>in</span> <span class='ocrx_word' id='word_1_425' title='bbox 691 3200 752 3256; x_wconf 92' lang='lat' dir='ltr'>loco</span> <span class='ocrx_word' id='word_1_426' title='bbox 765 3218 816 3272; x_wconf 91' lang='lat' dir='ltr'>pro</span> <span class='ocrx_word' id='word_1_427' title='bbox 830 3202 932 3257; x_wconf 89' lang='lat' dir='ltr'>timore</span> <span class='ocrx_word' id='word_1_428' title='bbox 973 3204 1040 3251; x_wconf 87' lang='lat' dir='ltr'>sunt</span> <span class='ocrx_word' id='word_1_429' title='bbox 1056 3217 1068 3251; x_wconf 80' lang='grc' dir='ltr'>ι</span> <span class='ocrx_word' id='word_1_430' title='bbox 1083 3204 1112 3252; x_wconf 87' lang='lat' dir='ltr'>et</span> <span class='ocrx_word' id='word_1_431' title='bbox 1126 3215 1173 3251; x_wconf 88' lang='lat' dir='ltr'>rex</span> <span class='ocrx_word' id='word_1_432' title='bbox 1189 3203 1218 3251; x_wconf 87' lang='lat' dir='ltr'>et</span> <span class='ocrx_word' id='word_1_433' title='bbox 1236 3198 1356 3268; x_wconf 91' lang='lat' dir='ltr'>populus</span> <span class='ocrx_word' id='word_1_434' title='bbox 1373 3216 1384 3249; x_wconf 84' lang='grc' dir='ltr'>ι</span> <span class='ocrx_word' id='word_1_435' title='bbox 1407 3198 1594 3263; x_wconf 79' lang='lat' dir='ltr'>mendacium,</span> <span class='ocrx_word' id='word_1_436' title='bbox 1614 3218 1625 3248; x_wconf 82' lang='grc' dir='ltr'>ι</span> <span class='ocrx_word' id='word_1_437' title='bbox 1644 3198 1697 3253; x_wconf 89' lang='lat' dir='ltr'>hoc</span> <span class='ocrx_word' id='word_1_438' title='bbox 1716 3204 1768 3266; x_wconf 69' lang='lat' dir='ltr'>est,</span> 
     </span>
     <span class='ocr_line' id='line_1_34' title="bbox 134 3284 1769 3359; baseline 0.002 -20"><span class='ocrx_word' id='word_1_439' title='bbox 134 3285 249 3359; x_wconf 88' lang='lat' dir='ltr'>ponitur</span> <span class='ocrx_word' id='word_1_440' title='bbox 262 3284 435 3339; x_wconf 77' lang='lat' dir='ltr'>idololatrias.</span> <span class='ocrx_word' id='word_1_441' title='bbox 458 3285 574 3355; x_wconf 76' lang='lat' dir='ltr'>Expavit</span> <span class='ocrx_word' id='word_1_442' title='bbox 588 3287 662 3340; x_wconf 90' lang='lat' dir='ltr'>enim</span> <span class='ocrx_word' id='word_1_443' title='bbox 684 3289 821 3359; x_wconf 87' lang='lat' dir='ltr'>propheta</span> <span class='ocrx_word' id='word_1_444' title='bbox 835 3290 932 3345; x_wconf 82' lang='lat' dir='ltr'>videns</span> <span class='ocrx_word' id='word_1_445' title='bbox 972 3285 1088 3342; x_wconf 91' lang='lat' dir='ltr'>idolum.</span> <span class='ocrx_word' id='word_1_446' title='bbox 1104 3286 1182 3341; x_wconf 86' lang='lat' dir='ltr'>Sicut</span> <span class='ocrx_word' id='word_1_447' title='bbox 1193 3285 1266 3341; x_wconf 90' lang='lat' dir='ltr'>enim</span> <span class='ocrx_word' id='word_1_448' title='bbox 1282 3285 1455 3339; x_wconf 88' lang='lat' dir='ltr'>contrarium</span> <span class='ocrx_word' id='word_1_449' title='bbox 1466 3292 1509 3340; x_wconf 89' lang='lat' dir='ltr'>est</span> <span class='ocrx_word' id='word_1_450' title='bbox 1524 3285 1704 3341; x_wconf 86' lang='lat' dir='ltr'>mendacium</span> <span class='ocrx_word' id='word_1_451' title='bbox 1720 3303 1769 3342; x_wconf 87' lang='lat' dir='ltr'>ve·</span> 
     </span>
     <span class='ocr_line' id='line_1_35' title="bbox 133 3373 1770 3449; baseline 0.001 -19"><span class='ocrx_word' id='word_1_452' title='bbox 133 3375 251 3439; x_wconf 86' lang='lat' dir='ltr'>idolum,</span> <span class='ocrx_word' id='word_1_453' title='bbox 260 3373 334 3446; x_wconf 90' lang='lat' dir='ltr'>quod</span> <span class='ocrx_word' id='word_1_454' title='bbox 349 3373 473 3427; x_wconf 82' lang='lat' dir='ltr'>iecerunt</span> <span class='ocrx_word' id='word_1_455' title='bbox 485 3374 722 3430; x_wconf 81' lang='lat' dir='ltr'>israeliterelicto</span> <span class='ocrx_word' id='word_1_456' title='bbox 732 3377 799 3444; x_wconf 86' lang='lat' dir='ltr'>Deo,</span> <span class='ocrx_word' id='word_1_457' title='bbox 812 3379 931 3449; x_wconf 89' lang='lat' dir='ltr'>ideoque</span> <span class='ocrx_word' id='word_1_458' title='bbox 972 3373 1059 3438; x_wconf 86' lang='lat' dir='ltr'>ritati,</span> <span class='ocrx_word' id='word_1_459' title='bbox 1071 3374 1110 3430; x_wconf 88' lang='lat' dir='ltr'>ita</span> <span class='ocrx_word' id='word_1_460' title='bbox 1124 3374 1228 3429; x_wconf 91' lang='lat' dir='ltr'>idolum</span> <span class='ocrx_word' id='word_1_461' title='bbox 1243 3375 1311 3428; x_wconf 73' lang='lat' dir='ltr'>Deo,</span> <span class='ocrx_word' id='word_1_462' title='bbox 1325 3374 1375 3428; x_wconf 90' lang='lat' dir='ltr'>Vel</span> <span class='ocrx_word' id='word_1_463' title='bbox 1390 3382 1464 3429; x_wconf 86' lang='lat' dir='ltr'>certa</span> <span class='ocrx_word' id='word_1_464' title='bbox 1477 3375 1504 3428; x_wconf 89' lang='lat' dir='ltr'>in</span> <span class='ocrx_word' id='word_1_465' title='bbox 1520 3375 1573 3432; x_wconf 85' lang='lat' dir='ltr'>hoc</span> <span class='ocrx_word' id='word_1_466' title='bbox 1589 3375 1770 3430; x_wconf 84' lang='lat' dir='ltr'>mendacium</span> 
     </span>
     <span class='ocr_line' id='line_1_36' title="bbox 133 3449 1770 3537; baseline 0.002 -21"><span class='ocrx_word' id='word_1_467' title='bbox 133 3463 194 3517; x_wconf 89' lang='lat' dir='ltr'>ait:</span> <span class='ocrx_word' id='word_1_468' title='bbox 210 3463 243 3517; x_wconf 91' lang='lat' dir='ltr'>ln</span> <span class='ocrx_word' id='word_1_469' title='bbox 257 3449 447 3523; x_wconf 78' lang='lat' dir='ltr'>domolsrael,</span> <span class='ocrx_word' id='word_1_470' title='bbox 461 3461 550 3526; x_wconf 89' lang='lat' dir='ltr'>idest,</span> <span class='ocrx_word' id='word_1_471' title='bbox 562 3462 591 3516; x_wconf 91' lang='lat' dir='ltr'>in</span> <span class='ocrx_word' id='word_1_472' title='bbox 605 3465 821 3534; x_wconf 80' lang='lat' dir='ltr'>congregatione</span> <span class='ocrx_word' id='word_1_473' title='bbox 835 3467 930 3521; x_wconf 85' lang='lat' dir='ltr'>decern</span> <span class='ocrx_word' id='word_1_474' title='bbox 971 3463 1068 3517; x_wconf 84' lang='lat' dir='ltr'>iecisse</span> <span class='ocrx_word' id='word_1_475' title='bbox 1083 3463 1225 3529; x_wconf 89' lang='lat' dir='ltr'>dicuntur,</span> <span class='ocrx_word' id='word_1_476' title='bbox 1241 3463 1308 3537; x_wconf 87' lang='lat' dir='ltr'>quia</span> <span class='ocrx_word' id='word_1_477' title='bbox 1322 3463 1392 3518; x_wconf 80' lang='lat' dir='ltr'>salso</span> <span class='ocrx_word' id='word_1_478' title='bbox 1407 3462 1605 3533; x_wconf 79' lang='lat' dir='ltr'>loquebantur,</span> <span class='ocrx_word' id='word_1_479' title='bbox 1618 3464 1686 3519; x_wconf 91' lang='lat' dir='ltr'>dum</span> <span class='ocrx_word' id='word_1_480' title='bbox 1704 3480 1770 3536; x_wconf 90' lang='lat' dir='ltr'>pro·</span> 
     </span>
     <span class='ocr_line' id='line_1_37' title="bbox 133 3549 1770 3622; baseline 0.002 -18"><span class='ocrx_word' id='word_1_481' title='bbox 133 3551 259 3606; x_wconf 87' lang='lat' dir='ltr'>tribuum</span> <span class='ocrx_word' id='word_1_482' title='bbox 278 3549 332 3604; x_wconf 89' lang='lat' dir='ltr'>vidi</span> <span class='ocrx_word' id='word_1_483' title='bbox 346 3549 544 3604; x_wconf 84' lang='lat' dir='ltr'>idololatriam.</span> <span class='ocrx_word' id='word_1_484' title='bbox 567 3552 646 3615; x_wconf 90' lang='lat' dir='ltr'>Quod</span> <span class='ocrx_word' id='word_1_485' title='bbox 672 3552 747 3607; x_wconf 82' lang='lat' dir='ltr'>enim</span> <span class='ocrx_word' id='word_1_486' title='bbox 768 3553 931 3610; x_wconf 81' lang='lat' dir='ltr'>horribilius</span> <span class='ocrx_word' id='word_1_487' title='bbox 971 3552 1054 3605; x_wconf 84' lang='lat' dir='ltr'>strati</span> <span class='ocrx_word' id='word_1_488' title='bbox 1067 3552 1121 3606; x_wconf 89' lang='lat' dir='ltr'>diis</span> <span class='ocrx_word' id='word_1_489' title='bbox 1136 3552 1266 3607; x_wconf 87' lang='lat' dir='ltr'>dicebant</span> <span class='ocrx_word' id='word_1_490' title='bbox 1285 3568 1291 3606; x_wconf 78' lang='lat' dir='ltr'>t</span> <span class='ocrx_word' id='word_1_491' title='bbox 1309 3553 1359 3607; x_wconf 91' lang='lat' dir='ltr'>Isti</span> <span class='ocrx_word' id='word_1_492' title='bbox 1381 3558 1448 3607; x_wconf 90' lang='lat' dir='ltr'>sunt</span> <span class='ocrx_word' id='word_1_493' title='bbox 1461 3553 1500 3606; x_wconf 91' lang='lat' dir='ltr'>dii</span> <span class='ocrx_word' id='word_1_494' title='bbox 1515 3553 1567 3619; x_wconf 90' lang='lat' dir='ltr'>tui,</span> <span class='ocrx_word' id='word_1_495' title='bbox 1583 3553 1704 3622; x_wconf 86' lang='lat' dir='ltr'>gloriam</span> <span class='ocrx_word' id='word_1_496' title='bbox 1719 3554 1770 3608; x_wconf 87' lang='lat' dir='ltr'>Dei</span> 
     </span>
     <span class='ocr_line' id='line_1_38' title="bbox 136 3636 1770 3715; baseline 0.001 -20"><span class='ocrx_word' id='word_1_497' title='bbox 136 3656 221 3712; x_wconf 86' lang='lat' dir='ltr'>quarn</span> <span class='ocrx_word' id='word_1_498' title='bbox 235 3640 331 3693; x_wconf 90' lang='lat' dir='ltr'>decem</span> <span class='ocrx_word' id='word_1_499' title='bbox 356 3636 447 3692; x_wconf 88' lang='lat' dir='ltr'>tribus</span> <span class='ocrx_word' id='word_1_500' title='bbox 474 3639 509 3693; x_wconf 90' lang='lat' dir='ltr'>ad</span> <span class='ocrx_word' id='word_1_501' title='bbox 534 3639 674 3694; x_wconf 89' lang='lat' dir='ltr'>idolorum</span> <span class='ocrx_word' id='word_1_502' title='bbox 693 3642 800 3696; x_wconf 88' lang='lat' dir='ltr'>cultum</span> <span class='ocrx_word' id='word_1_503' title='bbox 815 3651 931 3715; x_wconf 85' lang='lat' dir='ltr'>repente</span> <span class='ocrx_word' id='word_1_504' title='bbox 972 3640 1174 3695; x_wconf 74' lang='lat' dir='ltr'>transferentes</span> <span class='ocrx_word' id='word_1_505' title='bbox 1188 3642 1223 3696; x_wconf 90' lang='lat' dir='ltr'>ad</span> <span class='ocrx_word' id='word_1_506' title='bbox 1244 3641 1403 3699; x_wconf 88' lang='lat' dir='ltr'>simulacra.</span> <span class='ocrx_word' id='word_1_507' title='bbox 1422 3659 1436 3693; x_wconf 81' lang='grc' dir='ltr'>ι</span> <span class='ocrx_word' id='word_1_508' title='bbox 1452 3641 1487 3695; x_wconf 86' lang='grc' dir='ltr'>Ει</span> <span class='ocrx_word' id='word_1_509' title='bbox 1505 3642 1550 3699; x_wconf 88' lang='lat' dir='ltr'>fur</span> <span class='ocrx_word' id='word_1_510' title='bbox 1569 3641 1713 3711; x_wconf 85' lang='lat' dir='ltr'>ingressus</span> <span class='ocrx_word' id='word_1_511' title='bbox 1728 3648 1770 3696; x_wconf 89' lang='lat' dir='ltr'>est</span> 
     </span>
     <span class='ocr_line' id='line_1_39' title="bbox 133 3725 1771 3800; baseline 0.001 -17"><span class='ocrx_word' id='word_1_512' title='bbox 133 3727 374 3798; x_wconf 69' lang='lat' dir='ltr'>hanegr&#39;essastr</span> <span class='ocrx_word' id='word_1_513' title='bbox 397 3725 439 3780; x_wconf 93' lang='lat' dir='ltr'>lbi</span> <span class='ocrx_word' id='word_1_514' title='bbox 455 3725 652 3782; x_wconf 76' lang='lat' dir='ltr'>fornicationes</span> <span class='ocrx_word' id='word_1_515' title='bbox 665 3729 808 3800; x_wconf 85' lang='lat' dir='ltr'>Ephraim,</span> <span class='ocrx_word' id='word_1_516' title='bbox 833 3742 931 3786; x_wconf 84' lang='lat' dir='ltr'>conta·</span> <span class='ocrx_word' id='word_1_517' title='bbox 972 3728 1105 3798; x_wconf 86' lang='lat' dir='ltr'>spolians,</span> <span class='ocrx_word' id='word_1_518' title='bbox 1123 3730 1300 3785; x_wconf 82' lang='lat' dir='ltr'>latrunculus</span> <span class='ocrx_word' id='word_1_519' title='bbox 1316 3731 1392 3789; x_wconf 86' lang='lat' dir='ltr'>foris,</span> <span class='ocrx_word' id='word_1_520' title='bbox 1419 3750 1430 3781; x_wconf 82' lang='grc' dir='ltr'>ι</span> <span class='ocrx_word' id='word_1_521' title='bbox 1454 3729 1513 3785; x_wconf 85' lang='lat' dir='ltr'>Hoc</span> <span class='ocrx_word' id='word_1_522' title='bbox 1537 3731 1613 3786; x_wconf 86' lang='lat' dir='ltr'>inter</span> <span class='ocrx_word' id='word_1_523' title='bbox 1635 3729 1771 3789; x_wconf 77' lang='lat' dir='ltr'>succinet</span> 
     </span>
     <span class='ocr_line' id='line_1_40' title="bbox 133 3816 1772 3890; baseline 0.001 -17"><span class='ocrx_word' id='word_1_524' title='bbox 133 3818 259 3873; x_wconf 87' lang='lat' dir='ltr'>minatus</span> <span class='ocrx_word' id='word_1_525' title='bbox 269 3820 313 3871; x_wconf 88' lang='lat' dir='ltr'>est</span> <span class='ocrx_word' id='word_1_526' title='bbox 327 3816 422 3871; x_wconf 90' lang='lat' dir='ltr'>lsrael.</span> <span class='ocrx_word' id='word_1_527' title='bbox 440 3834 453 3869; x_wconf 82' lang='grc' dir='ltr'>ι</span> <span class='ocrx_word' id='word_1_528' title='bbox 468 3816 578 3871; x_wconf 87' lang='lat' dir='ltr'>Dictum</span> <span class='ocrx_word' id='word_1_529' title='bbox 593 3822 637 3871; x_wconf 86' lang='lat' dir='ltr'>eet</span> <span class='ocrx_word' id='word_1_530' title='bbox 648 3817 777 3887; x_wconf 88' lang='lat' dir='ltr'>superius</span> <span class='ocrx_word' id='word_1_531' title='bbox 794 3820 868 3890; x_wconf 91' lang='lat' dir='ltr'>quod</span> <span class='ocrx_word' id='word_1_532' title='bbox 883 3837 931 3875; x_wconf 88' lang='lat' dir='ltr'>no·</span> <span class='ocrx_word' id='word_1_533' title='bbox 971 3819 1109 3872; x_wconf 88' lang='lat' dir='ltr'>latronem</span> <span class='ocrx_word' id='word_1_534' title='bbox 1124 3818 1210 3875; x_wconf 88' lang='lat' dir='ltr'>distat</span> <span class='ocrx_word' id='word_1_535' title='bbox 1225 3820 1298 3890; x_wconf 88' lang='lat' dir='ltr'>quod</span> <span class='ocrx_word' id='word_1_536' title='bbox 1313 3819 1359 3875; x_wconf 83' lang='lat' dir='ltr'>tur</span> <span class='ocrx_word' id='word_1_537' title='bbox 1368 3825 1477 3873; x_wconf 91' lang='lat' dir='ltr'>noctem</span> <span class='ocrx_word' id='word_1_538' title='bbox 1491 3819 1601 3889; x_wconf 76' lang='lat' dir='ltr'>querit,</span> <span class='ocrx_word' id='word_1_539' title='bbox 1611 3824 1640 3872; x_wconf 88' lang='lat' dir='ltr'>ct</span> <span class='ocrx_word' id='word_1_540' title='bbox 1648 3819 1772 3874; x_wconf 87' lang='lat' dir='ltr'>latenter</span> 
     </span>
     <span class='ocr_line' id='line_1_41' title="bbox 133 3904 1768 3979; baseline -0.002 -17"><span class='ocrx_word' id='word_1_541' title='bbox 133 3906 211 3962; x_wconf 90' lang='lat' dir='ltr'>mine</span> <span class='ocrx_word' id='word_1_542' title='bbox 224 3906 358 3979; x_wconf 80' lang='lat' dir='ltr'>Ephraim</span> <span class='ocrx_word' id='word_1_543' title='bbox 372 3904 539 3960; x_wconf 84' lang='lat' dir='ltr'>Hieroboam</span> <span class='ocrx_word' id='word_1_544' title='bbox 553 3905 739 3976; x_wconf 87' lang='lat' dir='ltr'>intelligatur,</span> <span class='ocrx_word' id='word_1_545' title='bbox 759 3907 866 3978; x_wconf 82' lang='lat' dir='ltr'>primus</span> <span class='ocrx_word' id='word_1_546' title='bbox 881 3911 931 3965; x_wconf 78' lang='lat' dir='ltr'>soi·</span> <span class='ocrx_word' id='word_1_547' title='bbox 971 3905 1068 3974; x_wconf 91' lang='lat' dir='ltr'>inique</span> <span class='ocrx_word' id='word_1_548' title='bbox 1096 3912 1241 3976; x_wconf 87' lang='lat' dir='ltr'>operetur,</span> <span class='ocrx_word' id='word_1_549' title='bbox 1256 3907 1328 3961; x_wconf 88' lang='lat' dir='ltr'>latro</span> <span class='ocrx_word' id='word_1_550' title='bbox 1353 3914 1447 3962; x_wconf 90' lang='lat' dir='ltr'>autern</span> <span class='ocrx_word' id='word_1_551' title='bbox 1466 3914 1562 3977; x_wconf 89' lang='lat' dir='ltr'>aperte</span> <span class='ocrx_word' id='word_1_552' title='bbox 1590 3907 1646 3960; x_wconf 81' lang='lat' dir='ltr'>rim</span> <span class='ocrx_word' id='word_1_553' title='bbox 1674 3907 1768 3962; x_wconf 88' lang='lat' dir='ltr'>infert.</span> 
     </span>
     <span class='ocr_line' id='line_1_42' title="bbox 132 3993 1770 4063; baseline -0.001 -12"><span class='ocrx_word' id='word_1_554' title='bbox 132 3995 200 4053; x_wconf 87' lang='lat' dir='ltr'>licet</span> <span class='ocrx_word' id='word_1_555' title='bbox 221 4012 271 4050; x_wconf 82' lang='lat' dir='ltr'>rex</span> <span class='ocrx_word' id='word_1_556' title='bbox 294 3997 390 4050; x_wconf 88' lang='lat' dir='ltr'>decem</span> <span class='ocrx_word' id='word_1_557' title='bbox 417 3993 553 4058; x_wconf 85' lang='lat' dir='ltr'>tribuum,</span> <span class='ocrx_word' id='word_1_558' title='bbox 582 3994 692 4050; x_wconf 83' lang='lat' dir='ltr'>Israelis</span> <span class='ocrx_word' id='word_1_559' title='bbox 716 4000 820 4063; x_wconf 89' lang='lat' dir='ltr'>autem,</span> <span class='ocrx_word' id='word_1_560' title='bbox 846 4013 931 4055; x_wconf 89' lang='lat' dir='ltr'>omne</span> <span class='ocrx_word' id='word_1_561' title='bbox 971 3993 1074 4048; x_wconf 86' lang='lat' dir='ltr'>Furem</span> <span class='ocrx_word' id='word_1_562' title='bbox 1098 4000 1193 4051; x_wconf 88' lang='lat' dir='ltr'>autem</span> <span class='ocrx_word' id='word_1_563' title='bbox 1212 3995 1241 4052; x_wconf 88' lang='lat' dir='ltr'>iu</span> <span class='ocrx_word' id='word_1_564' title='bbox 1256 3995 1309 4048; x_wconf 88' lang='lat' dir='ltr'>hoc</span> <span class='ocrx_word' id='word_1_565' title='bbox 1327 3996 1387 4049; x_wconf 89' lang='lat' dir='ltr'>loco</span> <span class='ocrx_word' id='word_1_566' title='bbox 1413 3996 1617 4060; x_wconf 77' lang='lat' dir='ltr'>collatronem,</span> <span class='ocrx_word' id='word_1_567' title='bbox 1634 3995 1770 4052; x_wconf 90' lang='lat' dir='ltr'>debemus</span> 
     </span>
     <span class='ocr_line' id='line_1_43' title="bbox 131 4083 1769 4156; baseline 0 -17"><span class='ocrx_word' id='word_1_568' title='bbox 131 4092 253 4156; x_wconf 75' lang='lat' dir='ltr'>regnum</span> <span class='ocrx_word' id='word_1_569' title='bbox 272 4085 359 4139; x_wconf 83' lang='lat' dir='ltr'>illius.</span> <span class='ocrx_word' id='word_1_570' title='bbox 376 4083 484 4138; x_wconf 85' lang='lat' dir='ltr'>Dicitur</span> <span class='ocrx_word' id='word_1_571' title='bbox 495 4084 590 4154; x_wconf 85' lang='lat' dir='ltr'>ltaque</span> <span class='ocrx_word' id='word_1_572' title='bbox 603 4083 651 4150; x_wconf 90' lang='lat' dir='ltr'>ihl,</span> <span class='ocrx_word' id='word_1_573' title='bbox 672 4086 724 4141; x_wconf 91' lang='lat' dir='ltr'>hoc</span> <span class='ocrx_word' id='word_1_574' title='bbox 735 4090 787 4150; x_wconf 84' lang='lat' dir='ltr'>est,</span> <span class='ocrx_word' id='word_1_575' title='bbox 804 4087 833 4141; x_wconf 93' lang='lat' dir='ltr'>in</span> <span class='ocrx_word' id='word_1_576' title='bbox 848 4087 930 4143; x_wconf 88' lang='lat' dir='ltr'>domo</span> <span class='ocrx_word' id='word_1_577' title='bbox 971 4084 1131 4154; x_wconf 84' lang='lat' dir='ltr'>intelligere</span> <span class='ocrx_word' id='word_1_578' title='bbox 1145 4083 1305 4150; x_wconf 89' lang='lat' dir='ltr'>Jeroboam,</span> <span class='ocrx_word' id='word_1_579' title='bbox 1321 4085 1369 4155; x_wconf 88' lang='lat' dir='ltr'>qui</span> <span class='ocrx_word' id='word_1_580' title='bbox 1388 4084 1557 4139; x_wconf 83' lang='lat' dir='ltr'>instarfuris</span> <span class='ocrx_word' id='word_1_581' title='bbox 1570 4084 1715 4155; x_wconf 84' lang='lat' dir='ltr'>ingressus</span> <span class='ocrx_word' id='word_1_582' title='bbox 1734 4084 1769 4139; x_wconf 86' lang='lat' dir='ltr'>ad</span> 
     </span>
     <span class='ocr_line' id='line_1_44' title="bbox 133 4171 1769 4244; baseline 0.003 -16"><span class='ocrx_word' id='word_1_583' title='bbox 133 4173 222 4229; x_wconf 83' lang='lat' dir='ltr'>lsrael</span> <span class='ocrx_word' id='word_1_584' title='bbox 242 4188 298 4242; x_wconf 84' lang='lat' dir='ltr'>qus</span> <span class='ocrx_word' id='word_1_585' title='bbox 311 4171 482 4225; x_wconf 75' lang='lat' dir='ltr'>harmodum</span> <span class='ocrx_word' id='word_1_586' title='bbox 497 4173 636 4241; x_wconf 83' lang='lat' dir='ltr'>apparuit,</span> <span class='ocrx_word' id='word_1_587' title='bbox 653 4173 852 4230; x_wconf 79' lang='lat' dir='ltr'>fornicationes</span> <span class='ocrx_word' id='word_1_588' title='bbox 864 4183 931 4232; x_wconf 85' lang='lat' dir='ltr'>sunt</span> <span class='ocrx_word' id='word_1_589' title='bbox 971 4172 1086 4226; x_wconf 71' lang='lat' dir='ltr'>donnum</span> <span class='ocrx_word' id='word_1_590' title='bbox 1113 4174 1210 4235; x_wconf 81' lang='lat' dir='ltr'>lsrael,</span> <span class='ocrx_word' id='word_1_591' title='bbox 1240 4174 1351 4228; x_wconf 77' lang='lat' dir='ltr'>furatus</span> <span class='ocrx_word' id='word_1_592' title='bbox 1377 4180 1420 4228; x_wconf 83' lang='lat' dir='ltr'>est</span> <span class='ocrx_word' id='word_1_593' title='bbox 1434 4190 1482 4227; x_wconf 87' lang='lat' dir='ltr'>cos</span> <span class='ocrx_word' id='word_1_594' title='bbox 1497 4173 1564 4235; x_wconf 83' lang='lat' dir='ltr'>Deo,</span> <span class='ocrx_word' id='word_1_595' title='bbox 1581 4180 1610 4227; x_wconf 85' lang='lat' dir='ltr'>et</span> <span class='ocrx_word' id='word_1_596' title='bbox 1625 4175 1706 4244; x_wconf 83' lang='lat' dir='ltr'>quasi</span> <span class='ocrx_word' id='word_1_597' title='bbox 1730 4174 1769 4233; x_wconf 82' lang='lat' dir='ltr'>la·</span> 
     </span>
     <span class='ocr_line' id='line_1_45' title="bbox 133 4258 1770 4336; baseline 0.001 -21"><span class='ocrx_word' id='word_1_598' title='bbox 133 4259 279 4330; x_wconf 77' lang='lat' dir='ltr'>Ephraim,</span> <span class='ocrx_word' id='word_1_599' title='bbox 294 4259 388 4324; x_wconf 90' lang='lat' dir='ltr'>idest,</span> <span class='ocrx_word' id='word_1_600' title='bbox 405 4258 572 4313; x_wconf 88' lang='lat' dir='ltr'>llieroboam</span> <span class='ocrx_word' id='word_1_601' title='bbox 588 4260 622 4313; x_wconf 93' lang='lat' dir='ltr'>de</span> <span class='ocrx_word' id='word_1_602' title='bbox 638 4260 713 4315; x_wconf 86' lang='lat' dir='ltr'>tribu</span> <span class='ocrx_word' id='word_1_603' title='bbox 728 4262 870 4333; x_wconf 81' lang='lat' dir='ltr'>Ephraim,</span> <span class='ocrx_word' id='word_1_604' title='bbox 883 4267 931 4336; x_wconf 90' lang='lat' dir='ltr'>qui</span> <span class='ocrx_word' id='word_1_605' title='bbox 973 4262 1120 4316; x_wconf 87' lang='lat' dir='ltr'>trunculus</span> <span class='ocrx_word' id='word_1_606' title='bbox 1133 4262 1273 4316; x_wconf 79' lang='lat' dir='ltr'>infelicem</span> <span class='ocrx_word' id='word_1_607' title='bbox 1289 4263 1423 4334; x_wconf 87' lang='lat' dir='ltr'>populum</span> <span class='ocrx_word' id='word_1_608' title='bbox 1445 4262 1609 4333; x_wconf 80' lang='lat' dir='ltr'>exspoliavit</span> <span class='ocrx_word' id='word_1_609' title='bbox 1632 4262 1682 4317; x_wconf 86' lang='lat' dir='ltr'>Dei</span> <span class='ocrx_word' id='word_1_610' title='bbox 1706 4280 1770 4334; x_wconf 91' lang='lat' dir='ltr'>pro-</span> 
     </span>
     <span class='ocr_line' id='line_1_46' title="bbox 133 4346 1771 4447; baseline 0.009 -45"><span class='ocrx_word' id='word_1_611' title='bbox 133 4347 224 4403; x_wconf 85' lang='lat' dir='ltr'>Deam</span> <span class='ocrx_word' id='word_1_612' title='bbox 247 4346 410 4417; x_wconf 81' lang='lat' dir='ltr'>relinquens</span> <span class='ocrx_word' id='word_1_613' title='bbox 423 4346 500 4401; x_wconf 87' lang='lat' dir='ltr'>idola</span> <span class='ocrx_word' id='word_1_614' title='bbox 513 4349 639 4402; x_wconf 82' lang='lat' dir='ltr'>uenerari</span> <span class='ocrx_word' id='word_1_615' title='bbox 654 4351 746 4420; x_wconf 83' lang='lat' dir='ltr'>coepit.</span> <span class='ocrx_word' id='word_1_616' title='bbox 761 4352 959 4447; x_wconf 76' lang='lat' dir='ltr'>FornicaturD</span> <span class='ocrx_word' id='word_1_617' title='bbox 971 4349 1103 4414; x_wconf 90' lang='lat' dir='ltr'>tectione,</span> <span class='ocrx_word' id='word_1_618' title='bbox 1115 4356 1144 4405; x_wconf 74' lang='grc' dir='ltr'>θῐ</span> <span class='ocrx_word' id='word_1_619' title='bbox 1154 4356 1305 4407; x_wconf 61' lang='grc' dir='ltr'>θὸἱὸθῐῑιῦῦ</span> <span class='ocrx_word' id='word_1_620' title='bbox 1322 4351 1412 4406; x_wconf 74' lang='lat' dir='ltr'>³0¹1ss¹</span> <span class='ocrx_word' id='word_1_621' title='bbox 1426 4352 1523 4405; x_wconf 66' lang='lat' dir='ltr'>vellem</span> <span class='ocrx_word' id='word_1_622' title='bbox 1541 4357 1636 4406; x_wconf 66' lang='lat' dir='ltr'>vetem</span> <span class='ocrx_word' id='word_1_623' title='bbox 1656 4358 1771 4422; x_wconf 63' lang='lat' dir='ltr'>Peccata</span> 
     </span>
     <span class='ocr_line' id='line_1_47' title="bbox 135 4430 1767 4511; baseline 0.006 -25"><span class='ocrx_word' id='word_1_624' title='bbox 135 4435 238 4507; x_wconf 87' lang='lat' dir='ltr'>quippe</span> <span class='ocrx_word' id='word_1_625' title='bbox 248 4434 342 4499; x_wconf 90' lang='lat' dir='ltr'>homo,</span> <span class='ocrx_word' id='word_1_626' title='bbox 358 4435 470 4504; x_wconf 91' lang='lat' dir='ltr'>quando</span> <span class='ocrx_word' id='word_1_627' title='bbox 483 4436 759 4508; x_wconf 79' lang='lat' dir='ltr'>Creatoremtquiest</span> <span class='ocrx_word' id='word_1_628' title='bbox 771 4441 927 4509; x_wconf 75' lang='lat' dir='ltr'>viranimae)</span> <span class='ocrx_word' id='word_1_629' title='bbox 970 4438 1066 4509; x_wconf 92' lang='lat' dir='ltr'>populi</span> <span class='ocrx_word' id='word_1_630' title='bbox 1082 4430 1136 4492; x_wconf 78' lang='lat' dir='ltr'>inei</span> <span class='ocrx_word' id='word_1_631' title='bbox 1151 4439 1245 4493; x_wconf 90' lang='lat' dir='ltr'>delere</span> <span class='ocrx_word' id='word_1_632' title='bbox 1261 4447 1376 4511; x_wconf 89' lang='lat' dir='ltr'>propter</span> <span class='ocrx_word' id='word_1_633' title='bbox 1402 4440 1546 4511; x_wconf 88' lang='lat' dir='ltr'>antiquam</span> <span class='ocrx_word' id='word_1_634' title='bbox 1565 4440 1767 4505; x_wconf 85' lang='lat' dir='ltr'>idololatriam,</span> 
     </span>
     <span class='ocr_line' id='line_1_48' title="bbox 134 4524 1770 4601; baseline 0.009 -22"><span class='ocrx_word' id='word_1_635' title='bbox 134 4524 276 4590; x_wconf 87' lang='lat' dir='ltr'>deserens,</span> <span class='ocrx_word' id='word_1_636' title='bbox 302 4524 430 4578; x_wconf 87' lang='lat' dir='ltr'>adultero</span> <span class='ocrx_word' id='word_1_637' title='bbox 452 4525 490 4590; x_wconf 75' lang='lat' dir='ltr'>tid</span> <span class='ocrx_word' id='word_1_638' title='bbox 513 4529 556 4578; x_wconf 88' lang='lat' dir='ltr'>est</span> <span class='ocrx_word' id='word_1_639' title='bbox 581 4525 699 4587; x_wconf 78' lang='lat' dir='ltr'>diabolot</span> <span class='ocrx_word' id='word_1_640' title='bbox 719 4530 875 4600; x_wconf 83' lang='lat' dir='ltr'>copulatur.</span> <span class='ocrx_word' id='word_1_641' title='bbox 893 4531 930 4587; x_wconf 89' lang='lat' dir='ltr'>Et</span> <span class='ocrx_word' id='word_1_642' title='bbox 970 4526 1102 4596; x_wconf 81' lang='lat' dir='ltr'>Ephraim</span> <span class='ocrx_word' id='word_1_643' title='bbox 1115 4532 1143 4581; x_wconf 90' lang='lat' dir='ltr'>et</span> <span class='ocrx_word' id='word_1_644' title='bbox 1157 4528 1455 4583; x_wconf 74' lang='lat' dir='ltr'>Samariuneuaidola</span> <span class='ocrx_word' id='word_1_645' title='bbox 1469 4537 1647 4601; x_wconf 83' lang='lat' dir='ltr'>repererunt·</span> <span class='ocrx_word' id='word_1_646' title='bbox 1670 4530 1723 4584; x_wconf 73' lang='lat' dir='ltr'>Sed</span> <span class='ocrx_word' id='word_1_647' title='bbox 1741 4539 1770 4593; x_wconf 70' lang='lat' dir='ltr'>ei</span> 
     </span>
     <span class='ocr_line' id='line_1_49' title="bbox 132 4612 1768 4692; baseline -0.002 -22"><span class='ocrx_word' id='word_1_648' title='bbox 132 4614 288 4670; x_wconf 75' lang='lat' dir='ltr'>fornicante</span> <span class='ocrx_word' id='word_1_649' title='bbox 307 4614 321 4667; x_wconf 92' lang='lat' dir='ltr'>J</span> <span class='ocrx_word' id='word_1_650' title='bbox 324 4612 466 4678; x_wconf 85' lang='lat' dir='ltr'>eroboam,</span> <span class='ocrx_word' id='word_1_651' title='bbox 493 4614 700 4669; x_wconf 88' lang='lat' dir='ltr'>contaminatus</span> <span class='ocrx_word' id='word_1_652' title='bbox 714 4624 758 4671; x_wconf 85' lang='lat' dir='ltr'>eat</span> <span class='ocrx_word' id='word_1_653' title='bbox 770 4618 866 4685; x_wconf 82' lang='lat' dir='ltr'>lsrael,</span> <span class='ocrx_word' id='word_1_654' title='bbox 882 4638 930 4692; x_wconf 85' lang='lat' dir='ltr'>po·</span> <span class='ocrx_word' id='word_1_655' title='bbox 970 4615 1022 4670; x_wconf 88' lang='lat' dir='ltr'>hoc</span> <span class='ocrx_word' id='word_1_656' title='bbox 1036 4615 1090 4680; x_wconf 83' lang='lat' dir='ltr'>dici</span> <span class='ocrx_word' id='word_1_657' title='bbox 1104 4618 1282 4688; x_wconf 88' lang='lat' dir='ltr'>potest,quod</span> <span class='ocrx_word' id='word_1_658' title='bbox 1293 4618 1412 4673; x_wconf 88' lang='lat' dir='ltr'>Domino</span> <span class='ocrx_word' id='word_1_659' title='bbox 1421 4619 1566 4672; x_wconf 75' lang='lat' dir='ltr'>Salvatore</span> <span class='ocrx_word' id='word_1_660' title='bbox 1577 4619 1685 4672; x_wconf 87' lang='lat' dir='ltr'>volente</span> <span class='ocrx_word' id='word_1_661' title='bbox 1701 4636 1768 4689; x_wconf 74' lang='lat' dir='ltr'>pec.</span> 
     </span>
     <span class='ocr_line' id='line_1_50' title="bbox 132 4700 1768 4780; baseline 0.002 -21"><span class='ocrx_word' id='word_1_662' title='bbox 132 4704 216 4776; x_wconf 77' lang='lat' dir='ltr'>pruus</span> <span class='ocrx_word' id='word_1_663' title='bbox 228 4703 358 4763; x_wconf 76' lang='lat' dir='ltr'>videlicet</span> <span class='ocrx_word' id='word_1_664' title='bbox 381 4703 421 4757; x_wconf 91' lang='lat' dir='ltr'>illi</span> <span class='ocrx_word' id='word_1_665' title='bbox 434 4700 586 4773; x_wconf 86' lang='lat' dir='ltr'>subjectus,</span> <span class='ocrx_word' id='word_1_666' title='bbox 607 4704 674 4774; x_wconf 91' lang='lat' dir='ltr'>quia</span> <span class='ocrx_word' id='word_1_667' title='bbox 687 4721 790 4776; x_wconf 84' lang='lat' dir='ltr'>magna</span> <span class='ocrx_word' id='word_1_668' title='bbox 805 4724 838 4762; x_wconf 83' lang='lat' dir='ltr'>er</span> <span class='ocrx_word' id='word_1_669' title='bbox 851 4716 931 4780; x_wconf 85' lang='lat' dir='ltr'>perte</span> <span class='ocrx_word' id='word_1_670' title='bbox 971 4710 1034 4759; x_wconf 85' lang='lat' dir='ltr'>cato</span> <span class='ocrx_word' id='word_1_671' title='bbox 1048 4704 1176 4760; x_wconf 81' lang='lat' dir='ltr'>Ecclesiae</span> <span class='ocrx_word' id='word_1_672' title='bbox 1186 4712 1244 4760; x_wconf 86' lang='lat' dir='ltr'>tarn</span> <span class='ocrx_word' id='word_1_673' title='bbox 1252 4707 1412 4762; x_wconf 75' lang='lat' dir='ltr'>iudeorum</span> <span class='ocrx_word' id='word_1_674' title='bbox 1420 4723 1504 4779; x_wconf 91' lang='lat' dir='ltr'>quam</span> <span class='ocrx_word' id='word_1_675' title='bbox 1512 4707 1642 4778; x_wconf 87' lang='lat' dir='ltr'>gentium</span> <span class='ocrx_word' id='word_1_676' title='bbox 1656 4724 1768 4774; x_wconf 87' lang='lat' dir='ltr'>sanare,</span> 
     </span>
     <span class='ocr_line' id='line_1_51' title="bbox 134 4791 1769 4866; baseline 0.007 -21"><span class='ocrx_word' id='word_1_677' title='bbox 134 4807 284 4854; x_wconf 83' lang='lat' dir='ltr'>commune</span> <span class='ocrx_word' id='word_1_678' title='bbox 306 4808 409 4847; x_wconf 90' lang='lat' dir='ltr'>nomen</span> <span class='ocrx_word' id='word_1_679' title='bbox 424 4791 538 4847; x_wconf 87' lang='lat' dir='ltr'>Israelis</span> <span class='ocrx_word' id='word_1_680' title='bbox 552 4792 681 4847; x_wconf 87' lang='lat' dir='ltr'>obtinuit.</span> <span class='ocrx_word' id='word_1_681' title='bbox 695 4794 775 4849; x_wconf 90' lang='lat' dir='ltr'>Unde</span> <span class='ocrx_word' id='word_1_682' title='bbox 791 4803 820 4851; x_wconf 91' lang='lat' dir='ltr'>et</span> <span class='ocrx_word' id='word_1_683' title='bbox 833 4797 868 4851; x_wconf 92' lang='lat' dir='ltr'>ad</span> <span class='ocrx_word' id='word_1_684' title='bbox 883 4799 930 4855; x_wconf 87' lang='lat' dir='ltr'>Ju-</span> <span class='ocrx_word' id='word_1_685' title='bbox 970 4792 1062 4848; x_wconf 68' lang='lat' dir='ltr'>tubiio</span> <span class='ocrx_word' id='word_1_686' title='bbox 1076 4795 1198 4849; x_wconf 67' lang='lat' dir='ltr'>surrexit</span> <span class='ocrx_word' id='word_1_687' title='bbox 1212 4795 1358 4866; x_wconf 79' lang='lat' dir='ltr'>Ephraim,</span> <span class='ocrx_word' id='word_1_688' title='bbox 1381 4797 1434 4851; x_wconf 83' lang='lat' dir='ltr'>hcc</span> <span class='ocrx_word' id='word_1_689' title='bbox 1449 4802 1492 4850; x_wconf 73' lang='lat' dir='ltr'>cti</span> <span class='ocrx_word' id='word_1_690' title='bbox 1505 4795 1619 4851; x_wconf 72' lang='lat' dir='ltr'>ubertas</span> <span class='ocrx_word' id='word_1_691' title='bbox 1633 4795 1769 4851; x_wconf 74' lang='lat' dir='ltr'>salsorum</span> 
     </span>
     <span class='ocr_line' id='line_1_52' title="bbox 134 4879 1770 4956; baseline 0.005 -23"><span class='ocrx_word' id='word_1_692' title='bbox 134 4879 200 4933; x_wconf 86' lang='lat' dir='ltr'>dem</span> <span class='ocrx_word' id='word_1_693' title='bbox 210 4896 303 4934; x_wconf 87' lang='lat' dir='ltr'>sermo</span> <span class='ocrx_word' id='word_1_694' title='bbox 313 4882 494 4949; x_wconf 74' lang='lat' dir='ltr'>convenitur,</span> <span class='ocrx_word' id='word_1_695' title='bbox 505 4897 569 4936; x_wconf 89' lang='lat' dir='ltr'>cum</span> <span class='ocrx_word' id='word_1_696' title='bbox 583 4881 711 4952; x_wconf 88' lang='lat' dir='ltr'>protinus</span> <span class='ocrx_word' id='word_1_697' title='bbox 726 4883 856 4940; x_wconf 84' lang='lat' dir='ltr'>subditur</span> <span class='ocrx_word' id='word_1_698' title='bbox 871 4904 877 4940; x_wconf 82' lang='lat' dir='ltr'>r</span> <span class='ocrx_word' id='word_1_699' title='bbox 969 4883 1145 4952; x_wconf 83' lang='lat' dir='ltr'>dogmatum,</span> <span class='ocrx_word' id='word_1_700' title='bbox 1160 4883 1203 4938; x_wconf 90' lang='lat' dir='ltr'>cui</span> <span class='ocrx_word' id='word_1_701' title='bbox 1215 4884 1297 4939; x_wconf 89' lang='lat' dir='ltr'>multi</span> <span class='ocrx_word' id='word_1_702' title='bbox 1309 4884 1434 4940; x_wconf 76' lang='lat' dir='ltr'>fauentes</span> <span class='ocrx_word' id='word_1_703' title='bbox 1447 4884 1556 4956; x_wconf 86' lang='lat' dir='ltr'>operati</span> <span class='ocrx_word' id='word_1_704' title='bbox 1569 4891 1637 4940; x_wconf 91' lang='lat' dir='ltr'>sunt</span> <span class='ocrx_word' id='word_1_705' title='bbox 1656 4886 1770 4943; x_wconf 89' lang='lat' dir='ltr'>menda·</span> 
     </span>
     <span class='ocr_line' id='line_1_53' title="bbox 170 4967 1770 5045; baseline 0.006 -25"><span class='ocrx_word' id='word_1_706' title='bbox 170 4985 183 5020; x_wconf 81' lang='grc' dir='ltr'>ι</span> <span class='ocrx_word' id='word_1_707' title='bbox 200 4967 256 5023; x_wconf 89' lang='lat' dir='ltr'>Sed</span> <span class='ocrx_word' id='word_1_708' title='bbox 269 4969 388 5034; x_wconf 83' lang='lat' dir='ltr'>etluda,</span> <span class='ocrx_word' id='word_1_709' title='bbox 405 4986 477 5039; x_wconf 89' lang='lat' dir='ltr'>pone</span> <span class='ocrx_word' id='word_1_710' title='bbox 490 4987 609 5026; x_wconf 89' lang='lat' dir='ltr'>messem</span> <span class='ocrx_word' id='word_1_711' title='bbox 620 4970 699 5026; x_wconf 75' lang='lat' dir='ltr'>tibi.»</span> <span class='ocrx_word' id='word_1_712' title='bbox 711 4973 745 5027; x_wconf 88' lang='lat' dir='ltr'>Et</span> <span class='ocrx_word' id='word_1_713' title='bbox 755 4981 904 5031; x_wconf 84' lang='lat' dir='ltr'>estsensus</span> <span class='ocrx_word' id='word_1_714' title='bbox 919 4993 925 5029; x_wconf 83' lang='grc' dir='ltr'>ι</span> <span class='ocrx_word' id='word_1_715' title='bbox 968 4971 1043 5027; x_wconf 90' lang='lat' dir='ltr'>oium</span> <span class='ocrx_word' id='word_1_716' title='bbox 1053 4977 1152 5026; x_wconf 89' lang='lat' dir='ltr'>contra</span> <span class='ocrx_word' id='word_1_717' title='bbox 1166 4973 1320 5033; x_wconf 82' lang='lat' dir='ltr'>Christum.</span> <span class='ocrx_word' id='word_1_718' title='bbox 1335 4980 1364 5029; x_wconf 89' lang='lat' dir='ltr'>at</span> <span class='ocrx_word' id='word_1_719' title='bbox 1377 4988 1428 5045; x_wconf 88' lang='lat' dir='ltr'>per</span> <span class='ocrx_word' id='word_1_720' title='bbox 1442 4991 1489 5029; x_wconf 86' lang='lat' dir='ltr'>eos</span> <span class='ocrx_word' id='word_1_721' title='bbox 1503 4974 1648 5044; x_wconf 84' lang='lat' dir='ltr'>ingressus</span> <span class='ocrx_word' id='word_1_722' title='bbox 1663 4980 1706 5028; x_wconf 88' lang='lat' dir='ltr'>est</span> <span class='ocrx_word' id='word_1_723' title='bbox 1723 4975 1770 5029; x_wconf 81' lang='lat' dir='ltr'>fur</span> 
     </span>
     <span class='ocr_line' id='line_1_54' title="bbox 131 5057 1768 5134; baseline 0.003 -21"><span class='ocrx_word' id='word_1_724' title='bbox 131 5057 195 5113; x_wconf 77' lang='lat' dir='ltr'>Non</span> <span class='ocrx_word' id='word_1_725' title='bbox 207 5062 236 5111; x_wconf 87' lang='lat' dir='ltr'>te</span> <span class='ocrx_word' id='word_1_726' title='bbox 250 5059 334 5128; x_wconf 89' lang='lat' dir='ltr'>putes</span> <span class='ocrx_word' id='word_1_727' title='bbox 357 5072 418 5111; x_wconf 85' lang='lat' dir='ltr'>esse</span> <span class='ocrx_word' id='word_1_728' title='bbox 430 5074 570 5121; x_wconf 86' lang='lat' dir='ltr'>securum,</span> <span class='ocrx_word' id='word_1_729' title='bbox 599 5061 673 5131; x_wconf 93' lang='lat' dir='ltr'>quod</span> <span class='ocrx_word' id='word_1_730' title='bbox 699 5060 787 5117; x_wconf 87' lang='lat' dir='ltr'>Israel</span> <span class='ocrx_word' id='word_1_731' title='bbox 802 5064 928 5134; x_wconf 78' lang='lat' dir='ltr'>captiuus</span> <span class='ocrx_word' id='word_1_732' title='bbox 969 5065 997 5114; x_wconf 90' lang='lat' dir='ltr'>ct</span> <span class='ocrx_word' id='word_1_733' title='bbox 1007 5060 1088 5126; x_wconf 87' lang='lat' dir='ltr'>latro,</span> <span class='ocrx_word' id='word_1_734' title='bbox 1105 5060 1157 5114; x_wconf 91' lang='lat' dir='ltr'>hoc</span> <span class='ocrx_word' id='word_1_735' title='bbox 1171 5067 1214 5117; x_wconf 88' lang='lat' dir='ltr'>est</span> <span class='ocrx_word' id='word_1_736' title='bbox 1227 5062 1356 5118; x_wconf 85' lang='lat' dir='ltr'>diabolus</span> <span class='ocrx_word' id='word_1_737' title='bbox 1368 5063 1397 5117; x_wconf 93' lang='lat' dir='ltr'>in</span> <span class='ocrx_word' id='word_1_738' title='bbox 1411 5063 1573 5117; x_wconf 87' lang='lat' dir='ltr'>Ecclesiam.</span> <span class='ocrx_word' id='word_1_739' title='bbox 1590 5063 1653 5117; x_wconf 86' lang='lat' dir='ltr'>Sira</span> <span class='ocrx_word' id='word_1_740' title='bbox 1676 5063 1768 5119; x_wconf 83' lang='lat' dir='ltr'>turem</span> 
     </span>
     <span class='ocr_line' id='line_1_55' title="bbox 130 5144 1769 5222; baseline 0.004 -22"><span class='ocrx_word' id='word_1_741' title='bbox 130 5144 290 5209; x_wconf 85' lang='lat' dir='ltr'>hbduoitur,</span> <span class='ocrx_word' id='word_1_742' title='bbox 305 5151 337 5199; x_wconf 93' lang='lat' dir='ltr'>tu</span> <span class='ocrx_word' id='word_1_743' title='bbox 352 5161 463 5216; x_wconf 88' lang='lat' dir='ltr'>quoque</span> <span class='ocrx_word' id='word_1_744' title='bbox 478 5164 605 5218; x_wconf 72' lang='lat' dir='ltr'>prepara</span> <span class='ocrx_word' id='word_1_745' title='bbox 627 5149 678 5204; x_wconf 88' lang='lat' dir='ltr'>tibi</span> <span class='ocrx_word' id='word_1_746' title='bbox 698 5155 807 5222; x_wconf 84' lang='lat' dir='ltr'>segetes</span> <span class='ocrx_word' id='word_1_747' title='bbox 822 5160 854 5206; x_wconf 89' lang='lat' dir='ltr'>ut</span> <span class='ocrx_word' id='word_1_748' title='bbox 872 5169 929 5207; x_wconf 88' lang='lat' dir='ltr'>me·</span> <span class='ocrx_word' id='word_1_749' title='bbox 969 5154 998 5203; x_wconf 89' lang='lat' dir='ltr'>et</span> <span class='ocrx_word' id='word_1_750' title='bbox 1012 5149 1149 5203; x_wconf 86' lang='lat' dir='ltr'>latronem</span> <span class='ocrx_word' id='word_1_751' title='bbox 1161 5151 1236 5222; x_wconf 88' lang='lat' dir='ltr'>ipsos</span> <span class='ocrx_word' id='word_1_752' title='bbox 1250 5151 1443 5222; x_wconf 86' lang='lat' dir='ltr'>intelligamus</span> <span class='ocrx_word' id='word_1_753' title='bbox 1457 5152 1611 5218; x_wconf 74' lang='lat' dir='ltr'>hereticos,</span> <span class='ocrx_word' id='word_1_754' title='bbox 1624 5151 1769 5221; x_wconf 83' lang='lat' dir='ltr'>dequibus</span> 
     </span>
     <span class='ocr_line' id='line_1_56' title="bbox 131 5232 1766 5311; baseline 0.004 -24"><span class='ocrx_word' id='word_1_755' title='bbox 131 5239 240 5298; x_wconf 86' lang='lat' dir='ltr'>tantur,</span> <span class='ocrx_word' id='word_1_756' title='bbox 255 5232 348 5296; x_wconf 86' lang='lat' dir='ltr'>idest,</span> <span class='ocrx_word' id='word_1_757' title='bbox 362 5249 467 5303; x_wconf 88' lang='lat' dir='ltr'>genera</span> <span class='ocrx_word' id='word_1_758' title='bbox 481 5235 554 5295; x_wconf 79' lang='lat' dir='ltr'>filios</span> <span class='ocrx_word' id='word_1_759' title='bbox 577 5236 624 5305; x_wconf 90' lang='lat' dir='ltr'>qui</span> <span class='ocrx_word' id='word_1_760' title='bbox 643 5238 855 5293; x_wconf 88' lang='lat' dir='ltr'>succidantura</span> <span class='ocrx_word' id='word_1_761' title='bbox 874 5240 929 5292; x_wconf 90' lang='lat' dir='ltr'>Na·</span> <span class='ocrx_word' id='word_1_762' title='bbox 969 5237 1105 5292; x_wconf 88' lang='lat' dir='ltr'>Dominus</span> <span class='ocrx_word' id='word_1_763' title='bbox 1118 5238 1187 5293; x_wconf 88' lang='lat' dir='ltr'>dicit</span> <span class='ocrx_word' id='word_1_764' title='bbox 1199 5257 1205 5292; x_wconf 92' lang='lat'><strong>:</strong></span> <span class='ocrx_word' id='word_1_765' title='bbox 1217 5239 1271 5303; x_wconf 80' lang='lat' dir='ltr'>Qui</span> <span class='ocrx_word' id='word_1_766' title='bbox 1281 5256 1347 5308; x_wconf 27' lang='lat' dir='ltr'>,non</span> <span class='ocrx_word' id='word_1_767' title='bbox 1368 5241 1457 5295; x_wconf 89' lang='lat' dir='ltr'>intrat</span> <span class='ocrx_word' id='word_1_768' title='bbox 1472 5256 1523 5311; x_wconf 89' lang='lat' dir='ltr'>per</span> <span class='ocrx_word' id='word_1_769' title='bbox 1536 5240 1639 5295; x_wconf 87' lang='lat' dir='ltr'>ostium</span> <span class='ocrx_word' id='word_1_770' title='bbox 1655 5241 1684 5297; x_wconf 92' lang='lat' dir='ltr'>in</span> <span class='ocrx_word' id='word_1_771' title='bbox 1695 5241 1766 5294; x_wconf 87' lang='lat' dir='ltr'>ovile</span> 
     </span>
     <span class='ocr_line' id='line_1_57' title="bbox 129 5321 1765 5399; baseline 0.005 -22"><span class='ocrx_word' id='word_1_772' title='bbox 129 5321 377 5381; x_wconf 80' lang='lat' dir='ltr'>huchodonosoret</span> <span class='ocrx_word' id='word_1_773' title='bbox 388 5323 511 5376; x_wconf 86' lang='lat' dir='ltr'>exercitu</span> <span class='ocrx_word' id='word_1_774' title='bbox 520 5325 591 5392; x_wconf 87' lang='lat' dir='ltr'>ejus.</span> <span class='ocrx_word' id='word_1_775' title='bbox 603 5325 665 5378; x_wconf 92' lang='lat' dir='ltr'>Non</span> <span class='ocrx_word' id='word_1_776' title='bbox 674 5326 763 5380; x_wconf 90' lang='lat' dir='ltr'>multo</span> <span class='ocrx_word' id='word_1_777' title='bbox 774 5328 848 5381; x_wconf 90' lang='lat' dir='ltr'>enirn</span> <span class='ocrx_word' id='word_1_778' title='bbox 864 5334 928 5399; x_wconf 83' lang='lat' dir='ltr'>post</span> <span class='ocrx_word' id='word_1_779' title='bbox 968 5326 1071 5390; x_wconf 84' lang='lat' dir='ltr'>orium,</span> <span class='ocrx_word' id='word_1_780' title='bbox 1080 5328 1123 5380; x_wconf 77' lang='lat' dir='ltr'>sel</span> <span class='ocrx_word' id='word_1_781' title='bbox 1135 5329 1260 5383; x_wconf 86' lang='lat' dir='ltr'>escendit</span> <span class='ocrx_word' id='word_1_782' title='bbox 1269 5328 1393 5394; x_wconf 84' lang='lat' dir='ltr'>aliunde,</span> <span class='ocrx_word' id='word_1_783' title='bbox 1403 5329 1451 5383; x_wconf 90' lang='lat' dir='ltr'>ille</span> <span class='ocrx_word' id='word_1_784' title='bbox 1464 5330 1510 5385; x_wconf 82' lang='lat' dir='ltr'>tur</span> <span class='ocrx_word' id='word_1_785' title='bbox 1524 5336 1566 5382; x_wconf 89' lang='lat' dir='ltr'>est</span> <span class='ocrx_word' id='word_1_786' title='bbox 1581 5336 1611 5385; x_wconf 87' lang='lat' dir='ltr'>ct</span> <span class='ocrx_word' id='word_1_787' title='bbox 1625 5330 1765 5394; x_wconf 85' lang='lat' dir='ltr'>latro,etc.</span> 
     </span>
     <span class='ocr_line' id='line_1_58' title="bbox 128 5410 1767 5487; baseline 0.003 -21"><span class='ocrx_word' id='word_1_788' title='bbox 128 5420 255 5482; x_wconf 82' lang='lat' dir='ltr'>tempore</span> <span class='ocrx_word' id='word_1_789' title='bbox 270 5410 380 5464; x_wconf 86' lang='lat' dir='ltr'>duceris</span> <span class='ocrx_word' id='word_1_790' title='bbox 393 5411 517 5480; x_wconf 85' lang='lat' dir='ltr'>captivus</span> <span class='ocrx_word' id='word_1_791' title='bbox 532 5411 560 5464; x_wconf 93' lang='lat' dir='ltr'>in</span> <span class='ocrx_word' id='word_1_792' title='bbox 573 5410 755 5483; x_wconf 82' lang='lat' dir='ltr'>Babylonem,</span> <span class='ocrx_word' id='word_1_793' title='bbox 771 5421 801 5468; x_wconf 90' lang='lat' dir='ltr'>et</span> <span class='ocrx_word' id='word_1_794' title='bbox 814 5417 928 5471; x_wconf 88' lang='lat' dir='ltr'>messio·</span> <span class='ocrx_word' id='word_1_795' title='bbox 968 5413 1073 5470; x_wconf 87' lang='lat' dir='ltr'>Omnes</span> <span class='ocrx_word' id='word_1_796' title='bbox 1079 5423 1218 5487; x_wconf 90' lang='lat' dir='ltr'>quotquot</span> <span class='ocrx_word' id='word_1_797' title='bbox 1228 5425 1366 5471; x_wconf 88' lang='lat' dir='ltr'>venerunt</span> <span class='ocrx_word' id='word_1_798' title='bbox 1375 5425 1442 5472; x_wconf 87' lang='lat' dir='ltr'>ente</span> <span class='ocrx_word' id='word_1_799' title='bbox 1452 5435 1506 5480; x_wconf 87' lang='lat' dir='ltr'>me,</span> <span class='ocrx_word' id='word_1_800' title='bbox 1521 5418 1599 5473; x_wconf 83' lang='lat' dir='ltr'>iures</span> <span class='ocrx_word' id='word_1_801' title='bbox 1610 5424 1677 5472; x_wconf 85' lang='lat' dir='ltr'>sunt</span> <span class='ocrx_word' id='word_1_802' title='bbox 1688 5424 1717 5476; x_wconf 84' lang='lat' dir='ltr'>et</span> <span class='ocrx_word' id='word_1_803' title='bbox 1726 5418 1767 5471; x_wconf 59' lang='lat' dir='ltr'>la,</span> 
     </span>
     <span class='ocr_line' id='line_1_59' title="bbox 127 5499 1766 5578; baseline 0.005 -25"><span class='ocrx_word' id='word_1_804' title='bbox 127 5499 173 5561; x_wconf 84' lang='lat' dir='ltr'>uis</span> <span class='ocrx_word' id='word_1_805' title='bbox 198 5505 254 5553; x_wconf 80' lang='lat' dir='ltr'>tue</span> <span class='ocrx_word' id='word_1_806' title='bbox 276 5499 338 5567; x_wconf 75' lang='lat' dir='ltr'>thoe</span> <span class='ocrx_word' id='word_1_807' title='bbox 357 5504 400 5552; x_wconf 90' lang='lat' dir='ltr'>est</span> <span class='ocrx_word' id='word_1_808' title='bbox 418 5499 633 5565; x_wconf 82' lang='lat' dir='ltr'>interfectionis)</span> <span class='ocrx_word' id='word_1_809' title='bbox 655 5509 766 5572; x_wconf 85' lang='lat' dir='ltr'>tempus</span> <span class='ocrx_word' id='word_1_810' title='bbox 785 5504 924 5559; x_wconf 87' lang='lat' dir='ltr'>adveniet.</span> <span class='ocrx_word' id='word_1_811' title='bbox 965 5510 1071 5559; x_wconf 85' lang='lat' dir='ltr'>trenes.</span> <span class='ocrx_word' id='word_1_812' title='bbox 1088 5504 1766 5578; x_wconf 82' lang='lat' dir='ltr'>Undesignificantereit,quodlatrunculusforis</span> 
     </span>
     <span class='ocr_line' id='line_1_60' title="bbox 131 5587 1766 5667; baseline 0.005 -26"><span class='ocrx_word' id='word_1_813' title='bbox 131 5608 143 5641; x_wconf 77' lang='grc' dir='ltr'>ι</span> <span class='ocrx_word' id='word_1_814' title='bbox 177 5587 249 5643; x_wconf 88' lang='lat' dir='ltr'>Cum</span> <span class='ocrx_word' id='word_1_815' title='bbox 280 5593 442 5642; x_wconf 87' lang='lat' dir='ltr'>convertero</span> <span class='ocrx_word' id='word_1_816' title='bbox 472 5588 663 5660; x_wconf 85' lang='lat' dir='ltr'>captivitatem</span> <span class='ocrx_word' id='word_1_817' title='bbox 691 5591 788 5660; x_wconf 91' lang='lat' dir='ltr'>populi</span> <span class='ocrx_word' id='word_1_818' title='bbox 818 5591 885 5654; x_wconf 88' lang='lat' dir='ltr'>mei,</span> <span class='ocrx_word' id='word_1_819' title='bbox 908 5611 922 5646; x_wconf 78' lang='lat' dir='ltr'>s</span> <span class='ocrx_word' id='word_1_820' title='bbox 965 5594 1110 5664; x_wconf 87' lang='lat' dir='ltr'>exspoliet.</span> <span class='ocrx_word' id='word_1_821' title='bbox 1124 5595 1188 5650; x_wconf 90' lang='lat' dir='ltr'>Non</span> <span class='ocrx_word' id='word_1_822' title='bbox 1203 5595 1279 5650; x_wconf 85' lang='lat' dir='ltr'>enim</span> <span class='ocrx_word' id='word_1_823' title='bbox 1294 5600 1411 5667; x_wconf 87' lang='lat' dir='ltr'>possunt</span> <span class='ocrx_word' id='word_1_824' title='bbox 1437 5596 1500 5650; x_wconf 90' lang='lat' dir='ltr'>illos</span> <span class='ocrx_word' id='word_1_825' title='bbox 1526 5596 1636 5667; x_wconf 82' lang='lat' dir='ltr'>privare</span> <span class='ocrx_word' id='word_1_826' title='bbox 1660 5596 1766 5651; x_wconf 69' lang='lat' dir='ltr'>curisti</span> 
     </span>
    </p>
   </div>
   <div class='ocr_carea' id='block_1_3' title="bbox 0 0 1914 6101">
    <p class='ocr_par' dir='ltr' id='par_1_3' title="bbox 0 0 1914 6101">
     <span class='ocr_line' id='line_1_61' title="bbox 0 0 1914 6101; baseline 0 0"><span class='ocrx_word' id='word_1_827' title='bbox 0 0 1914 6101; x_wconf 95' lang='lat' dir='ltr'> </span> 
     </span>
    </p>
   </div>
  </div>
 </body>
</html>
