3818 6104
127 278 171 373 79Ι
350 311 540 368 hathonis
561 306 807 364 HALBERSTAT.
824 302 937 359 uulso.
952 301 1174 358 operaest.
1191 330 1224 343 -·
1239 300 1428 357 conum.
1448 299 1543 357 BIBL.
1730 295 1768 354 8⁰

128 458 197 514 ergo
208 442 256 497 ille
271 456 334 495 cum
349 438 483 494 trecentis
492 436 567 494 vivis,
576 434 768 488 fcrenssecum
777 429 955 499 lampadasA
969 450 977 475 ι
998 427 1044 481 Sic
1055 425 1187 480 abierant
1200 441 1216 479 a
1227 425 1298 480 facie
1310 441 1418 488 eorum,
1437 441 1450 478 r
1463 424 1491 479 id
1504 427 1548 479 est
1560 423 1658 477 taliter
1676 438 1767 477 reces-

128 532 304 602 lagenarum,
321 534 349 582 et
363 526 502 581 interiecit
525 523 676 577 exercitum
694 518 921 576 madianitarum,
965 521 1063 569 serunt
1075 515 1130 568 cito
1143 515 1177 568 ad
1193 513 1348 568 doctrinam
1363 515 1475 568 illorum
1490 512 1579 568 vocati
1593 511 1692 577 abeis,
1705 527 1768 565 rer·

129 619 179 690 qui
201 615 398 677 ascendebant,
410 630 472 667 cum
491 609 620 666 omnibus
643 623 704 677 quae
729 604 879 669 habebant,
896 612 925 658 et
966 609 1057 657 tentes
1072 604 1204 673 eistergu
1220 608 1249 656 et
1264 603 1367 657 mentis
1389 603 1534 663 duritiam,
1553 599 1666 673 quando
1687 599 1767 654 dixe·

129 706 298 779 possidebat,
312 711 396 773 atque
418 698 569 755 devorabat
591 704 691 750 cuncta
705 710 767 764 quae
788 695 823 747 ad
839 692 925 747 lsrael
966 699 1033 746 runt
1052 695 1144 745 Aaron
1166 709 1171 744 :
1192 691 1246 745 Fac
1262 690 1342 745 nobis
1362 691 1429 746 deos
1444 690 1491 760 qui
1517 706 1569 744 nas
1591 687 1765 761 praecedant.

128 793 316 868 pertinebant,
335 793 370 845 Et
384 795 534 843 estsensus
551 804 556 838 :
574 785 652 839 Sicut
665 788 791 836 vastatus
810 781 923 836 estSal·
965 779 1055 850 lloysi
1069 779 1143 832 enirn
1159 779 1224 833 lmic
1238 780 1378 833 nescimus
1393 778 1459 850 quid
1471 778 1575 832 factum
1590 777 1637 842 sit,
1649 784 1679 829 et
1699 790 1763 846 pro·

128 899 223 948 muna,
235 882 363 953 princeps
377 875 605 936 Madianitarvnn,
618 870 837 943 quiintersoctus
853 877 925 923 esta
965 867 1097 922 cedentes
1113 868 1306 922 clamaverunt
1318 885 1345 919 :s
1363 866 1414 920 Isti
1424 872 1490 920 sunt
1503 866 1542 920 dii
1556 867 1609 931 tui,
1626 863 1727 930 lsrael,
1738 869 1769 918 et

128 971 222 1036 domo,
239 969 266 1022 id
281 978 325 1022 est
339 983 356 1020 a
370 964 476 1019 iamilia
494 961 643 1020 Gedeonis,
659 959 707 1029 qui
723 957 880 1021 vindicavit,
895 957 924 1011 id
967 961 1077 1009 caetera.
1092 976 1104 1007 a
1122 973 1135 1007 a
1150 956 1256 1010 Baalim
1267 955 1497 1018 immolabant,et
1507 953 1667 1010 simulacris
1681 952 1769 1007 sacm-

129 1065 181 1122 est,
207 1055 351 1113 damnavit
370 1053 447 1117 Baal,
466 1067 545 1105 aram
573 1049 633 1118 ejus
655 1044 926 1102 destruendoindie
967 1043 1127 1099 licebant·
1145 1045 1208 1098 Non
1222 1044 1297 1098 enirn
1311 1045 1352 1098 eis
1362 1044 1510 1098 suffecerat
1523 1048 1656 1099 vocantes
1669 1046 1768 1096 conte·

127 1145 225 1218 praelii,
255 1149 346 1198 matre
373 1156 457 1211 super
476 1138 548 1192 lilios
575 1136 664 1193 allisa,
680 1135 720 1189 sic
744 1134 829 1188 laciet
849 1132 927 1187 vobis
968 1149 1075 1197 mucre,
1091 1132 1145 1186 nisi
1159 1132 1339 1186 immolarent
1364 1133 1429 1187 Baal
1451 1138 1578 1202 tempore
1595 1130 1703 1198 Achab,
1718 1129 1768 1202 qui

127 1233 235 1297 Bethel,
258 1232 287 1285 in
311 1246 368 1301 qua
384 1228 503 1282 vitulum
524 1223 655 1295 posuistis
671 1239 797 1283 aureum,
818 1238 836 1275 a
855 1222 926 1275 facie
967 1221 1353 1292 accepitidolumaSidoniis,
1366 1219 1704 1293 eoqucdiezabel,tiliam
1720 1234 1768 1272 re·

128 1321 244 1377 malitie
255 1318 436 1389 iniquitatum
456 1320 675 1382 vestv·arum,pro
684 1310 785 1382 quibus
799 1309 927 1364 hostibus
967 1310 1011 1379 gis
1022 1309 1212 1375 Sidoniorum,
1228 1309 1348 1364 duxerit.
1362 1309 1429 1364 Baal
1443 1316 1537 1365 autem
1553 1309 1614 1380 ipse
1628 1313 1672 1363 est
1687 1307 1769 1362 Beel-

128 1408 226 1466 traditi
241 1405 379 1479 peribitis.
396 1403 475 1468 Quod
488 1407 582 1457 autem
596 1401 664 1455 dicit
679 1419 684 1452 :
702 1420 713 1452 ι
735 1399 828 1454 Matre
841 1414 927 1471 super
967 1398 1083 1468 phegor.
1100 1398 1265 1453 simulacris
1283 1399 1368 1453 etiarn
1384 1397 1590 1463 sacrificabant,
1601 1413 1659 1452 non
1674 1397 1766 1451 solum

128 1499 202 1553 tilios
215 1495 306 1560 allisa,
320 1514 332 1545 x
345 1492 380 1547 ad
394 1493 446 1546 hcc
456 1491 589 1563 pertinet,
606 1488 680 1559 quod
695 1488 793 1542 eadem
809 1487 927 1542 historia
966 1485 995 1539 in
1009 1487 1071 1539 Dan
1083 1491 1112 1540 et
1122 1486 1150 1540 in
1162 1487 1259 1541 Bethel
1269 1486 1343 1540 idola
1350 1484 1535 1547 colentes,sed
1543 1485 1629 1540 etiam
1644 1485 1675 1539 in
1689 1501 1770 1539 mon·

128 1586 206 1650 dicit,
224 1583 291 1654 quia
313 1586 469 1654 postquam.
486 1577 698 1648 comprehendit
711 1576 826 1630 cheon
840 1575 927 1630 Zebee
967 1573 1041 1627 tibus
1055 1580 1083 1627 et
1097 1573 1167 1628 lucis
1177 1575 1415 1646 caterisquelocis
1430 1575 1549 1630 amoenis
1562 1575 1655 1629 varias
1669 1573 1769 1645 imagi·

128 1680 158 1729 et
167 1675 309 1730 Selmena,
326 1669 465 1742 principes
480 1666 709 1728 Madianitarum,
719 1665 760 1718 ait
771 1665 841 1718 illis:
854 1665 928 1728 Qua·
968 1678 1018 1716 nes
1032 1662 1190 1716 adorantes.
1208 1664 1247 1717 De
1256 1664 1393 1718 haereticis
1405 1663 1494 1718 facilis
1508 1663 1698 1734 intelligentia
1712 1668 1766 1729 est,

127 1763 169 1818 les
191 1762 306 1816 fuerunt
331 1758 382 1811 viri
408 1773 478 1827 quos
503 1754 642 1809 occidistis
662 1754 691 1808 in
710 1752 850 1807 Thabor?
875 1754 926 1808 Cui
937 1745 1086 1819 liquorum
1103 1768 1160 1814 rex,
1178 1752 1205 1805 id
1220 1757 1263 1806 est
1275 1751 1412 1813 diabolus,
1432 1753 1474 1807 vel
1491 1752 1608 1823 quilibet
1622 1751 1769 1806 haeresiar-

128 1851 261 1906 Salmana
276 1846 422 1918 respondit
437 1863 443 1895 ε
459 1843 570 1898 Similes
579 1842 752 1906 tuisuerunt,
765 1848 793 1896 et
807 1860 880 1897 unus
892 1859 927 1895 ex
969 1839 1044 1901 clres,
1075 1840 1166 1894 instar
1183 1840 1298 1895 diluculi
1327 1842 1456 1896 transiet.
1480 1840 1558 1908 Quos
1583 1842 1614 1895 in
1636 1841 1764 1903 infantia,

125 1939 182 1996 illis
197 1938 268 1993 sicut
284 1936 359 1991 ivlius
373 1933 456 2004 regis.
469 1931 575 1995 Quibus
595 1930 708 1984 illeait:
726 1932 755 1985 Si
765 1931 928 1985 servassetis
969 1927 1082 1997 quando
1095 1928 1274 1982 crediderunt
1287 1934 1316 1982 et
1340 1935 1421 1984 erant
1438 1930 1557 2001 parvuli,
1579 1935 1666 2001 atque
1685 1929 1767 1983 Chri·

127 2047 185 2095 eos,
197 2045 253 2083 nou
264 2028 418 2083 occiderem
433 2044 490 2091 vos,
511 2032 575 2090 etc.;
592 2039 738 2096 quousque
749 2020 927 2084 concludens,
969 2016 1062 2069 stiano
1077 2017 1190 2071 nortvine
1201 2017 1396 2084 censebantur,
1408 2018 1505 2073 dilexit
1517 2019 1601 2078 Deus.
1617 2025 1647 2072 et
1660 2017 1767 2072 vocavit

128 2117 168 2170 ait
184 2134 189 2168 :
207 2116 287 2170 Sicut
300 2114 366 2168 fecit
380 2115 514 2167 mulieres
528 2113 589 2167 sine
604 2110 700 2165 liberis
724 2108 835 2178 gladius
849 2113 925 2171 tuus,
968 2120 1016 2158 eos
1030 2105 1065 2158 dc
1079 2105 1259 2159 tribulatione
1274 2112 1302 2160 et
1315 2106 1439 2160 tenebris
1451 2107 1564 2178 AEgypti
1589 2106 1707 2161 Vocavit
1720 2122 1767 2161 au·

127 2204 168 2259 sic
184 2208 274 2258 mater
287 2208 336 2257 tua
346 2203 401 2257 erit
413 2202 474 2255 sine
489 2201 592 2255 liberis.
610 2198 807 2267 Percussitque
818 2212 882 2249 eum
898 2201 927 2248 ct
967 2197 1025 2246 tem
1038 2195 1180 2263 apostolos
1190 2201 1217 2248 et
1232 2195 1361 2249 doctores
1377 2195 1538 2258 Ecclesiam
1554 2195 1657 2265 quibus
1665 2195 1763 2262 vocati,

127 2291 276 2347 interiecit.
293 2290 382 2345 Allisa
397 2295 440 2344 est
451 2291 547 2359 itaque
562 2293 654 2342 mater
666 2303 750 2356 super·
762 2285 845 2350 tilios,
859 2283 926 2354 quia
967 2290 1146 2335 recesserunt
1159 2282 1253 2335 aiacie
1268 2299 1376 2341 eorum.
1385 2288 1414 2337 et
1425 2283 1615 2337 adoraverunt
1630 2283 1766 2355 Beelphe-

127 2380 216 2435 nimio
231 2379 327 2434 dolore
342 2378 484 2433 contracta
497 2394 529 2431 ex
545 2381 635 2431 morte
645 2375 778 2437 liliorum,
792 2373 835 2427 vel
850 2378 925 2426 certe
964 2386 1026 2439 gor,
1042 2370 1147 2424 hocest
1161 2370 1219 2425 suis
1232 2370 1305 2425 vitiis
1321 2376 1350 2426 et
1362 2372 1471 2426 libidini
1486 2373 1651 2431 servientes.
1664 2373 1765 2427 immo·

128 2484 192 2524 cum
204 2467 274 2538 ipsis
287 2472 331 2522 est
351 2467 457 2538 pariter
480 2466 650 2535 interempta
668 2462 762 2534 potuit
772 2461 846 2515 enirn
861 2460 924 2514 sveri
966 2457 1064 2511 labant
1078 2458 1310 2530 simulacrisque
1333 2460 1385 2514 sibi
1409 2461 1557 2516 linxerant.
1569 2461 1680 2533 Singuli
1690 2463 1765 2516 enim

129 2561 162 2611 ut
173 2555 212 2609 ibi
227 2560 310 2615 esset,
327 2560 432 2608 etcum
448 2553 516 2624 ipsis
536 2552 643 2624 pariter
656 2550 830 2613 elideretur,
846 2548 923 2618 quia,
966 2546 1164 2601 haereticorum
1190 2547 1332 2602 habebant
1351 2549 1418 2603 deos
1437 2566 1513 2616 suos,
1530 2555 1559 2604 et
1578 2550 1765 2621 quodcunque

127 2644 201 2699 sicut
218 2643 411 2714 supradictum
427 2641 561 2712 estquod
576 2657 639 2695 cum
655 2639 787 2694 omnibus
803 2654 863 2709 quae
878 2638 927 2691 ha·
967 2635 1169 2701 simulaverint,
1185 2637 1264 2706 quasi
1279 2638 1408 2710 sculptile
1420 2638 1516 2692 colunt
1526 2639 1716 2695 etconliatile.

128 2732 242 2800 bebant,
258 2731 447 2787 ascendebant
461 2731 496 2785 ad
511 2736 616 2785 terram
632 2728 728 2784 Israel.
1005 2746 1018 2771 s
1035 2724 1070 2778 Et
1083 2740 1135 2794 ega
1154 2725 1232 2795 quasi
1255 2726 1389 2781 nutritius
1405 2727 1547 2797 Ephmim.
1569 2751 1577 2774 ·
1596 2728 1765 2800 Narratque

430 2820 547 2874 CAPUT
563 2819 610 2874 ill.
969 2828 1066 2868 amore
1081 2812 1168 2868 lsrael
1183 2815 1313 2869 dilexerit
1331 2817 1452 2871 vocando
1467 2834 1499 2872 ex
1514 2817 1647 2889 AEgypto,
1664 2834 1765 2874 secun-

165 2929 177 2963 ι
195 2909 282 2964 Sicuti
294 2926 377 2963 mane
389 2908 504 2971 transit,
518 2906 672 2978 pertransit
682 2922 728 2960 rex
741 2904 840 2958 Israel.
854 2903 927 2958 xDi·
968 2901 1034 2956 dum
1044 2902 1112 2956 illud
1123 2902 1332 2958 Deuteronomii
1348 2923 1353 2960 :
1366 2905 1492 2960 Portavit
1503 2911 1531 2960 te
1543 2907 1681 2962 Dominus
1691 2908 1765 2963 Deus

127 2997 324 3067 versisllguris
339 2983 458 3067 explicat
472 2996 601 3049 cumdem
617 3010 740 3059 sensum,
758 2993 928 3064 quodsupra
968 2996 1044 3057 tues,
1062 2995 1094 3044 ut
1106 2991 1176 3045 solet
1196 2991 1279 3046 horno
1292 2999 1404 3064 gestare
1422 2995 1570 3065 parvulum
1587 2994 1688 3063 illium,
1705 3003 1761 3054 etc.

128 3085 237 3140 dixerat
251 3100 272 3137 :s
288 3084 420 3139 Transire
430 3084 497 3138 fecit
511 3083 638 3137 Samaria
647 3099 742 3152 regern
752 3098 834 3135 suurn
846 3080 926 3151 quasi
937 3054 982 3125 C,
1000 3079 1151 3134 Portabam
1171 3097 1219 3134 eos
1234 3081 1261 3135 in
1288 3080 1409 3136 brachiis
1424 3082 1503 3148 meis,
1519 3102 1533 3135 a
1547 3082 1632 3137 idest
1647 3084 1676 3137 in
1689 3083 1766 3160 lorti·

129 3188 258 3244 spumam
270 3172 465 3244 superfaciem
480 3188 568 3244 aque.
579 3191 593 3223 a
606 3171 738 3225 Eamdem
753 3171 857 3225 etenim
865 3187 925 3224 reru
966 3167 1063 3222 tudine
1078 3185 1149 3230 mea,
1174 3168 1237 3224 Acsi
1250 3169 1375 3225 diceret:
1393 3171 1450 3241 Ego
1463 3171 1511 3242 qui
1526 3187 1602 3225 eram
1618 3178 1712 3242 pater,
1727 3173 1766 3226 sa·

129 3262 182 3316 sub
196 3261 252 3316 alia
267 3261 348 3332 ponit
361 3261 560 3316 similitudine:
572 3260 645 3314 sicut
659 3259 734 3314 enim
748 3275 830 3313 manc
845 3259 926 3312 adve·
966 3264 1027 3311 ctus
1041 3273 1102 3311 sum
1118 3257 1260 3323 nutritius,
1269 3263 1297 3311 et
1309 3259 1456 3329 parvulum
1472 3260 1602 3315 meumin
1613 3260 1688 3315 ulnis
1697 3261 1766 3316 aneis

128 3350 225 3404 niente
245 3350 304 3404 sole
320 3349 374 3404 cito
393 3349 506 3409 transit,
534 3349 573 3402 ita
599 3348 752 3418 pertransit
775 3364 823 3401 rex
838 3348 924 3402 lsrael
966 3344 1025 3414 ipse
1042 3345 1198 3414 portabam,
1215 3362 1250 3399 ne
1262 3346 1412 3400 laederetur
1422 3348 1448 3400 in
1458 3347 1618 3415 solitudine,
1635 3355 1664 3403 et
1677 3350 1767 3404 nevel

129 3438 211 3504 Osee,
227 3439 295 3511 quia
306 3445 404 3509 captus
414 3443 457 3491 est
467 3437 502 3491 ab
516 3436 652 3491 hostibus.
670 3437 719 3491 Est
733 3442 828 3490 autem
843 3453 926 3490 mane
967 3439 1036 3487 astu
1053 3433 1082 3486 in
1096 3434 1150 3495 die,
1163 3435 1205 3488 vel
1218 3434 1342 3489 tenebris
1355 3441 1512 3491 terreretur
1524 3436 1553 3491 in
1566 3442 1666 3492 nocte:
1681 3439 1766 3494 indie

129 3543 239 3583 aurorae
258 3533 346 3591 ortus,
362 3543 380 3580 a
404 3528 459 3579 stne
476 3525 565 3579 noctis
578 3541 666 3595 usque
681 3525 715 3578 ad
740 3530 833 3578 ortum
848 3524 924 3578 solis.
968 3538 1044 3574 cram
1056 3523 1281 3579 nubesinnocte
1291 3525 1422 3578 columna
1435 3525 1518 3595 ignis.
1533 3543 1546 3577 a
1559 3526 1594 3580 Et
1605 3527 1768 3582 nescierunt

132 3634 145 3669 a
160 3615 233 3680 Quia
251 3631 321 3686 puer
335 3615 433 3675 Israel,
453 3622 482 3668 et
494 3614 576 3668 dilexi
589 3630 663 3668 eum.
677 3634 690 3664 x
706 3612 824 3682 Exponit
837 3611 926 3666 bene·
969 3611 1044 3680 quod
1055 3628 1182 3666 curarem
1198 3629 1255 3677 cos,
1267 3638 1277 3660 u
1290 3613 1318 3667 id
1329 3619 1372 3667 est
1381 3630 1443 3666 cum
1457 3620 1629 3684 peccassent,
1644 3620 1673 3669 et
1689 3616 1768 3669 secis-

131 3705 196 3758 llcia
214 3720 276 3774 quae
303 3703 357 3775 ipsi
372 3705 531 3757 contulerat
544 3703 627 3757 Deus.
650 3703 723 3756 Puer
736 3700 847 3771 (inquit)
867 3705 928 3754 erat
968 3706 1031 3753 sent
1046 3699 1098 3753 sibi
1114 3705 1198 3770 caput
1206 3699 1293 3761 vituli,
1307 3701 1370 3755 dedi
1381 3701 1421 3755 cis
1433 3703 1525 3756 locum
1541 3703 1725 3773 peanitentiae,
1739 3710 1768 3760 et

131 3790 231 3857 Israel,
241 3792 317 3847 idola
331 3793 424 3846 colens
435 3792 462 3845 in
474 3792 635 3862 AEgpptoat
648 3790 794 3861 pueriliter
803 3789 925 3860 sapiens.
968 3789 1168 3858 ignoraverunt
1177 3789 1357 3860 quodcurare
1368 3807 1416 3845 eos
1426 3790 1565 3857 vellenr,id
1575 3798 1619 3845 est
1628 3793 1768 3846 mundare

132 3883 164 3936 ct'
173 3880 256 3936 dilexi
271 3881 375 3937 eumin
387 3881 553 3952 patriarchis
568 3887 597 3935 et
611 3879 726 3950 reliquis
736 3878 848 3933 sanctis.
865 3899 876 3929 ι
894 3879 929 3932 Et
969 3877 1004 3931 ab
1018 3876 1099 3931 idolis
1111 3878 1180 3935 suis.
1196 3896 1208 3929 a
1225 3877 1258 3931 In
1273 3878 1405 3933 funiculis
1426 3879 1516 3933 Adam
1531 3879 1643 3934 traham
1657 3897 1716 3947 ecs,
1738 3880 1768 3935 id

133 3987 167 4025 ex
194 3971 314 4044 AEgypto
335 3970 430 4026 vocavi
451 3970 540 4025 lilium
564 3984 668 4036 meum,
694 3985 707 4022 a
729 3967 863 4022 subaudis
880 3983 930 4039 per
970 3972 1014 4020 cst
1026 3967 1054 4021 in
1067 3966 1168 4021 affectu
1182 3967 1336 4022 dilectionis
1349 3983 1403 4039 quo
1415 3967 1507 4022 Adam
1520 3968 1700 4040 ditexizquia
1713 3969 1769 4024 sic-

132 4060 259 4132 Moysen.
281 4060 327 4115 Sic
346 4060 420 4114 enirn
440 4060 499 4131 ipse
516 4059 586 4114 dixit
606 4057 746 4113 Pharaoni
764 4077 769 4112 :
786 4058 851 4112 Haec
862 4056 931 4111 dicit
971 4061 1076 4110 uteum
1088 4061 1214 4110 sanctum
1234 4056 1296 4122 ieci,
1319 4056 1358 4110 ita
1374 4062 1403 4111 et
1418 4057 1481 4111 illos
1503 4057 1769 4114 sanctificaremini

86 4192 95 4207 .
134 4147 515 4217 DominuszPrimogenitum
528 4163 620 4202 meum
634 4147 743 4200 dimitte
753 4150 785 4200 ut
794 4146 932 4200 sacrificet
972 4150 1001 4198 et
1014 4144 1134 4198 mundos
1147 4144 1274 4198 reddere.
1285 4145 1364 4200 Unde
1377 4150 1406 4199 et
1418 4144 1547 4199 subditur
1562 4162 1590 4198 :c
1608 4145 1636 4200 in
1650 4145 1769 4202 vinculis

134 4235 204 4290 mihi
219 4236 249 4289 iu
261 4236 421 4290 deserto.Et
434 4234 511 4294 aiibi,
522 4235 730 4304 Primogenitus
742 4250 821 4288 meus
832 4233 928 4289 Israel.
971 4233 1155 4294 charibdim
1180 4233 1207 4286 id
1228 4239 1271 4288 est
1291 4234 1319 4287 in
1337 4250 1448 4289 summo
1476 4235 1577 4289 ellectu
1599 4234 1767 4291 dilectionis.

135 4323 170 4377 Et
183 4323 286 4377 itemm
302 4339 309 4378 :
326 4322 410 4377 Filios
424 4322 546 4376 enutrivi
569 4327 597 4376 et
615 4323 745 4376 exaltavi.
760 4322 839 4386 Quod
856 4323 880 4376 si
895 4323 930 4377 ad
971 4321 1051 4375 Unde
1065 4326 1093 4375 et
1107 4322 1134 4375 in
1154 4321 1208 4375 alia
1223 4322 1406 4378 translatione
1429 4323 1568 4378 habetur:
1593 4325 1625 4379 ln
1635 4322 1770 4381 funiculis

133 4410 339 4482 Christumqui
354 4417 398 4465 est
411 4411 497 4465 Filius
509 4411 611 4466 Patris.
625 4411 680 4464 ista
693 4411 797 4465 referre
812 4411 930 4465 volueri·
942 4407 1118 4464 Dhovninum
1132 4412 1243 4465 traham
1256 4428 1313 4466 eos.
1330 4412 1366 4467 Et
1378 4421 1422 4467 est
1432 4429 1531 4468 sensus
1548 4432 1554 4468 ε
1579 4429 1613 4468 ea
1631 4413 1771 4470 charitate

135 4517 208 4567 mus,
225 4517 258 4555 ex
272 4500 394 4571 AEgypto
406 4515 471 4555 curn
486 4499 717 4570 vocavitquando
734 4502 775 4565 (ut
783 4500 932 4555 Matthaeus
973 4515 1029 4569 qua
1042 4499 1126 4553 dilexi
1142 4506 1169 4554 et
1179 4501 1296 4556 astrinxi
1306 4500 1374 4555 mihi
1388 4502 1543 4568 Abraham,
1557 4504 1637 4558 lsaac
1648 4508 1677 4557 ct
1690 4509 1773 4559 ‹aete-

135 4589 185 4660 ait)
199 4589 234 4644 ad
249 4595 418 4661 praeceptum
432 4588 524 4659 angeli
539 4605 596 4642 una
611 4605 674 4643 cum
690 4594 780 4643 matre
794 4588 932 4659 virginea
973 4605 1019 4642 ros
1034 4594 1145 4643 sanctos
1159 4591 1328 4661 conjungam
1344 4591 1414 4645 mihi
1429 4597 1458 4645 et
1471 4591 1549 4646 istos.
1567 4610 1581 4645 s
1602 4592 1637 4647 Et
1657 4607 1706 4647 ero
1730 4593 1772 4648 eis

135 4680 240 4751 ioseph
251 4680 384 4735 reductus
397 4683 441 4733 est
454 4678 483 4732 in
497 4683 602 4731 terram
625 4676 724 4732 Israel.
740 4677 931 4749 Spiritualiter
973 4677 1053 4748 quasi
1068 4678 1194 4732 exaltans
1206 4680 1306 4750 jugum
1316 4696 1401 4751 super
1411 4681 1537 4736 maxillas
1551 4696 1677 4743 eorum»
1690 4682 1773 4739 idest

136 4772 230 4822 autem
246 4765 783 4840 AEgyptusquaetenebraedicitur,hunc
793 4766 931 4821 mundum
972 4767 1096 4821 auleram
1111 4766 1147 4820 ab
1162 4767 1202 4822 eis
1214 4768 1314 4840 jugum
1330 4769 1409 4840 legis,
1421 4775 1453 4824 ut
1466 4786 1523 4824 non
1541 4775 1773 4842 pereantsecun·

136 4853 286 4925 significat.
302 4856 380 4910 Tunc
395 4872 461 4925 ergo
476 4856 551 4910 Deus
561 4853 663 4909 Filium
672 4869 754 4908 suurn
764 4870 797 4907 ex·
810 4853 932 4924 AEgypto
972 4853 1039 4909 dum
1054 4856 1252 4925 gravissimum
1264 4858 1372 4930 pondus
1380 4860 1450 4930 ejus,
1465 4875 1520 4930 quo
1533 4859 1575 4913 ait
1590 4876 1615 4912 :r
1631 4859 1685 4923 Qui
1696 4859 1772 4914 fece·

136 4942 254 5009 vocavit,
275 4943 388 5013 quando
416 4961 466 5014 per
492 4943 663 5000 ascensionis
684 4941 813 5013 gloriani,
829 4943 866 4997 ab
880 4943 933 4998 hcc
975 4943 1013 4997 rit
1027 4943 1144 5007 idolum,
1161 4951 1202 5000 et'
1212 4947 1260 5018 qui
1274 4947 1462 5002 immolaverit
1474 4947 1592 5014 Moloch,
1608 4954 1699 5003 morte
1714 4966 1774 5004 mo·

136 5032 242 5087 mundo
254 5031 428 5086 sublevatum
442 5035 470 5087 in
485 5036 553 5089 coelo
566 5033 719 5090 collocavitv
975 5032 1072 5087 riatur.
1087 5034 1184 5098 »Quia
1195 5036 1269 5090 enim
1282 5037 1502 5093 misericordiam
1515 5038 1607 5109 potius
1622 5055 1708 5110 quam
1716 5039 1776 5094 viu·

174 5138 188 5173 r
203 5119 380 5175 Vocaverunt
391 5137 474 5174 eos.»
490 5122 561 5185 Quia
575 5122 663 5178 Israel
678 5123 742 5177 licat
753 5121 935 5193 singulariter
975 5122 1078 5177 dictam
1093 5126 1266 5197 volo,jugum
1275 5128 1345 5197 legis
1359 5126 1558 5186 sublevabene
1572 5127 1774 5197 ponderiillius

137 5207 792 5285 dicatur,pluraliterintelligiter,sicutpopulus
802 5217 830 5266 et
845 5211 932 5281 plebs.
975 5212 1170 5280 succumbant,
1179 5215 1220 5268 vel
1233 5216 1333 5285 jugum
1346 5215 1515 5285 captivitatis
1529 5221 1558 5269 ct
1572 5214 1774 5270 dominationis

136 5295 222 5351 Recte
234 5313 250 5350 a
263 5296 397 5367 singulari
407 5298 508 5350 transit
519 5299 553 5352 ad
566 5300 703 5369 pluralem
716 5300 935 5357 :sVocarerunt
976 5308 1141 5357 cunctarum
1151 5304 1354 5374 percircuitum
1369 5304 1516 5358 nationum
1527 5305 1654 5359 auferam
1670 5303 1705 5358 ab
1720 5305 1772 5359 eis.

137 5401 195 5449 cos,
211 5385 293 5440 idest
307 5385 417 5440 iudaeos
431 5401 539 5451 omnes,
554 5388 674 5458 hloyses,
685 5395 713 5442 et
728 5391 831 5455 Aaron,
847 5396 876 5443 et
885 5406 935 5444 cre·
978 5408 991 5441 a
1007 5391 1040 5444 Et
1054 5390 1191 5446 declinavi
1202 5392 1237 5445 ad
1254 5408 1317 5446 eurn
1326 5396 1357 5445 ut
1370 5398 1538 5456 vesceretur,
1553 5414 1564 5444 ι
1578 5393 1660 5447 idest
1674 5392 1773 5448 dcdiei

137 5473 201 5537 teri,
218 5479 250 5528 ut
261 5478 449 5544 sequerentur
460 5489 508 5526 cos
523 5474 699 5544 egredientes
715 5476 749 5529 de
764 5482 841 5532 terra
850 5477 936 5548 AEgy·
976 5495 1068 5533 escavn
1086 5496 1190 5535 manna
1204 5480 1233 5533 in
1247 5482 1358 5535 deserto
1372 5485 1405 5533 ut
1418 5486 1588 5550 pasceretur.
1602 5481 1682 5545 Quod
1697 5481 1774 5536 enim

136 5561 188 5647 pti,
202 5570 232 5618 et
254 5569 288 5618 ut
302 5563 353 5619 Dei
369 5561 519 5635 implerent
537 5563 693 5634 jussionem
708 5571 737 5620 ct
751 5566 933 5623 voluntatem.
975 5568 1112 5625 dechmvi
1122 5569 1159 5624 ad
1177 5584 1252 5639 eum,
1265 5569 1307 5624 ita
1319 5574 1362 5626 est
1377 5569 1594 5644 intelligendum
1608 5588 1617 5630 c
1631 5569 1776 5629 omnam
