3818 6104
127 231 197 289 rtet
334 170 526 286 aimerus
544 226 789 284 flammatur.
810 225 924 284 arlsc.
944 222 1025 281 OPP.
1045 223 1138 281 PARS
1156 225 1181 282 1.
1198 253 1234 269 -
1254 225 1441 283 wmar.
1462 225 1555 281 BIBL
1692 224 1750 283 lldl

125 361 219 411 autem
225 353 328 428 plurali
335 369 452 409 numero
461 351 734 417 inseritur,membra
740 350 952 422 eiusdemRe·A
960 351 1143 417 pr'pmentcrii
1154 350 1249 420 (dont.
1265 351 1306 415 rit
1324 351 1360 406 Et
1373 366 1424 421 per
1438 350 1621 405 Psalmistam
1635 350 1749 405 dicitnr:

125 444 279 514 demptoris
288 460 339 515 per
348 458 413 498 eum
425 442 593 512 ligurantur,
605 439 707 511 quibus
715 440 859 510 apostolus
871 437 922 492 Pe·
961 438 1111 504 llirlpotur
1119 442 1209 493 oratio
1219 455 1280 493 mec
1289 438 1359 492 sicut
1368 441 1515 492 incensum
1525 443 1557 492 in
1570 444 1752 506 conspeetutuo

124 533 378 588 trusdicit:litcos
393 536 527 598 tunquam
541 531 645 597 lapides
659 528 922 601 oirisuperadiltca·
960 524 1044 595 (l’sol.
1060 527 1095 593 c).
1110 524 1253 596 Unguenti
1278 543 1389 597 quoque
1417 527 1533 580 nomine
1547 528 1611 597 ipsa
1634 526 1751 582 diunius

125 625 199 677 enini
209 624 302 676 domos
313 622 472 689 spirituales
483 617 510 687 (1
519 619 591 671 Pelr.
605 620 646 685 u).
663 616 822 686 Margarita
834 617 920 670 etiam
960 611 1106 667 incarnata
1115 614 1347 684 intelligitur.Cui
1356 616 1385 669 in
1396 615 1522 669 canticis
1532 616 1707 669 canticorum
1718 616 1752 669 di·

125 710 249 776 nomine,
262 710 292 763 in
306 706 443 778 singulari
456 721 575 760 numero
589 704 722 761 Dominus
742 705 824 759 lesus
839 705 920 758 Chri·
961 700 1050 754 citur:
1066 702 1242 769 b'npuentum
1256 707 1372 770 effusum
1391 720 1490 757 nonrm
1499 710 1581 758 tuum
1593 705 1686 771 (tans.
1697 705 1754 771 ipit

125 806 185 854 stus
197 818 203 852 :
214 799 244 852 in
254 796 357 868 plurali
366 811 432 850 sero
441 793 560 866 apostoli
570 794 698 865 ejusdem
708 793 921 863 ligurantur.De
960 789 1027 843 alibi
1040 808 1045 842 :
1061 791 1133 846 Odor
1147 799 1356 860 unquentorum
1372 798 1486 847 luorum
1497 809 1583 862 super
1597 797 1755 847 omniccro-

125 883 439 959 quibusinhaceadem
449 880 618 953 Apocalypsi
637 881 802 934 dicitur:lll
816 880 921 933 duode-
961 879 1149 946 metallini).
1164 880 1226 934 lam
1242 896 1316 945 vero,
1335 879 1359 934 si
1377 881 1560 935 attendamus
1575 881 1755 952 qualiterhac
1793 928 1795 943 ,

60 1033 63 1041 ,
125 979 180 1030 cim
193 980 279 1045 porta
298 974 442 1027 duodecim
461 973 622 1037 rnorporita
635 973 700 1023 sunt
712 984 762 1037 per
777 971 916 1035 sinpulcs.
961 966 1755 1040 fraudulentersehaberedicatparsadsersa,quibusque
1793 968 1796 973 '

125 1064 218 1134 (Apoc.
235 1067 325 1129 xr11tJ.
341 1060 373 1115 In
387 1059 471 1131 bysso
485 1074 551 1112 vero
568 1056 786 1128 iustificationes
808 1061 921 1110 sancto·
961 1054 1062 1108 ablatis
1073 1056 1254 1111 vehementer
1265 1056 1499 1128 rideatoraffiigi,
1510 1058 1541 1112 in
1551 1058 1756 1114 cinnamomoet

124 1167 189 1206 rum
198 1147 445 1219 intelliguntur.ln
457 1160 583 1216 purpura
597 1143 775 1215 martyrium.
788 1143 819 1197 ln
834 1142 923 1197 serico
964 1159 1077 1198 amomo
1091 1143 1226 1199 latentem
1247 1145 1334 1200 vitam
1356 1146 1567 1212 hereticorum,
1581 1147 1635 1200 sub
1652 1145 1756 1200 obtento

124 1239 281 1310 virginitas.
308 1237 340 1292 ln
360 1251 441 1289 cocco
457 1249 523 1288 rere
537 1225 669 1287 charitas‘-
685 1230 720 1285 ln
734 1231 811 1301 ligno
824 1229 924 1301 thyino
964 1231 1260 1303 odoris,quimanatex
1270 1234 1421 1289 virtutibus
1431 1234 1757 1289 sanctorumimitandsn

126 1345 158 1383 ac
172 1327 305 1400 pretioso,
316 1322 475 1380 constantia
488 1320 635 1376 durabilis.
648 1319 679 1374 ln
694 1319 778 1376 ebore
788 1319 923 1373 virtutum
964 1321 1091 1391 opponit.
1103 1321 1361 1393 Dequibusdicitur
1372 1331 1502 1377 econtra:
1515 1324 1549 1377 ut
1561 1327 1618 1376 erit
1627 1326 1758 1391 presumi

126 1415 315 1488 pulchritudo.
336 1413 368 1467 ln
383 1428 438 1466 aere
455 1409 591 1471 fortitudo
613 1414 642 1463 et
657 1408 866 1478 longanimitas,
880 1407 923 1460 vel
964 1411 1044 1463 odore
1054 1411 1197 1477 setor(lso.
1213 1424 1262 1477 ru).
1279 1412 1312 1466 In
1325 1411 1442 1466 dirersis
1456 1417 1553 1466 autem
1566 1411 1757 1478 odoramentis,

127 1511 202 1559 certe
216 1500 423 1574 predicationis
443 1498 595 1554 sonoritas.
613 1498 645 1552 ln
665 1496 739 1550 lerro
759 1495 924 1550 subtilitatis
964 1497 1060 1551 lictum
1070 1496 1280 1568 hypocritarum
1294 1499 1475 1554 sedulitatem
1488 1500 1592 1554 orandi
1603 1499 1760 1554 bencoren-

127 1607 257 1647 acumen.
272 1590 305 1646 In
319 1603 461 1643 marmore
476 1585 579 1640 invicta
592 1583 749 1639 humilitas.
765 1583 830 1638 Haec
845 1583 925 1637 deni·
966 1582 1038 1636 tium
1049 1583 1234 1639 similitudine
1244 1584 1454 1651 obumbratam,
1464 1584 1575 1656 obiicit.
1587 1587 1761 1657 lnunguento

128 1697 182 1753 que
196 1678 293 1734 omnia
316 1677 482 1748 plerumque
499 1691 529 1729 se
549 1674 652 1728 habere
666 1671 834 1729 obumbrata
855 1670 955 1729 veri-B
966 1688 1032 1726 vero
1042 1672 1367 1743 pseudochristianorum
1376 1674 1559 1746 asperitatum
1569 1675 1624 1731 sub
1635 1676 1763 1730 salamine

128 1768 218 1823 simile
230 1766 370 1838 gloriatur
381 1763 482 1828 bestia,
493 1763 537 1818 vel
551 1761 650 1817 civitas
664 1760 807 1825 meretrix,
820 1776 883 1814 cum
896 1759 924 1813 in
966 1758 1092 1814 lenitatis
1097 1761 1201 1815 Christi
1209 1767 1311 1815 tectam
1320 1768 1454 1816 ostentat.
1468 1762 1598 1826 Quarum
1608 1763 1764 1818 simulatio-

127 1873 208 1924 auro,
219 1856 300 1912 celin
311 1859 428 1925 argento
439 1852 670 1924 philosophorum
682 1856 711 1904 et
730 1849 926 1904 hereticorum
967 1864 1035 1903 num
1050 1848 1202 1904 subtractis
1216 1848 1388 1915 auctoribus,
1409 1851 1546 1905 amariter
1560 1853 1688 1906 mundus
1705 1854 1766 1906 llere

127 1946 286 2001 doctrinam
297 1942 428 1998 ostendit.
437 1942 470 1995 ln
479 1939 573 2011 lapide
582 1939 750 2011 pretioso,ac
760 1936 925 2007 margarite,
967 1936 1145 2002 describitur,
1157 1937 1522 2005 sicutlleritNero,necato
1542 1939 1663 1994 Simone
1679 1957 1766 2010 mago,

127 2033 356 2107 pseudochristos
372 2030 415 2085 rel
441 2028 710 2100 pseudoprophetas,
729 2032 814 2096 atque
837 2026 926 2079 heere·
967 2025 1080 2079 etsicut
1095 2027 1187 2079 moesti
1201 2025 1268 2080 lacti
1283 2033 1349 2081 sunt
1371 2026 1496 2081 haeretici
1517 2044 1551 2082 ex
1579 2034 1673 2082 morte
1699 2029 1765 2090 Arii,

128 2123 253 2178 siarchas
267 2119 392 2192 opponit.
406 2120 437 2173 ln
449 2114 710 2188 byssoinjustitiam
720 2111 926 2183 obtentujusti·
967 2113 1089 2184 quicum
1101 2114 1326 2168 necdamnatum
1337 2114 1443 2169 imitari
1458 2114 1614 2170 desierunt
1626 2117 1731 2170 Vinum
1743 2121 1769 2170 et

129 2213 176 2266 tia
186 2211 360 2281 adopertam.
373 2208 539 2277 lapurpura
550 2202 772 2258 interiectionem
783 2200 926 2256 haeretico
967 2201 1071 2268 oleum,
1081 2201 1173 2256 simila
1183 2207 1212 2256 et
1222 2202 1348 2257 triticum
1359 2203 1502 2274 pertinent
1514 2204 1550 2257 ad
1563 2196 1769 2275 gustumque·

130 2314 193 2353 rum
207 2296 331 2368 tegmine
344 2299 500 2363 martyrum
514 2289 619 2345 Christi
639 2290 769 2343 velatam.
785 2289 817 2342 ln
838 2286 926 2341 serico
967 2305 1022 2360 que
1048 2289 1088 2343 ita
1108 2289 1202 2344 lauces
1221 2290 1351 2357 illiciunt,
1367 2297 1400 2345 ut
1417 2297 1446 2345 et
1460 2307 1495 2345 ea
1517 2308 1581 2363 quae
1603 2295 1633 2346 in
1654 2293 1770 2347 serina

130 2385 338 2456 corruptionem
349 2380 452 2436 mentm
461 2379 624 2449 integritate
642 2376 735 2431 carnis
754 2391 922 2446 oppansam.
967 2377 1138 2447 significant,
1153 2378 1308 2433 electorum
1321 2379 1502 2434 demulceant
1519 2380 1613 2434 cordis
1632 2381 1768 2451 palatum,

129 2477 163 2532 ln
172 2489 253 2529 cocco
267 2470 476 2527 simulationem
487 2465 634 2521 charitatis
646 2464 813 2519 crudelitate
825 2463 927 2534 pallia·
967 2470 996 2519 et
1010 2481 1043 2519 ea
1057 2482 1120 2536 quse
1142 2483 1174 2520 ex
1198 2483 1295 2522 eorum
1324 2466 1395 2521 lslsa
1421 2467 1584 2522 imitatione
1610 2475 1770 2535 assumunt,

129 2570 199 2622 tam.
212 2562 244 2617 ln
257 2562 334 2632 ligno
348 2558 447 2630 thyino
461 2573 493 2611 ac
506 2555 638 2627 pretioso,
653 2552 773 2608 durabili
794 2558 925 2607 coustan-
967 2553 1064 2607 suavia
1073 2553 1225 2610 credantur
1239 2555 1381 2610 mentibus
1394 2555 1590 2627 reproborum.
1601 2557 1659 2611 Per
1677 2560 1769 2612 vinum

129 2653 179 2719 tia,
200 2650 303 2706 mentis
325 2647 542 2702 obstinationem
566 2641 777 2699 obumbratam.
795 2641 827 2695 ln
843 2639 928 2694 ebore
968 2642 1186 2712 quippenovum
1199 2644 1362 2714 designatur
1378 2650 1588 2708 testamentum,
1600 2645 1770 2715 quodaudi·

129 2737 310 2794 simulatione
332 2735 479 2798 virtulum,
495 2731 626 2785 vitiorum
647 2728 852 2800 turpitudinem
877 2725 928 2780 ob·
971 2736 1065 2785 torum
1081 2732 1190 2786 mentes
1209 2731 1351 2800 debrians,
1368 2733 1467 2786 mundi
1481 2732 1717 2804 concupiscentiis
1728 2735 1772 2789 in·

128 2833 246 2884 tectam.
263 2826 296 2880 In
310 2840 375 2886 ere,
390 2820 548 2877 tortissimae
571 2817 777 2890 predicationis
791 2814 926 2887 tegmine,
969 2818 1116 2874 sensibiles
1129 2820 1232 2888 reddit,
1248 2821 1323 2876 unde
1338 2821 1476 2876 Dominus
1495 2822 1526 2876 in
1544 2821 1652 2892 nuptiis
1669 2838 1769 2893 aquam

127 2916 284 2973 durabilem
299 2920 385 2984 atque
399 2909 587 2966 sonorabilem
604 2906 751 2978 perfidiam
763 2903 921 2976 palliatam.
970 2905 1066 2960 vinum
1077 2906 1326 2963 lecissenarratur.
1335 2908 1408 2973 Quid
1419 2915 1516 2964 autem
1530 2910 1703 2981 pereleum,
1718 2912 1766 2965 nisi

128 3007 161 3062 ln
175 3007 249 3060 terro
263 3011 367 3064 summ,
389 2999 518 3054 acumine
532 2994 723 3052 subventionis
734 2993 868 3048 astutiam
879 2992 926 3046 de·
939 3023 961 3083 c
973 2995 1067 3049 unctio
1082 2995 1204 3066 Spiritus
1224 2996 1315 3051 sancti
1338 2998 1496 3068 figuratur?
1519 2997 1601 3052 Unde
1619 2998 1764 3053 Psalmhtae

129 3086 456 3166 ceptioniscreletam.1n
466 3101 607 3142 marmore
618 3083 786 3138 humilitatis
798 3080 929 3136 similitu·
968 3098 1034 3138 noce
1048 3083 1219 3155 redemptori
1235 3091 1332 3140 nostro
1352 3085 1470 3140 dicitur:
1486 3087 1617 3140 Diteristi
1626 3090 1761 3155 iustitium

129 3182 195 3236 dine
217 3182 294 3234 falsa
316 3176 507 3248 subjectionis,
524 3173 710 3244 muscipulam
731 3170 928 3226 obumbratam
968 3175 995 3225 et
1004 3174 1087 3225 odisti
1099 3175 1290 3243 iniquitatem,
1301 3178 1445 3244 propterea
1461 3177 1547 3228 unxit
1568 3179 1592 3229 ω
1604 3176 1684 3239 ΒΜ,
1698 3177 1760 3229 pm,

130 3268 286 3338 anteponit.
309 3265 381 3329 Quia
399 3279 465 3332 ergo
484 3262 542 3315 haec
570 3261 666 3316 omnia
682 3259 758 3314 salsa
781 3257 927 3328 religionis
969 3265 1033 3313 tuus
1045 3263 1102 3314 oleo
1117 3263 1217 3315 letitia
1227 3276 1286 3329 pra
1299 3264 1471 3317 consortibus
1494 3265 1552 3316 tuis
1571 3264 1654 3332 (Psoi.
1678 3266 1755 3330 nur).

130 3356 249 3411 obtentu
267 3353 358 3407 relata
378 3350 597 3413 confunduntur,
626 3355 711 3418 atque
727 3346 763 3400 ad
780 3346 927 3400 interitum
967 3348 1022 3403 Per
1042 3348 1166 3403 similam
1181 3365 1248 3404 vero
1268 3355 1297 3405 et
1321 3350 1460 3415 triticum,
1484 3367 1551 3406 caro
1575 3352 1757 3423 Redemptoris

130 3445 279 3508 tolluntur,
293 3449 369 3495 recte
384 3438 506 3493 mundus
520 3438 550 3491 in
562 3435 689 3508 reprobis
702 3434 802 3489 iisdem
823 3433 927 3488 divitiis
968 3436 1058 3491 nostri
1082 3437 1257 3508 exprimitur,
1273 3455 1329 3510 qua
1354 3439 1450 3494 fideles
1470 3440 1599 3510 quotidie
1616 3450 1752 3495 sanantur,

128 3533 210 3604 inops
220 3532 333 3587 effectus
349 3530 448 3583 llorere
462 3524 644 3583 describitur.
969 3525 1036 3589 Qum
1050 3525 1157 3580 scilicet
1167 3526 1234 3581 dum
1249 3543 1315 3599 pars
1329 3526 1454 3599 reprobe
1468 3527 1592 3582 civitatis
1605 3527 1754 3583 obumbrgia

154 3622 188 3676 Et
201 3624 410 3676 ctnmmomum
420 3631 448 3672 et
458 3631 602 3670 amomum
612 3619 638 3668 et
647 3613 928 3677 odoramentorum,el
969 3612 1065 3668 bestias
1078 3613 1242 3670 seductione
1263 3632 1293 3670 se
1317 3621 1399 3687 putat
1422 3615 1538 3682 habere,
1553 3622 1635 3671 tanto
1649 3616 1752 3687 amphus

130 3711 277 3778 cinerente,
293 3707 432 3770 utilioris,
446 3711 470 3759 et
483 3707 545 3759 uini
558 3703 929 3759 etoteactsimilaeltritr‘ci
969 3701 1055 3764 dolet,
1073 3703 1096 3756 si
1110 3703 1261 3775 contigerit
1284 3704 1451 3775 perdidisse,
1472 3709 1580 3775 quanto
1603 3718 1751 3775 magnarum

130 3805 154 3854 et
163 3802 358 3868 jumentorum
372 3799 396 3848 et
410 3797 501 3848 osium
515 3798 540 3846 el
553 3808 688 3861 equorum
702 3795 726 3846 cl
740 3791 893 3845 rhedarum
903 3793 927 3842 et
969 3804 1054 3859 opum
1067 3789 1179 3845 divitias
1189 3792 1244 3846 ista
1254 3792 1415 3863 significare
1431 3792 1574 3847 videntur,
1586 3793 1659 3847 Nam
1674 3792 1749 3846 vinum

129 3889 335 3956 rnonmpiorurr.
352 3888 376 3937 et
390 3885 555 3937 animorum
579 3881 734 3934 hominum.
756 3877 929 3934 Subaoditur
969 3883 998 3930 et
1011 3877 1103 3931 oleum
1120 3879 1248 3935 amisisse
1261 3881 1367 3948 dolent,
1383 3897 1446 3937 cum
1463 3881 1571 3936 vinacia
1583 3889 1613 3937 et
1626 3895 1749 3936 amomum

130 3991 241 4048 semper
251 3991 268 4028 a
277 3970 479 4044 superioribus,
492 3985 598 4024 merces
612 3983 696 4023 nemo
706 3967 924 4038 emetamplius.
969 3965 1165 4036 perdiderunt.
1184 3968 1313 4022 Similem
1327 3975 1357 4022 et
1370 3969 1497 4024 triticum
1515 3970 1671 4040 perdidisse
1684 3986 1750 4040 sege

130 4065 169 4120 Ex
184 4063 227 4117 his
252 4060 380 4132 quaedum
405 4058 549 4129 pertinent
572 4056 607 4110 ad
631 4055 774 4120 olfactum,
799 4055 927 4127 quaedam
970 4061 1061 4120 munt,
1077 4072 1139 4109 cum
1155 4056 1262 4110 zizama
1276 4063 1304 4111 et
1317 4055 1412 4127 paleas
1426 4059 1595 4113 amiserunt.
1617 4059 1750 4113 AEsumnnt

130 4158 226 4209 autem
240 4150 325 4206 simul
339 4148 375 4203 ad
389 4146 522 4202 olfactum
535 4149 565 4199 et
578 4149 694 4200 tactum.
711 4144 928 4198 Cinnamomum
969 4144 1044 4197 enirn
1060 4159 1130 4198 verre
1143 4144 1209 4198 lidei
1219 4145 1417 4215 predicatores
1438 4145 1610 4216 subtractos,
1630 4145 1751 4218 spirituali

131 4242 208 4296 enim
222 4246 250 4295 et
262 4253 406 4294 amomum
424 4236 655 4304 diversorumque
670 4233 854 4287 odoramenta
871 4232 930 4303 pig·
969 4231 1097 4287 doctrina
1105 4233 1238 4303 repletos,
1254 4233 1376 4306 Spiritus
1389 4235 1478 4289 sancti
1493 4235 1681 4291 illustratione
1689 4236 1751 4290 atha·

29 4371 33 4378 .
131 4335 303 4394 mentorum,
315 4332 344 4381 et
352 4326 419 4380 thus
428 4324 463 4378 ad
473 4323 619 4389 olfactum,
629 4327 805 4392 unguentum
815 4337 881 4375 vero
890 4312 959 4375 adl)
968 4326 1020 4385 tos,
1032 4320 1384 4377 coelestibussacramentis
1397 4322 1532 4376 advitam
1544 4325 1690 4391 counitos,
1699 4339 1751 4378 cun

131 4422 239 4471 tactum
253 4413 339 4470 simul
353 4419 383 4468 et
393 4413 527 4467 olfactum
542 4409 689 4480 redigitur.
699 4410 804 4464 Verum
815 4425 928 4481 quaera-
967 4425 1060 4480 prarae
1070 4411 1209 4466 haereseos
1221 4412 1384 4466 seductores
1403 4419 1538 4483 corrupta
1564 4414 1702 4468 sententia
1716 4413 1752 4467 in.

131 4501 396 4573 mus,utcoepimus,
412 4498 533 4570 qualiter
546 4497 606 4563 ille,
627 4513 688 4568 qum
706 4496 735 4550 in
750 4497 853 4552 bonum
866 4497 927 4552 iste
967 4499 1063 4565 tectos,
1080 4500 1181 4570 spirito
1195 4501 1397 4556 demoniorum
1421 4502 1529 4572 plenos,
1546 4500 1681 4558 abusione
1698 4502 1752 4556 diei.

131 4594 240 4668 speeies
251 4591 421 4663 significant,
431 4593 548 4659 usurpet
561 4602 628 4657 pars
637 4586 927 4657 edversa‚quibusque
967 4602 1070 4641 norum
1088 4595 1329 4643 sacramentorum
1352 4588 1510 4654 damnatos,
1526 4589 1641 4655 vellent,
1663 4591 1714 4644 imo
1733 4588 1753 4642 si

131 4683 234 4739 ablatis
248 4680 383 4736 amariter
395 4678 507 4732 delleat.
522 4674 576 4729 Per
598 4673 808 4729 cinnamomum
823 4675 927 4746 quippe
967 4674 1537 4748 possentdemundosubletosganderent.
1552 4679 1642 4733 Porro
1654 4681 1754 4751 jumen-

132 4779 323 4835 etamomum,
332 4767 402 4822 odor
415 4764 579 4833 designatur
587 4762 731 4829 uirtutum,
743 4764 816 4817 unde
831 4763 927 4818 Eccle-
968 4768 1007 4830 ta,
1016 4778 1081 4818 ores
1094 4770 1124 4817 el
1137 4764 1212 4835 equi,
1232 4771 1262 4819 et
1275 4774 1377 4820 catera
1390 4765 1487 4820 usibus
1501 4767 1687 4822 exterioribus
1700 4770 1754 4822 eunt

133 4862 176 4915 sia
185 4859 271 4915 dicit:
286 4857 366 4912 Sicut
375 4855 585 4909 cinnamomum
594 4857 623 4906 et
637 4867 781 4906 amomum
795 4852 927 4907 aromati·
968 4857 1045 4922 apta,
1064 4853 1195 4923 quoniam
1206 4855 1306 4924 iuvans
1321 4854 1450 4909 homines
1469 4857 1527 4909 sive
1549 4855 1579 4909 in
1604 4856 1753 4928 equitando,

132 4964 197 5002 cans
211 4948 325 5002 odorem
336 4944 410 4999 dedi.
427 4942 499 4998 ilinc
510 4941 615 4996 Paulus
628 4940 713 4997 dicit:
726 4939 831 4996 Obrisli
839 4942 926 4996 bonus
967 4940 1024 4996 sive
1038 4941 1067 4997 in
1080 4942 1193 4997 terendo
1207 4958 1302 4998 onere.
1318 4943 1416 4999 Rhoda
1430 4948 1526 4998 autem
1543 4961 1606 5016 quse
1631 4947 1676 5001 hic
1693 4962 1754 5000 coni

132 5037 199 5090 odor
212 5051 308 5091 sumus
322 5036 375 5089 Deo
389 5034 509 5086 inomni
524 5032 578 5085 loco
594 5031 633 5098 (ll
652 5030 713 5085 Gor.
728 5029 771 5099 11).
787 5029 819 5083 ln
834 5029 926 5084 diver-
967 5036 1151 5094 memoratur,
1159 5047 1249 5102 genus
1260 5032 1378 5087 vehiculi
1387 5032 1441 5087 luit
1451 5033 1525 5105 apud
1537 5033 1679 5106 antiquos,
1688 5038 1756 5089 etesi

131 5137 226 5177 sorum
232 5117 491 5175 veroodoramenlis
502 5117 709 5188 pigmentorum
720 5121 748 5169 et
758 5116 850 5182 thure,
866 5132 928 5171 ora·
968 5118 1086 5172 forsitan
1099 5118 1190 5174 adhuc
1203 5119 1303 5174 similis
1318 5121 1452 5192 plaustris
1462 5122 1626 5189 rusticanis,
1637 5122 1756 5178 divitibus

131 5210 223 5265 tiones
232 5206 427 5278 exprimuntur
439 5211 610 5260 sanctorum.
626 5203 698 5259 Hinc
707 5203 819 5259 enimin
829 5205 926 5260 Canti-
968 5207 1154 5276 hujussaeculi
1162 5207 1196 5261 ad
1208 5208 1361 5264 sedendum
1367 5219 1537 5282 preparata,
1550 5228 1613 5283 quae
1623 5211 1755 5268 etiamalio

132 5299 172 5356 cie
181 5295 276 5371 sponsi
286 5310 352 5348 soce
364 5294 395 5347 in
414 5295 525 5348 laudem
538 5293 666 5348 Ecclesia
680 5293 798 5348 dicitur:
812 5295 874 5362 Oua
888 5300 926 5349 est
966 5296 1110 5363 vocabulo,
1124 5311 1223 5351 currus
1237 5304 1362 5353 vocatur·
1388 5300 1554 5369 Huiusmodi
1569 5301 1647 5355 enim
1668 5315 1755 5356 conos

131 5391 185 5444 istu
200 5401 259 5456 qua
271 5383 393 5438 ascendit
405 5396 454 5448 per
465 5381 599 5435 desertum
608 5384 679 5435 sicul
689 5384 801 5449 circulo
810 5383 885 5449 fumi
894 5399 927 5436 cc
967 5384 1135 5438 venduntur.
1149 5384 1256 5440 atinde
1270 5401 1379 5441 merces
1393 5387 1589 5459 acquiruntur,
1605 5390 1679 5444 sicut
1695 5388 1755 5460 legi·

132 5474 305 5532 aromatibus
316 5467 438 5539 myrrha
452 5470 477 5519 et
498 5466 601 5539 thuris,
620 5474 644 5522 et
663 5472 788 5525 uniuersi
801 5474 926 5541 pulueris
967 5471 1147 5530 musiulibro
1154 5489 1255 5546 regum
1262 5473 1511 5548 deAEgyptoexhe
1521 5478 1691 5551 quadrigam
1702 5491 1756 5550 qua
