3818 6104
160 232 215 316 ss
382 254 572 314 neruosis
594 247 839 314 nauseasmr.
856 257 968 314 uersu.
988 257 1066 313 ore.
1080 260 1173 316 raas
1187 258 1210 317 1.
1227 292 1260 302 -
1275 258 1466 318 conuanr.
1484 260 1582 320 mm
1731 269 1767 329 aa

159 380 242 440 nesto
257 384 386 439 sermone
401 382 552 457 poliebant.
578 383 699 454 Ideoque
720 384 790 437 dixit
805 386 1026 455 parumperAse
1054 384 1263 454 comparatione
1293 385 1408 451 Christi,
1436 391 1464 440 et
1496 386 1557 458 ipse
1590 389 1699 459 exponit
1720 395 1767 465 quit

159 474 289 547 superius
302 472 527 544 :Noaloquimur
538 475 625 527 nasia
635 474 721 526 carnis
731 472 957 527 doctishumana
997 472 1072 526 sint:

159 565 309 632 sapientia.
333 561 471 617 Dicebant
492 562 566 615 enim
582 561 657 615 culto
672 577 801 615 sermone
813 562 886 632 quod
902 562 956 615 hu·
1032 561 1280 634 ⁴tn·m·scr1·,inquit,
1298 568 1356 632 ejus
1370 567 1419 618 cui
1427 565 1584 618 credidistis
1595 584 1603 618 :
1615 565 1720 637 ideoque
1727 587 1767 629 non

159 665 243 706 mana
257 656 360 705 natura
375 667 431 705 non
447 651 581 721 reciperet
594 655 627 703 ut
647 650 722 703 Deus
741 651 955 722 incomprehen·
996 666 1144 719 possumus
1169 652 1310 706 dimittere
1335 659 1448 722 peccata
1471 653 1500 707 in
1524 653 1697 725 baptismate.
1713 662 1766 729 quot

158 738 246 794 sibilis
261 745 289 794 et
302 740 484 811 incorporeus
498 738 582 792 homo
594 739 655 792 sieri
670 743 773 810 posset,
786 744 815 792 et
828 756 880 794 nec
894 755 955 794 esse
998 738 1126 792 Christus
1142 741 1252 811 proprie
1265 740 1318 795 sibi
1333 741 1458 795 retinuit.
1475 741 1527 796 llle
1537 743 1678 798 ministrat
1691 746 1726 816 qui
1736 765 1766 803 re

157 823 290 883 credibile
305 835 337 882 ut
351 828 428 898 virgo
443 826 586 880 hominem
601 827 662 880 sine
677 827 750 880 virili
765 828 872 882 semine
888 844 954 882 con·
998 832 1040 879 cte
1056 828 1196 896 praedicat,
1212 835 1237 882 ct
1252 833 1405 899 unicuiqae
1416 832 1489 884 sicut
1504 832 1634 886 convenit
1644 833 1763 903 miniatem,

156 915 270 987 ciperet,
285 920 336 970 aut
345 922 408 988 post
422 922 535 988 partum
547 915 624 986 virgo
635 932 696 969 esse
709 921 955 987 posset,necposse
996 916 1068 968 sicut
1082 917 1216 969 Dominus
1229 917 1417 971 ministerium
1432 919 1517 972 dedit.

155 1001 217 1058 fleri
227 1009 259 1060 ut
272 1003 356 1058 homo
371 1009 564 1075 postmortem
579 1003 613 1058 de
629 1005 742 1075 pulvere
756 1011 839 1059 terrae
859 1020 954 1059 resur·
1031 1003 1085 1070 Epo
1092 1006 1229 1072 plantavi,
1252 1006 1429 1076 predicando
1440 1005 1517 1061 vobis
1532 1006 1628 1069 fidem,
1644 1009 1724 1076 Apollo
1734 1015 1764 1065 ri·

153 1097 213 1163 gat,
232 1098 261 1147 et
282 1092 339 1148 alla
352 1090 576 1148 luculentissimo
596 1109 725 1147 sermone
749 1094 928 1165 proterebant
945 1110 951 1146 r
995 1095 1081 1158 pacit,
1097 1093 1125 1146 id
1141 1098 1185 1146 est
1199 1092 1350 1164 baptizavit
1360 1100 1388 1149 et
1401 1095 1486 1149 tinxit
1503 1112 1643 1167 corpora:
1659 1099 1698 1150 sed
1712 1099 1763 1154 Dias

153 1186 183 1236 et
197 1190 230 1237 ut
240 1183 293 1237 hoc
308 1182 567 1237 credaturstultum
581 1199 641 1236 esse
653 1181 793 1244 dicebaut,
809 1183 871 1236 ideo
886 1182 953 1254 quia
994 1185 1207 1248 incrementum,
1219 1183 1246 1236 id
1258 1189 1301 1237 est
1315 1189 1508 1255 augmentum,
1525 1186 1601 1238 dedit
1615 1185 1679 1239 mihi
1691 1188 1762 1258 pmii

153 1270 208 1344 ipsi
222 1289 274 1345 per
282 1273 437 1327 humanam
456 1272 624 1344 sapientiam
643 1278 792 1344 penetrare
810 1289 864 1327 non
877 1272 952 1329 vale·
994 1270 1077 1334 canti,
1094 1274 1123 1323 et
1136 1271 1234 1342 Apollo
1256 1261 1370 1342 riganti,
1396 1273 1462 1344 quia
1487 1289 1540 1343 ego
1561 1273 1656 1344 fidem
1669 1277 1760 1331 extenua

153 1360 233 1417 bant.
994 1358 1151 1429 praedicavi,
1169 1360 1243 1415 Deus
1258 1361 1380 1414 firmavit
1394 1377 1457 1415 eam
1472 1362 1502 1416 in
1528 1362 1658 1417 cordibus
1670 1364 1761 1420 audica·

188 1450 433 1520 Spiritalisaatcm
443 1448 485 1504 vir
496 1451 632 1519 dijudicat
647 1451 752 1514 cmm'a,
765 1451 793 1504 id
802 1451 954 1505 estdisoer-
995 1447 1076 1507 tium.
1104 1455 1134 1501 et
1158 1449 1353 1530 multiplicarit
1377 1465 1527 1504 numerum
1550 1451 1713 1506 credentium
1724 1460 1761 1508 :et

153 1535 198 1595 nit
215 1542 245 1595 et
259 1538 359 1612 probat
373 1539 469 1593 omnia
492 1555 553 1611 quae
572 1539 661 1604 audit,
678 1539 764 1601 ridet,
780 1545 809 1594 et
823 1541 950 1610 cogitat:
993 1536 1093 1607 Apollo
1115 1537 1199 1590 tinxit
1224 1554 1351 1609 corpora,
1371 1539 1420 1592 sed
1436 1538 1511 1592 Deus
1537 1547 1650 1610 peccata
1671 1541 1758 1596 dimisit

153 1622 220 1702 quid
229 1628 267 1683 sit
277 1645 373 1683 verum
385 1633 413 1682 et
423 1627 607 1699 falsum,quid
623 1627 658 1680 sit
672 1626 775 1681 bonum
791 1633 818 1680 et
832 1628 949 1693 malum,
993 1624 1067 1678 Deus
1078 1626 1174 1679 omnia
1184 1643 1217 1679 ex
1232 1643 1263 1680 se
1277 1633 1305 1681 et
1317 1643 1334 1680 a
1344 1645 1375 1682 sc
1390 1627 1485 1694 habet,
1496 1644 1548 1682 nos
1561 1631 1759 1685 autemetexilb

152 1723 181 1773 et
191 1717 334 1789 cognoscit
352 1733 418 1771 vera
432 1733 492 1771 esse
508 1733 569 1788 quae
585 1715 778 1787 praedicamus.
792 1715 834 1770 rel
849 1697 981 1770 dimac-B
991 1718 1020 1766 et
1033 1712 1068 1766 ab
1082 1712 1140 1767 illo.

150 1807 194 1861 nit
220 1804 317 1861 omnia
343 1815 449 1882 genera
466 1804 614 1859 hominum
628 1805 802 1859 carnalium:
823 1807 882 1874 ipse
900 1822 951 1859 aa·
1028 1803 1122 1871 ltaque
1138 1819 1222 1871 neque
1239 1806 1289 1872 qui
1300 1807 1420 1872 plantat,
1441 1805 1471 1860 id
1486 1807 1678 1879 estpraadicat,
1698 1822 1759 1876 aqut

151 1901 204 1951 tem
218 1912 235 1950 a
250 1896 360 1951 nemine
369 1895 528 1965 judicatur,
545 1893 573 1948 id
583 1901 635 1956 est,
645 1909 735 1965 neque
746 1911 763 1947 a
776 1893 950 1964 spiritalibus
992 1893 1042 1959 qui
1055 1893 1141 1958 riuti,
1153 1890 1181 1944 ld
1192 1898 1234 1945 est
1249 1890 1380 1962 baptizat,
1405 1899 1444 1947 est
1458 1896 1571 1963 aliquid
1584 1896 1759 1967 comparationi

146 1982 215 2039 viris
229 1984 273 2040 sui
288 1981 438 2053 similibus,
457 1999 549 2054 neque
564 1999 581 2036 a
598 1982 656 2037 Deo
676 1982 830 2037 damnatur
844 1983 887 2037 vel
903 1998 949 2038 re·
991 1979 1042 2032 Dei
1058 1995 1064 2028 :
1081 1979 1216 2050 quianon
1233 1986 1325 2049 potest
1347 1979 1430 2035 fidem
1452 1982 1611 2050 infundere,
1627 1999 1758 2056 nequepec

150 2070 344 2147 prehenditur.
991 2075 1054 2122 cata
1067 2068 1218 2132 dimittere,
1232 2069 1257 2123 si
1267 2068 1341 2123 Deus
1352 2069 1489 2125 auxilium
1501 2088 1559 2127 non
1573 2073 1686 2129 dederit.

185 2162 252 2237 'Quis
267 2165 343 2217 enim
361 2162 485 2231 cognouit
500 2172 610 2215 sensum
620 2162 735 2215 Boaciai
745 2165 757 2214 t
768 2163 890 2230 autqais
905 2164 951 2216 in·
1026 2158 1080 2224 Qui
1091 2163 1184 2210 autem
1193 2159 1306 2224 plantat
1320 2163 1345 2210 tl
1359 2162 1409 2227 tvi
1420 2162 1505 2226 repat,
1519 2161 1757 2234 unvmwnbidtd,

147 2255 251 2310 st'raait
264 2240 351 2307 caini
362 2250 392 2305 id
403 2249 520 2321 estquis
534 2248 679 2304 hominum
691 2249 948 2320 potestintelligere
989 2245 1073 2299 unius
1090 2245 1139 2299 Dei
1156 2245 1279 2299 ministri
1304 2252 1332 2299 et
1346 2247 1419 2300 servi
1435 2255 1503 2301 sunt
1518 2250 1645 2305 etunius
1667 2257 1755 2325 natura,

148 2347 177 2396 et
186 2345 335 2417 penetrare
349 2337 524 2397 intellectum
540 2344 568 2392 et
582 2336 750 2409 sapientiam
763 2337 874 2392 Domini
891 2353 946 2410 quo
989 2334 1053 2406 quia
1069 2334 1152 2388 homo
1167 2335 1219 2388 iste
1235 2335 1358 2389 ethome
1372 2335 1458 2390 illein
1473 2338 1601 2408 personis
1611 2338 1756 2410 quidendm

148 2431 244 2485 omnia
269 2426 357 2485 iecit?
383 2426 457 2500 quis,
483 2425 617 2482 subaudis
641 2427 735 2492 homo,
758 2427 890 2488 instruat,
918 2431 946 2481 et
988 2429 1062 2489 sunt,
1075 2424 1122 2476 sed
1135 2424 1163 2476 in
1175 2430 1276 2477 natura
1287 2431 1316 2478 et
1326 2425 1418 2478 cilicio
1428 2441 1528 2480 unum.
1542 2427 1756 2498 Unusquisqucae

147 2515 256 2584 doceat,
270 2518 328 2573 sive
342 2517 466 2588 corrigat
474 2516 565 2588 ipsum
576 2516 737 2582 Dominum,
749 2521 777 2570 et
786 2516 945 2571 dicot2Hoc
988 2518 1040 2566 tem
1053 2518 1200 2580 propriam
1216 2515 1366 2567 mercedem
1381 2519 1495 2583 accipiet
1511 2517 1756 2570 secandumtatarm

146 2614 175 2664 et
189 2608 259 2663 illud
270 2623 326 2661 non
337 2607 407 2661 bene
417 2605 516 2667 iecisti,
528 2602 660 2658 itadebes
669 2605 809 2673 corrigere
818 2603 904 2670 istud,
917 2610 944 2659 et
986 2616 1079 2663 strunt,
1095 2600 1123 2653 id
1136 2607 1187 2666 est,
1203 2600 1250 2671 qui
1263 2601 1395 2672 praedicat
1405 2603 1553 2673 majorem,
1566 2610 1595 2658 et
1607 2603 1654 2675 qui
1663 2602 1757 2674 baptint

144 2697 187 2759 ita
194 2696 343 2752 meliorare
352 2693 442 2749 illud?
452 2692 587 2747 subaudis
601 2692 706 2746 nuDus.
717 2692 946 2763 iusupermagni-
986 2689 1134 2744 minorem.
1145 2689 1280 2744 Similiter
1290 2690 1456 2761 intelligitur
1469 2692 1504 2745 de
1521 2692 1651 2747 omnibus
1664 2689 1756 2747 homni-

144 2781 240 2845 nesbit
266 2791 295 2840 et
306 2780 436 2839 laudabit
449 2799 562 2837 sensum
588 2787 617 2835 et
643 2781 817 2836 intellectum
832 2780 944 2835 Domini
986 2777 1119 2849 bus,quia
1132 2779 1324 2850 unusquisque
1336 2779 1491 2835 secundum
1501 2782 1665 2852 qualitatem
1680 2778 1755 2835 labarit

144 2880 230 2953 {atque
254 2873 418 2947 potentiam,
442 2871 465 2926 si
486 2870 647 2943 cognoverit
659 2869 694 2925 ab
709 2870 756 2924 illo
773 2869 868 2923 omnia
883 2887 943 2924 esse
986 2866 1106 2937 accipiet
1120 2867 1308 2938 quantitatem
1323 2868 1458 2923 muneris.

143 2958 229 3027 lacta,
245 2962 340 3017 dicens
352 2977 418 3017 eum
431 2960 573 3032 sapienter
587 2964 689 3013 cuneta
703 2958 811 3012 iecisse.
825 2959 880 3012 Nos
893 2974 943 3011 aa·
1020 2957 1069 3008 Ilei
1084 2959 1159 3009 enim
1170 2973 1267 3009 earnm
1281 2959 1431 3024 adjectores.
1454 2956 1486 3012 In
1503 2959 1602 3015 Grreco
1616 2961 1706 3015 melius
1718 2958 1754 3012 bs·

144 3056 316 3106 teanensem
327 3048 611 3113 Oliristilmbcmus,id
623 3055 674 3114 est,
684 3047 856 3101 intellectum
865 3046 973 3115 Chri-c
983 3040 1067 3095 betur
1082 3060 1087 3095 :
1106 3043 1156 3098 Dei
1172 3045 1264 3114 operis
1274 3044 1424 3116 participes
1442 3062 1551 3101 sumus.
1569 3048 1642 3103 Deus
1651 3049 1753 3119 operatas

143 3142 180 3197 sti
194 3141 340 3208 habemus,
355 3146 384 3194 et
398 3138 611 3195 'sentimusvera
626 3136 660 3191 de
680 3136 728 3190 illo
742 3153 793 3208 per
808 3135 943 3207 Spiritum
985 3131 1069 3184 fidem
1090 3131 1118 3185 in
1142 3133 1348 3203 predicatione,
1373 3139 1401 3187 et
1414 3134 1497 3189 solvit
1515 3142 1631 3206 peccata
1644 3138 1671 3192 iu
1683 3133 1752 3206 bapti·

143 3238 273 3290 sanctum
288 3229 451 3295 illuminati,
464 3227 511 3298 qui
526 3225 621 3281 omnia
635 3225 713 3279 novit
733 3242 798 3280 cum
813 3225 897 3279 Patre
916 3230 945 3280 et
985 3227 1084 3286 smate,
1101 3221 1179 3292 cujus
1190 3223 1281 3293 operis
1293 3223 1445 3292 participes
1459 3228 1488 3277 et
1502 3225 1646 3295 adjutores
1659 3221 1752 3294 suntqui

141 3312 234 3387 Filio,
250 3326 279 3376 et
292 3324 336 3377 est
351 3331 470 3373 sensus:
487 3314 549 3369 ideo
565 3313 630 3385 quia
649 3330 732 3368 nemo
748 3320 841 3385 potest
856 3331 942 3386 pene·
985 3310 1147 3380 praedicant,
1164 3317 1192 3365 et
1204 3311 1435 3382 baptizandorum
1450 3329 1568 3383 corpora
1582 3320 1708 3386 mergunt
1717 3312 1752 3367 ld

143 3415 220 3465 trare
234 3409 408 3465 intellectum
421 3412 450 3461 et
464 3403 633 3477 sapientiam
649 3403 709 3467 Dei,
731 3403 786 3459 nisi
810 3404 871 3474 ipso
894 3406 944 3459 de·
985 3403 1162 3467 aarr'cultara
1177 3405 1250 3454 estis.
1265 3402 1341 3471 Ager
1356 3407 1399 3456 cst
1413 3401 1604 3469 hismundus,
1618 3402 1751 3473 idestejus

143 3503 241 3563 nante,
256 3497 361 3552 idcirco
374 3511 457 3550 nemo
473 3492 556 3547 debet
569 3490 698 3546 dubitare
719 3491 786 3562 quin
802 3492 858 3545 ista
879 3509 945 3547 cera
985 3487 1170 3559 habitatores,
1183 3507 1301 3559 quorum
1312 3491 1397 3545 corda
1412 3491 1513 3546 excolit
1522 3508 1574 3563 per
1587 3493 1751 3565 praedicatam

144 3586 203 3645 sint
216 3603 278 3659 quae
292 3584 412 3639 dicimus
426 3584 461 3638 de
475 3581 621 3636 nativitate
637 3585 666 3633 et
680 3579 856 3634 humanitate
865 3579 943 3635 Chri·
986 3593 1060 3631 suos.
1075 3579 1147 3631 Nam
1162 3579 1313 3650 sicutager
1328 3597 1438 3634 comere
1453 3586 1482 3635 et
1502 3581 1597 3652 ligone
1616 3582 1751 3637 excoluit
1796 3598 1798 3605 ·

144 3676 192 3744 sti,
204 3674 270 3747 quia
283 3691 335 3728 nos
350 3672 487 3744 Spiritum
502 3677 629 3725 sanctum
645 3667 791 3723 habemus.
985 3666 1102 3731 cultme,
1120 3667 1160 3721 ita
1173 3684 1284 3722 comere
1295 3669 1502 3739 praedicationis
1521 3672 1680 3726 excoluntur
1690 3666 1752 3723 corda

985 3755 1156 3823 auditorum,
1164 3763 1196 3811 ut
1210 3764 1368 3812 sementum
1383 3758 1447 3812 fidei
1458 3755 1751 3831 etpraedicationisreci·

308 3897 311 3904 ,
454 3812 635 3869 ὓΑΡυΤΠῙ’
984 3843 1073 3912 piant,
1100 3850 1128 3898 et
1148 3844 1271 3899 fructum
1286 3845 1424 3900 benonim
1440 3862 1558 3916 operum
1580 3848 1696 3902 reddant
1717 3842 1751 3899 la'

180 3944 214 4001 Et
228 3961 283 4014 epo,
296 3943 407 4012 fratres,
420 3956 477 3995 aaa
487 3939 569 4008 potai
583 3937 656 3991 vobis
672 3937 749 4005 loqui
762 3941 843 4006 quasi
856 3939 942 4007 spiri·
984 3934 1127 4001 edificatio
1152 3937 1224 3998 estis,
1241 3935 1307 4005 quia
1320 3935 1379 4005 ipse
1394 3951 1441 3988 ros
1465 3935 1495 3989 in
1520 3952 1573 3989 sua
1594 3937 1647 3991 tide
1660 3951 1703 4008 per
1715 3947 1751 3986 m·

146 4038 258 4101 talibas,
278 4033 413 4090 tarditate
440 4045 539 4085 sensus
563 4027 659 4094 vestri,
687 4042 744 4080 non
767 4025 822 4079 mei
835 4042 943 4098 praepe-
985 4026 1073 4075 stram
1101 4023 1326 4094 praedicationem
1350 4023 1478 4092 aedificat,
1498 4029 1532 4078 ut
1549 4024 1642 4096 ipsum
1654 4019 1751 4079 incorlt

145 4124 231 4179 ditus,
985 4111 1140 4167 retineatis.

181 4211 311 4266 Nondum
326 4212 400 4280 mim
407 4208 550 4276 poteratis,
567 4203 701 4259 subaudis
716 4203 880 4273 mysterium
893 4202 944 4257 Di·
1019 4200 1176 4255 Secundam
1191 4203 1313 4269 qratiam
1327 4200 1388 4265 Dei,
1401 4200 1430 4255 id
1443 4206 1485 4258 est
1501 4203 1656 4258 secundum
1666 4201 1752 4274 apta

146 4297 268 4354 vinitatis
283 4295 386 4350 Christi
402 4291 865 4365 capere.Ncillidicerent:modo
880 4308 943 4362 pos·
984 4288 1064 4354 tiam,
1079 4305 1138 4357 que
1150 4290 1215 4342 data
1233 4290 1356 4343 estmibi
1374 4285 1751 4364 praeomnibusapostoliabl
1796 4306 1799 4351 i

145 4402 252 4453 sumus,
267 4382 409 4438 subdidit:
430 4381 484 4435 Nec
497 4396 572 4434 nanc
586 4381 695 4447 quidem
706 4383 835 4447 potestis:
853 4381 882 4432 in
897 4372 975 4434 su-D
986 4380 1094 4444 sapiens
1106 4378 1270 4430 architectus
1281 4379 1499 4444 fundamentum
1507 4385 1598 4449 posui.
1608 4381 1751 4453 Architettct

145 4488 242 4532 turum
254 4479 351 4528 tamen
364 4471 423 4525 Deo
438 4469 560 4525 donante
575 4466 714 4539 poteritis.
741 4466 862 4537 Ideoque
878 4469 943 4539 quia
984 4464 1087 4518 dicitur
1102 4464 1230 4535 princeps
1240 4463 1268 4518 in
1281 4464 1547 4536 structuradomns3
1564 4460 1750 4539 sapiensmii·

143 4583 200 4626 non
212 4561 349 4636 poteratis
360 4575 470 4630 capere,
491 4556 580 4611 addo:
597 4558 649 4610 Lac
674 4557 745 4609 colu
757 4560 855 4624 potam
870 4558 941 4624 dedi,
983 4559 1074 4608 tectus
1090 4553 1192 4624 estqui
1206 4554 1267 4622 ejus
1281 4570 1298 4607 a
1313 4569 1367 4624 quo
1377 4553 1533 4610 instructus
1543 4564 1596 4623 est,
1610 4558 1750 4612 cotonea·

143 4674 199 4712 noa
214 4670 313 4717 escam,
333 4650 426 4715 idest,
443 4645 598 4718 simplicem
614 4643 769 4698 doctrinam
784 4644 819 4697 de
841 4645 942 4698 huma·
984 4649 1013 4697 et
1026 4644 1222 4698 auctoritatem
1232 4643 1368 4708 imitatur,
1384 4643 1457 4698 sicut
1473 4645 1539 4700 fecit
1559 4646 1660 4702 Paulm
1672 4635 1749 4701 circi

142 4745 231 4802 nitate
257 4740 373 4808 Christi,
400 4754 458 4793 non
472 4734 593 4791 solidum
618 4731 711 4787 cibum
737 4733 771 4786 de
794 4733 941 4789 divinitate
983 4733 1138 4787 doctrinam
1152 4731 1297 4797 imitando,
1311 4733 1433 4786 nonalia
1450 4735 1607 4806 praedicans
1621 4740 1749 4808 quamsi!

142 4834 247 4890 Christi
262 4839 290 4888 et
304 4829 439 4902 mysterio
452 4823 609 4883 Trinitatis.
981 4821 1016 4875 ab
1030 4823 1090 4893 ipso
1100 4821 1316 4897 percipiebat,et
1324 4821 1354 4876 in
1368 4827 1461 4877 mente
1470 4822 1596 4892 videbam
1614 4821 1748 4894 relaapit!

178 4924 246 4977 Cain
260 4924 335 4975 enirn
347 4923 383 4974 sit
398 4921 473 4971 inter
488 4932 532 4970 oos
548 4916 624 4967 aelus
642 4917 668 4966 ct
690 4915 836 4978 euidentia,
852 4912 937 4979 zelus,
980 4911 1149 4965 architectus
1159 4917 1201 4965 est
1216 4910 1263 4981 qui
1277 4928 1363 4983 super
1371 4926 1487 4967 arenam
1496 4912 1747 4969 fundamentorum

141 5008 170 5064 id
185 5015 228 5063 est
241 5007 344 5062 inuidia
362 5013 391 5060 et
406 5005 546 5060 contentio
561 5004 596 5059 de
611 5001 695 5056 variis
710 5000 936 5071 baptismatibus.
980 5001 1059 5071 ponit
1073 5016 1166 5058 suum.
1182 5015 1216 5054 ne
1230 5000 1266 5065 sit
1276 5000 1430 5068 infirmum,
1445 5017 1481 5055 ne
1496 5018 1583 5074 super
1596 5017 1699 5058 vacuam
1709 5002 1747 5051 ttr-

175 5096 246 5150 Cam
259 5096 326 5148 dicit
341 5110 415 5147 anus
429 5113 436 5145 :
452 5094 505 5160 Ego
520 5094 630 5162 quidem
650 5109 713 5145 sum
726 5093 810 5145 Pauli
832 5090 939 5162 baptis·
980 5105 1040 5142 ram
1054 5088 1200 5143 rsimiliter
1210 5088 1323 5154 Paulus,
1331 5088 1482 5160 utsapiens
1493 5084 1745 5156 architectusque

140 5189 216 5238 mate
231 5180 396 5252 baptizatus,
413 5181 516 5250 atejus
537 5182 611 5234 iilius
635 5197 712 5244 surn;
729 5183 804 5233 alias
819 5185 912 5234 autem
929 5200 937 5234 .·
980 5182 1105 5231 arentum
1126 5176 1226 5249 posuit,
1244 5177 1311 5247 quia
1332 5177 1486 5232 Corinthiis
1500 5178 1561 5252 ipse
1575 5180 1689 5251 primum
1700 5186 1746 5248 pt?

138 5272 193 5343 Epa
207 5272 320 5341 Apollo,
337 5284 428 5323 nonne
442 5270 564 5322 homines
578 5273 660 5322 estis?
672 5269 764 5322 idest:
775 5285 868 5322 nonne
878 5285 937 5322 car-
978 5266 1192 5320 dicarit.Nullus
1207 5265 1281 5319 enim
1297 5271 1361 5321 ante
1375 5266 1468 5338 ipsum
1480 5267 1690 5324 tundamentum
1701 5256 1745 5319 idfl'

131 5360 239 5420 'naliter
254 5355 374 5429 sapitis?
390 5356 410 5409 F
412 5355 526 5408 idelium
541 5358 733 5428 apostolorum
754 5358 870 5412 nomina
884 5373 934 5428 pro
976 5356 1006 5409 in
1024 5355 1078 5408 illis
1102 5356 1240 5409 locaverat
1257 5373 1263 5405 t
1279 5359 1354 5410 alias
1373 5360 1477 5423 autem,
1499 5356 1592 5413 bonus
1615 5365 1662 5413 aut
1679 5351 1745 5411 matu

128 5452 270 5517 'falsorum
283 5446 363 5526 ponit
378 5444 413 5498 ob
427 5459 541 5497 causam
560 5461 645 5516 supra
655 5451 849 5501 memoratam.
863 5446 934 5513 Quid
975 5443 1126 5499 aedillcator
1147 5445 1190 5499 vel
1214 5450 1354 5516 operator,
1374 5447 1475 5512 rideat,
1491 5451 1521 5500 et
1535 5448 1688 5503 consideret
1699 5430 1746 5514 affl

132 5549 171 5604 „t
184 5540 302 5615 Apollo?
316 5535 384 5607 qaid
403 5547 465 5587 vcro
484 5532 615 5589 Paulas?
635 5532 770 5588 subaudis
792 5535 864 5590 nilul
880 5550 932 5607 per
973 5535 1176 5603 superaedificet,
1203 5539 1237 5589 ut
1260 5534 1416 5590 secundum
1438 5534 1604 5594 firmium
1628 5535 1691 5595 adei
1707 5529 1747 5590 ἀπ
