3818 6104
148 258 203 337 Μ
631 264 841 325 ENARHATIO
855 268 894 323 ΙΝ
908 268 1065 325 ΟΑΝΤΙΟΛ
1080 269 1328 327 conuitiorum.
1731 218 1786 343 Ι810,

153 384 289 452 habentes
299 387 365 459 inse
374 387 465 444 Deum
474 387 671 453 habitatorem,
682 392 729 462 qui
744 392 812 446 dicit
826 393 984 464 perPro·A
994 410 1070 457 eum,
1081 396 1277 450 necdimittam
1292 395 1380 448 donec
1400 393 1575 449 introducam
1600 392 1680 451 illum
1695 393 1725 468 in
1735 391 1786 453 do-

152 473 264 544 phetam
279 494 285 529 :
300 498 308 523 ι
323 476 489 531 inhabitabo
506 478 533 531 in
547 478 602 532 illis
620 485 648 533 et
663 480 852 535 inambulabo.
869 505 880 529 ·
898 482 948 536 Su·
989 499 1067 536 mum
1079 485 1178 538 matris
1195 501 1263 538 mem
1273 484 1340 537 etin
1356 481 1514 536 cubiculum
1523 480 1667 553 genitricis
1682 497 1783 557 mem-,p

152 578 198 634 per
213 579 281 633 ergo
295 572 406 619 montes
419 566 516 620 Bethel
531 567 650 622 dilectus
665 569 764 623 similis
783 577 826 623 est
841 587 947 641 capreae
989 572 1041 626 hoc
1055 577 1106 635 est,
1121 573 1319 627 ardentissima
1335 571 1390 626 ilde
1405 576 1434 626 et
1457 569 1604 625 devotione
1624 569 1664 624 illi
1676 570 1782 633 intrusi.

152 651 189 705 vel
203 651 325 722 hinnulo
339 671 493 729 cervorum.
506 648 572 726 quia
595 657 660 712 illas
687 657 798 713 visitare
813 659 947 730 dignatur
990 661 1345 726 «Nectimittam,»sedin
1360 661 1531 732 eiusamore
1545 657 1642 737 attide
1657 675 1785 736 perseve-

153 756 207 813 quve
221 740 332 812 Domus
341 742 392 799 Dei
407 760 468 798 esse
477 745 601 820 student.
987 747 1065 813 rabo,
1084 769 1096 801 o
1112 750 1200 804 donec
1214 749 1389 804 introducam
1414 762 1478 803 eum
1506 748 1535 802 in
1550 748 1666 824 domum
1685 747 1783 825 matris

987 853 1067 897 nreae,
1084 843 1112 891 et
1127 839 1155 892 in
1170 837 1329 893 cubiculum
1342 837 1488 908 genitricis
1497 853 1584 910 rneae;
1600 837 1715 911 bocest,
1733 827 1784 892 do·

449 886 566 976 cAPUT
578 887 634 948 HI·
987 941 1038 980 nec
1052 926 1131 980 illurn
1148 927 1312 998 Synagogae,
1330 943 1392 997 que
1408 930 1450 1000 est
1465 933 1556 979 mater
1567 940 1631 979 rora
1649 923 1783 1001 spirituu-

182 1029 195 1059 v
210 1009 244 1065 In
257 1011 363 1065 lectulo
374 1027 435 1066 meo
450 1029 500 1083 per
513 1021 609 1067 noctes
623 1014 735 1083 quaesivi
756 1031 839 1085 quem
854 1017 947 1087 diligit
986 1013 1060 1080 liter,
1077 1016 1235 1087 praedicem,
1247 1023 1275 1078 et
1288 1032 1351 1075 eam
1367 1030 1479 1085 quoque
1498 1013 1533 1069 ed
1549 1013 1608 1083 qius
1623 1013 1706 1089 tidem
1720 1028 1782 1085 per-

152 1096 238 1165 ¹urimo
255 1115 329 1164 mea,
345 1101 458 1170 quaesivi
472 1102 562 1163 illum,
575 1109 603 1156 et
615 1119 669 1156 non
687 1104 787 1157 irrvoni.
802 1105 884 1159 »Vox
896 1107 945 1161 Ec·
986 1102 1097 1159 ducam.
1114 1105 1171 1158 lloc
1187 1104 1235 1159 liet
1247 1104 1275 1158 in
1290 1094 1336 1158 die
1343 1103 1452 1172 judicii,
1475 1101 1587 1173 quando
1605 1104 1645 1168 (ut
1658 1101 1782 1175 aitApo·

155 1187 235 1242 clesiae
247 1188 283 1243 de
292 1189 605 1261 gentibuscongregatre
618 1193 650 1247 ln
664 1193 945 1264 lectulotinquittmeo
986 1194 1083 1251 stolusl
1097 1214 1110 1248 v
1123 1195 1267 1266 plenitudo
1293 1193 1421 1264 gentium
1442 1193 1592 1267 introierit,
1606 1197 1675 1259 tunc
1690 1189 1782 1267 omnis

156 1291 207 1329 cunr
223 1276 315 1330 adhuc
327 1279 354 1330 in
368 1278 540 1332 infidelitatis
553 1287 580 1333 et
591 1280 753 1351 ignorantie
764 1282 885 1336 tenebris
898 1301 944 1354 po·
985 1284 1072 1339 lsrael
1087 1286 1180 1339 salvus
1195 1287 1251 1338 fiet.
1268 1284 1412 1338 n'l'antum
1428 1298 1494 1353 crgo
1509 1282 1562 1348 sibi
1584 1281 1619 1341 de
1645 1281 1782 1353 charitate

157 1363 200 1418 sita
211 1358 309 1424 essem.
330 1366 535 1437 quaesiviquem
555 1368 645 1439 diligit
658 1370 751 1423 anima
766 1387 842 1427 mea.
862 1372 941 1428 Multi
984 1374 1079 1445 sponsi
1093 1374 1137 1429 sui
1154 1374 1275 1428 Ecclesia
1294 1371 1444 1444 promittit,
1462 1376 1494 1425 ut
1518 1370 1604 1447 etiam
1622 1385 1658 1446 με
1684 1369 1780 1444 credat

158 1452 218 1507 snim
227 1454 732 1527 philosophorurnDeumignorantes,
744 1461 836 1515 studio
846 1470 940 1519 tannen
981 1462 1158 1533 synagogam
1181 1479 1262 1533 posse
1286 1466 1456 1530 convertere.
1486 1457 1684 1533 Quod'autetn
1699 1457 1777 1531 dicit,

159 1558 251 1597 summo
261 1543 597 1616 illumt·equi1·ebant,per
605 1552 762 1601 creaturam
777 1549 938 1607 Creatorem
982 1552 1096 1606 «Donec
1106 1552 1282 1606 introducam
1294 1550 1385 1613 illum,
1395 1564 1468 1602 onon
1478 1552 1522 1602 est
1533 1546 1687 1617 putandum
1703 1547 1778 1619 quod

159 1645 309 1701 cognoscere
336 1633 476 1699 volentes;
500 1635 572 1688 sicut
598 1636 698 1702 Pilato,
716 1637 764 1707 qui
792 1638 938 1697 inTimaeo
980 1640 1191 1695 tuncrelictura
1206 1639 1346 1702 sitillum,
1369 1652 1432 1691 cum
1461 1636 1490 1689 in
1505 1622 1662 1691 cubiculum
1678 1634 1777 1706 mattis

161 1719 231 1772 multa
243 1721 277 1775 de
289 1720 385 1775 anima
397 1722 558 1793 disputavit,
575 1730 603 1778 et
617 1725 868 1784 sicutllristoteles.
883 1732 937 1785 So·
946 1709 970 1775 Β
980 1727 1175 1793 introduxerit,
1187 1729 1236 1782 sed
1254 1729 1342 1783 Donec
1352 1742 1402 1796 pro
1422 1723 1594 1796 sempiterno
1604 1722 1726 1798 ponitur,
1745 1722 1776 1780 id

161 1814 232 1863 crates
241 1811 379 1873 etcaeteri‚
394 1812 440 1882 qui
450 1814 602 1867 omnevitre
612 1831 669 1869 sure
680 1829 791 1886 tempus
802 1817 936 1874 instudiis
978 1824 1137 1890 cstsemper
1146 1817 1186 1870 illi
1195 1816 1344 1878 inbaerebo,
1358 1812 1505 1884 semprrin
1516 1813 1575 1880 ejus
1596 1811 1651 1867 lide
1665 1817 1694 1865 et
1706 1811 1775 1874 dile·

162 1897 315 1972 exquirenda
326 1901 450 1963 veritatis
461 1901 663 1972 expendebant.
682 1922 694 1952 r
711 1902 829 1967 Quaesivi
844 1907 932 1973 illum,
976 1905 1067 1960 ctione
1082 1905 1275 1976 perseverabo.
1287 1904 1355 1959 Tale
1368 1910 1410 1957 est
1426 1902 1453 1956 in
1474 1901 1598 1972 psalmo:
1612 1901 1655 1974 lta
1671 1920 1682 1951 ι
1699 1896 1773 1976 oculi

161 1988 341 2053 etiannum.
356 1988 518 2042 ›Nonenim
530 1991 934 2064 permundanamsapientiem
975 1994 1064 2048 nostri
1077 1995 1111 2048 ad
1126 1994 1276 2048 Dominum
1286 1993 1374 2046 Deum
1395 1996 1521 2044 nostrum
1537 1989 1625 2047 donec
1635 1987 1773 2070 'miserea-

161 2068 218 2125 Dens
226 2076 348 2144 cognosci
364 2078 463 2147 potuit.
974 2086 1022 2136 tur
1035 2084 1151 2136 nostri.»
1168 2083 1193 2137 N
1196 2081 1302 2152 unquid
1313 2087 1460 2151 postquam
1474 2077 1563 2132 nostri
1576 2076 1774 2134 misertuslue·

190 2161 320 2233 ‘suidam
337 2173 366 2218 0²
380 2165 503 2219 cll'fflib0
514 2167 666 2231 civilatem·
679 2187 728 2240 per
742 2171 815 2227 vicos
831 2180 859 2227 et
873 2176 933 2246 ple·
974 2171 1021 2234 rit,
1038 2189 1094 2226 non
1108 2178 1191 2226 erunt
1203 2171 1275 2225 ornli
1291 2171 1325 2223 ad
1337 2168 1419 2223 euml
1431 2167 1534 2238 Utique
1549 2169 1640 2235 erunt.

161 2252 206 2315 teas
217 2267 330 2320 quaeram
348 2271 431 2324 quem
446 2255 538 2326 diligit
560 2257 655 2311 anima
680 2275 751 2312 mee.
768 2261 887 2325 Quaesivi
902 2266 934 2319 il·
1012 2261 1273 2330 ‹Adjurovosliliae
1285 2257 1471 2316 Hierusalem,
1488 2268 1658 2333 percenseas
1666 2269 1774 2330 cervoe·

163 2335 237 2411 lumel
246 2357 297 2417 nun
306 2343 585 2415 inveni.»Exsnrgam
593 2345 657 2399 inde
668 2346 797 2404 destrnto
807 2355 932 2422 corporis
974 2365 1027 2419 que
1039 2365 1213 2420 camporum,
1224 2365 1260 2402 ne
1268 2346 1408 2401 suscitetis
1422 2361 1512 2416 neque
1522 2344 1656 2413 evigilare
1664 2342 1773 2420 faciatis

163 2430 290 2511 ¹etcarnaiis
300 2430 503 2495 delectationis,
517 2440 545 2487 et
559 2434 680 2489 circuibo
695 2436 835 2492 civitatem
847 2441 930 2512 liujus
972 2437 1114 2515 dilectam,
1130 2438 1312 2508 quoadusque
1327 2437 1388 2505 ipsa
1401 2433 1550 2509 velitatus
1565 2431 1704 2504 repetitur
1718 2431 1772 2487 isle

162 2516 243 2593 tutudi,
257 2521 345 2574 moria
358 2537 391 2574 ac
403 2528 494 2576 terras
510 2524 695 2593 vraragrando.
715 2547 723 2575 v
741 2525 796 2580 Per
814 2529 888 2583 vicus
903 2537 931 2585 et
972 2526 1124 2581 versiculos
1141 2543 1223 2580 :nam
1237 2528 1296 2597 jam
1308 2522 1437 2594 superius
1450 2522 1555 2579 dictum
1572 2520 1771 2595 est,sedsupra

163 2601 243 2681 platus
256 2626 379 2679 quaernm
396 2628 478 2681 quern
495 2613 692 2683 diligitanima
707 2632 779 2679 mea,
798 2618 865 2672 »hoc
876 2626 928 2686 est,
971 2613 1005 2668 ad
1021 2614 1173 2669 Ecclesiam
1188 2614 1359 2685 primitivam
1377 2614 1411 2665 de
1425 2611 1529 2664 ludaeis
1545 2611 1693 2687 collectam
1703 2626 1770 2686 per-

109 2752 115 2769 ,
163 2694 255 2760 pertin
269 2699 370 2753 itinera
378 2701 539 2770 gradientes
551 2701 635 2772 hujus
649 2704 753 2768 saeculi,
770 2712 799 2759 et
813 2707 871 2761 suis
885 2726 930 2762 vo·
970 2703 1051 2779 tinet,
1069 2705 1113 2757 hic
1124 2721 1187 2757 vero
1201 2705 1235 2757 ad
1249 2702 1398 2757 Ecclesiam
1414 2700 1448 2753 de
1469 2698 1601 2770 gentibus
1615 2713 1769 2773 congrega·

165 2777 690 2860 luptatibusdeditosaspiciam,sitorte
710 2793 811 2848 inillis
834 2795 929 2851 dilecti
970 2796 1040 2861 tarn,
1056 2799 1084 2846 et
1112 2793 1216 2847 amoris
1249 2792 1358 2846 vinculo
1385 2788 1497 2844 Christo
1524 2787 1768 2861 copulatamUna

164 2871 202 2925 nei
212 2877 316 2948 restigia
331 2879 474 2949 aspiciam.
492 2879 550 2932 Hoc
564 2896 627 2934 curn
639 2880 673 2934 de
688 2882 784 2936 multis
799 2883 929 2956 dici'pos·
971 2880 1045 2934 enim
1060 2882 1214 2952 eademque
1228 2898 1296 2953 cura
1309 2888 1350 2935 est
1369 2881 1426 2935 Deo
1441 2880 1475 2934 de
1490 2876 1602 2941 sanclis,
1619 2876 1667 2949 qul
1680 2875 1722 2950 ‘1⁰2¹
1736 2875 1766 2932 ln

163 2956 194 3021 sit,
205 2966 327 3036 praecipue
342 2975 436 3021 tamen
452 2967 482 3021 in
508 2968 556 3021 illo
577 2970 706 3024 eunucho
725 2971 871 3043 impletum
887 2980 931 3029 est
971 2969 1193 3035 circumcisione,
1207 2970 1247 3024 vel
1260 2970 1343 3025 etiam
1359 2975 1486 3040 tompore
1500 2965 1767 3040 baptismatiscoru·

164 3048 321 3117 quiainibns
335 3062 419 3110 terrae
432 3057 506 3111 venit
521 3058 609 3111 Deum
636 3061 697 3113 coeli
724 3061 926 3135 Hierosolymis
971 3059 1169 3129 scantegratia
1192 3060 1344 3131 Evangelii,
1366 3059 1407 3113 illi
1423 3058 1597 3130 placuerunt.
1614 3054 1766 3121 Quiavero

163 3133 256 3204 adorare,
266 3160 347 3213 quem
364 3145 509 3216 Philippus
519 3145 633 3205 invenit.
645 3147 727 3218 eique
742 3149 884 3205 Christum
897 3152 925 3207 in
966 3145 1019 3200 iste
1029 3148 1316 3220 versiculussuperius
1327 3149 1469 3219 expositus
1479 3152 1530 3209 est,
1541 3146 1599 3215 jam
1614 3143 1765 3217 videndum

162 3227 274 3296 poplena
288 3232 369 3286 isaiae
383 3233 514 3287 ostendit.
539 3234 599 3289 Hoc
615 3253 726 3307 qnoque
746 3238 776 3291 in
796 3240 925 3296 Cornelio
966 3241 1008 3289 est
1019 3252 1106 3306 quare
1131 3237 1214 3291 veluti
1244 3237 1432 3291 dormientem
1455 3234 1571 3305 inducat
1598 3232 1763 3301 Ecclesiam,

160 3311 308 3386 adimpletum
324 3332 376 3387 est,
401 3322 449 3392 qui
477 3323 568 3377 adhuc
593 3342 719 3395 paganus
741 3333 770 3379 et
792 3327 923 3397 ignorans
965 3322 1040 3378 unde
1055 3332 1084 3378 et
1096 3326 1210 3395 adjurat
1222 3326 1295 3380 tilius
1310 3324 1496 3396 Hierusalem,
1512 3337 1617 3382 neeam
1632 3321 1762 3387 excitent,

159 3397 230 3470 devm,
239 3408 428 3481 eleemosynas
439 3411 781 3471 faciebat.etorationibus
796 3419 920 3483 vacabat,
964 3429 1027 3467 cunr
1036 3412 1561 3484 poulosuperiusnondormientemvel
1573 3411 1763 3482 quiescentem

159 3503 216 3558 quen
228 3496 322 3551 Petrus
335 3515 399 3552 cum
414 3501 498 3553 doure
512 3518 564 3556 sua
579 3501 736 3572 baptizavit.
754 3505 788 3558 Et
802 3513 863 3560 orat
876 3508 923 3563 nd·
963 3503 1012 3557 sed
1027 3503 1120 3557 studio
1135 3502 1361 3557 laboriosissime
1371 3500 1562 3571 inquisitionis
1572 3499 1759 3573 insistentem,

156 3575 194 3660 ¹huc
204 3583 341 3642 difficultas
356 3589 536 3655 inventionis,
559 3595 586 3644 et
610 3590 677 3645 dicit
694 3610 699 3645 :
717 3608 729 3640 r
746 3593 872 3658 Quaesivi,
895 3603 921 3651 et
963 3591 1030 3661 quia
1043 3608 1177 3662 sponsum
1188 3590 1357 3662 inquirebat,
1373 3588 1578 3643 introducat.Si
1589 3604 1654 3653 ergo
1669 3588 1761 3663 ¹requi·

155 3680 195 3747 uon
207 3672 298 3729 inveni.
317 3697 328 3723 ι
962 3678 1194 3750 rebatsponsum,
1204 3680 1342 3750 quomodo
1362 3676 1576 3750 requiescebatl
1592 3675 1646 3733 Sed
1658 3672 1760 3748 dulcis·

181 3758 357 3819 elnvenerunt
380 3782 425 3820 me
450 3768 558 3837 vigiles,
577 3769 626 3840 qui
654 3770 816 3826 custodiunt
827 3775 921 3831 civita.
961 3767 1273 3833 simusetsuovissinrns
1282 3783 1397 3822 somnus
1411 3773 1454 3822 est
1468 3766 1611 3823 Christum
1621 3781 1758 3836 quaererc.

154 3849 550 3925 “mdvigilessuntsanciiel
570 3860 662 3912 caeteri
678 3860 805 3916 doctores
825 3864 918 3919 Eccle.
960 3856 1145 3925 Dormitergo
1161 3856 1291 3914 Ecclesia,
1320 3863 1348 3909 et
1362 3856 1508 3911 Christum
1524 3853 1635 3926 quaerit,
1653 3852 1759 3926 dotmll

153 3931 430 4009 sie,quicivirarem,id
450 3951 492 3999 est
508 3954 634 4001 sanctam
647 3948 808 4017 Ecclesiam,
824 3965 918 4008 custo·
960 3945 1088 3999 videlicet
1102 3961 1120 3997 a
1130 3944 1276 4021 desideriis
1291 3945 1422 4009 terrenis,
1439 3943 1474 3999 ab
1488 3943 1597 4000 actibus
1611 3942 1757 4009 seculiari-

153 4017 299 4095 lienteria
315 4033 423 4087 insidiis
440 4034 594 4089 infidelium
612 4037 736 4092 hostium
752 4040 914 4102 detendunt,
956 4032 1026 4104 gilfil
1041 4039 1136 4088 aulem
1151 4041 1179 4086 el
1190 4033 1310 4102 requirit
1322 4042 1465 4103 ⁵l⁰¹¹⁵lll¹¹v
1479 4032 1545 4102 ‘luia
1559 4032 1621 4105 01⁰⁸.
1634 4035 1756 4101 mntem·

152 4107 360 4192 Quosinterrogat
387 4141 399 4173 r
415 4122 489 4177 Num
519 4140 601 4194 quem
627 4125 720 4195 diligit
745 4128 916 4184 animamea
956 4122 1215 4192 plutioniinhaeret,
1238 4139 1302 4177 rum
1324 4122 1416 4176 solum
1443 4120 1594 4184 desiderat,
1611 4120 1646 4175 ad
1672 4118 1754 4189 iilum

152 4196 243 4290 filistini
259 4228 268 4257 i
286 4209 372 4273 Quasi
400 4211 496 4281 vigiles
521 4212 644 4267 Ecclesia
669 4214 834 4286 interrogat,
851 4234 913 4272 cum
956 4212 1101 4289 pervenire
1125 4211 1277 4265 contendit.
1308 4211 1428 4280 Adjurttt
1456 4225 1653 4283 ergosponsut
1683 4207 1754 4293 filiii}

151 4292 229 4346 rrum
239 4312 305 4351 aure
319 4315 417 4353 eorum
433 4300 658 4370 pradicationem
673 4303 801 4375 percipit.
955 4299 1394 4362 Hierusalevn,animasvidelicet
1404 4298 1551 4355 desideriis
1565 4313 1693 4370 superuae
1703 4314 1753 4370 pu·

176 4376 320 4440 *Paululum
336 4403 399 4441 curn
416 4389 628 4460 pertransissem
649 4408 705 4455 eoS,
721 4393 813 4447 inveni
829 4375 1015 4465 qnemlltriae
1030 4390 1207 4453 inherentes,
1223 4406 1259 4443 ne
1284 4389 1361 4443 illam
1388 4389 1511 4443 excitent
1529 4387 1564 4443 ab
1583 4388 1634 4443 hoc
1653 4402 1752 4448 somno

149 4458 213 4547 diligit
225 4475 315 4528 anima
331 4492 401 4529 mea.
420 4495 433 4528 a
451 4478 625 4533 Pertransire
641 4480 735 4550 vigiles
759 4491 801 4535 est
815 4500 911 4538 eorum
953 4479 1125 4533 suavissimae
1140 4479 1242 4550 quietis
1263 4486 1290 4532 et
1316 4477 1559 4559 contemplationis
1583 4477 1674 4547 donec
1691 4475 1753 4547 ipss

148 4538 199 4609 llllt
209 4568 234 4614 ct
244 4563 399 4618 doctrinam
413 4565 564 4636 diligenter
584 4570 763 4639 perscrutari.
782 4570 911 4626 Solemus
951 4567 1254 4622 velitsomnusuutcm
1271 4566 1370 4621 mtrilo
1386 4583 1461 4620 mors
1488 4566 1658 4651 appellatur»
1683 4565 1750 4635 (lule

144 4652 336 4718 unquedicere
355 4653 537 4709 :Transcurri
548 4657 650 4710 librum
667 4658 771 4729 legens,
789 4660 830 4713 vel
847 4677 911 4730 per·
951 4654 1025 4722 sicut
1035 4656 1201 4711 dornriensa
1212 4655 1366 4709 visibilibus
1380 4656 1475 4709 oculos
1490 4655 1604 4715 claudit,
1614 4660 1642 4708 et
1652 4653 1748 4725 invisi·

143 4732 237 4791 moster.
260 4741 330 4795 Cum
367 4741 469 4813 inquit)
494 4746 710 4814 pertransissem
734 4763 790 4807 eos,
816 4747 907 4803 inveni
951 4743 1016 4797 bilia
1028 4747 1243 4815 contemplatur,
1256 4746 1296 4799 ita
1308 4745 1331 4818 is
1346 4743 1393 4817 qui
1405 4743 1503 4799 divinae
1519 4741 1749 4813 contemplationi

138 4833 201 4891 quem
211 4827 297 4899 diligit
307 4829 477 4884 anirnamoa
496 4832 568 4896 Quia
583 4850 645 4888 curn
659 4834 778 4888 sollicita
793 4836 909 4890 medita·
950 4831 1062 4894 insistit,
1073 4835 1152 4904 qnasi
1160 4835 1319 4888 alienusest
1327 4839 1355 4886 et
1364 4831 1468 4886 dormit
1482 4829 1677 4896 exterioribus,
1688 4831 1750 4903 sola

136 4907 322 4981 tlonedictavel
338 4920 442 4991 scripta
458 4928 617 4975 sanctorum
629 4923 907 4995 requirirnus,statim
950 4921 1108 4993 spiritualia
1128 4932 1157 4977 et
1176 4921 1299 4976 coelestia
1323 4920 1405 4974 videt.
1424 4919 1481 4974 Nec
1506 4918 1608 4977 mirum
1627 4920 1652 4977 si
1667 4936 1747 4979 amor

128 4998 240 5060 dilectum
256 5008 425 5069 invenimus,
444 5011 510 5079 qaia
525 5012 674 5066 Dominum
692 5012 720 5066 in
744 5030 840 5067 eorum
856 5015 908 5068 do·
949 5019 1198 5071 somnusrocatur‚
1219 5027 1281 5064 cum
1293 5009 1322 5063 in
1333 5008 1515 5078 sequentibus
1525 5025 1686 5071 morsamor
1695 5025 1746 5093 ap·⁴

125 5101 206 5161 gnate
219 5099 384 5169 reperimus.
405 5097 499 5153 Potest
516 5100 591 5154 etsie
608 5102 727 5171 intelligi
740 5120 745 5155 :
763 5103 832 5156 Cum
848 5121 907 5174 per·
948 5102 1085 5173 pelletur:
1098 5120 1111 5151 o
1125 5099 1215 5154 Fortis
1227 5104 1310 5152 estut
1325 5113 1400 5151 mors
1410 5097 1533 5153 dilectio.
1547 5117 1558 5147 r
1570 5098 1746 5183 Cumautem

120 5181 267 5237 transissem
277 5201 335 5248 eos,
353 5184 445 5239 inveni
456 5203 538 5257 quern
552 5188 645 5258 diligit
657 5190 752 5243 anima
767 5207 837 5255 mea,
856 5192 907 5244 lroc
947 5190 1036 5243 dicit:
1057 5210 1067 5238 ι
1086 5189 1179 5242 Donec
1194 5186 1255 5259 ipsa
1269 5186 1345 5247 velit,
1368 5205 1378 5236 s
1400 5185 1524 5241 ostendit
1539 5185 1692 5269 Ecclesiam
1711 5188 1747 5243 de

118 5278 230 5333 acum
245 5272 438 5327 intellixissern
461 5275 603 5331 Christum
618 5295 729 5332 omnem
749 5279 905 5332 sublirnitn-
945 5275 1240 5349 gentibusvolnntnrie
1261 5292 1290 5329 se
1307 5282 1528 5346 praepamturam
1547 5274 1624 5347 etad
1636 5276 1745 5333 labores

115 5367 167 5413 tem
182 5366 208 5412 et
218 5364 338 5432 gratiam
352 5379 495 5433 superare,
512 5370 578 5419 tunc
594 5366 686 5419 inveni
703 5383 785 5436 quern
813 5367 905 5438 diligit
947 5375 975 5420 et
985 5365 1191 5441 persecutiones
1202 5382 1251 5435 pro
1267 5365 1378 5419 Christo
1388 5365 1579 5440 perferendas.

112 5451 290 5517 animarum,
308 5451 426 5517 hocest,
443 5460 590 5508 tuncvere
618 5455 741 5510 intellexi
769 5466 905 5528 quantum
984 5455 1275 5531 «Quaestistaquae
1288 5454 1414 5511 escendit
1443 5470 1492 5525 per
1515 5453 1658 5519 desertum
1674 5454 1751 5521 sicin

109 5534 167 5613 ipae
177 5555 195 5592 a
208 5536 375 5609 ceterorum
388 5550 550 5617 sanctorum
565 5545 674 5601 meritis
686 5545 802 5609 distet«
817 5543 907 5627 Tenui
947 5543 1055 5625 virgula
1062 5543 1133 5622 lumi
1140 5559 1174 5605 ex
1183 5526 1357 5620 &questibus
1364 5541 1487 5617 myrrhis
1499 5547 1528 5616 qt
1537 5541 1667 5615 thurgut
1681 5540 1746 5613 uui·
