3818 6104
64 204 127 272 ¹⁰81
183 204 185 209 ’
522 224 713 281 sxeesrmo
727 226 765 281 m
780 225 1084 281 aeosnnrrsm-
1098 224 1165 278 ιιι.
1182 221 1234 278 ιιι.
1627 212 1693 277 tata

58 346 330 417 postpartumrirgo
340 348 503 418 permansit.
515 349 550 403 Et
561 349 588 402 in
598 350 667 403 coelo
679 349 732 404 boc
748 349 853 404 factum
864 350 889 410 A
900 349 984 420 cepit,
1000 349 1039 403 ita
1051 349 1111 403 sine
1120 347 1216 401 dolore
1228 345 1345 418 peperit,
1360 332 1525 412 nullumque
1538 339 1693 396 cruciatum

59 438 114 497 est,
132 433 213 488 idest
227 435 256 488 in
267 435 398 501 Ecclesia,
410 439 491 507 cujus
505 443 533 490 et
548 444 637 491 mater
653 438 758 491 Domini
775 455 860 491 ruem·
900 438 1004 491 hahere
1015 438 1044 491 in
1055 442 1136 508 partu
1147 435 1248 507 potuit,
1258 450 1319 505 quae
1329 433 1436 486 nnllam
1449 437 1591 502 peccatum
1603 428 1695 483 libidi-

59 518 143 574 hrum
160 528 230 576 erat.
247 523 348 577 Mulier
357 527 460 577 orariola
471 528 534 581 sole.
544 525 571 578 id
583 530 625 578 est
636 524 809 580 circumdata
820 525 860 579 di·
899 526 943 579 nis
957 525 985 579 in
1000 530 1134 596 conceptu
1149 522 1296 577 contraxit.
1312 520 1366 575 Sed
1383 522 1464 589 juxta
1487 517 1635 589 mysticum
1651 515 1695 570 ia-

59 607 179 663 rinitate
188 610 334 674 ditissimi,
344 611 540 682 undeangelus
549 613 588 667 ait
599 627 605 661 :
616 613 859 681 Spiritusscortar
899 615 1041 667 tellectum
1056 613 1107 665 hoc
1116 611 1150 664 ad
1163 610 1312 664 Ecclesiam
1324 607 1452 669 retertur,
1463 621 1525 676 qaae
1536 603 1638 658 mulier
1647 620 1695 657 ve-

58 702 232 764 saperrcnr'ct
248 702 278 751 in
292 704 324 760 te,
343 704 367 753 et
379 703 611 754 aartosaltisrfmi
623 702 794 755 obumbrabit
808 704 858 757 tibi
901 708 990 764 catur,
1008 717 1063 754 non
1077 705 1192 771 prepter
1206 698 1396 752 elleminatam
1413 695 1549 753 animum,
1566 692 1613 746 sed
1629 690 1696 762 quia

61 785 140 852 (buc.
157 790 186 849 ι).
205 786 257 839 llla
279 786 386 840 scilicet
406 787 441 841 de
461 804 516 857 qua
532 788 636 843 Paulus
650 789 699 850 ait,
716 790 857 845 Christum
900 790 1098 862 praedicatione
1115 794 1143 841 et
1167 787 1277 841 laracre
1299 785 1460 858 spirituales
1484 783 1556 836 lilios
1580 781 1696 851 gignere

59 871 112 924 Dei
127 873 261 927 virtutem
278 879 306 928 et
319 875 370 928 Dei
386 875 563 946 sapientiam.
579 877 644 947 ipsa
666 885 760 932 autem
777 879 859 933 beata
899 879 1024 952 quotidie
1037 894 1093 931 non
1107 876 1227 931 desistit.
1240 874 1318 930 Unde
1333 881 1361 928 et
1375 874 1435 944 ipse
1447 871 1515 925 dicit
1527 870 1555 923 in
1569 869 1695 940 Evange-

58 958 111 1013 Dei
125 961 249 1031 genitrix
262 963 290 1017 in
313 963 366 1017 hoe
386 963 445 1017 loco
461 981 609 1034 personam
623 967 697 1036 gerit
712 967 854 1027 Ecclesia,
900 969 937 1023 lio
952 987 958 1023 :
974 968 1006 1021 bi
1019 970 1081 1035 qais
1093 968 1187 1034 feccrit
1203 967 1371 1017 volunlatem.
1383 964 1486 1023 Patris,
1497 965 1527 1013 et
1540 964 1641 1014 caetera
1651 974 1697 1011 us·

60 1047 161 1118 Neque
173 1050 247 1104 enim
262 1051 356 1105 omnia
375 1069 437 1123 quae
448 1053 494 1107 hic
507 1060 668 1117 narrantur,
685 1056 764 1126 juxta
789 1056 861 1111 litte·
901 1074 965 1128 que,
977 1061 1002 1109 et
1018 1058 1170 1109 erraterrat.
1189 1053 1255 1121 Ipsa
1269 1050 1342 1104 enim
1360 1048 1480 1104 Ecclesia
1496 1053 1645 1118 reputatur
1666 1045 1695 1100 in

60 1152 123 1190 ram
138 1136 227 1192 beatae
242 1139 351 1209 Virgini
377 1141 534 1212 specialiter
554 1159 708 1212 congruere
729 1150 856 1216 possunt,
899 1151 1029 1205 matrem,
1038 1149 1187 1213 reputatur
1199 1142 1225 1195 in
1238 1142 1325 1195 lilium
1336 1158 1342 1193 :
1355 1141 1420 1211 quia
1433 1140 1499 1193 dum
1510 1135 1695 1208 quoslibetad

59 1225 110 1278 sed
124 1225 278 1282 electorum
290 1227 425 1287 Ecclesiae.
435 1230 586 1284 secundum
596 1232 743 1302 mysticam
760 1249 858 1287 narra·
899 1234 981 1289 tidem
997 1231 1119 1293 adclusit,
1137 1236 1227 1284 mater
1241 1234 1292 1293 est,
1309 1237 1358 1282 aut
1369 1229 1446 1282 sorite
1458 1225 1635 1295 baptismatis
1648 1240 1696 1277 re·
1767 1237 1770 1242 ·

58 1312 168 1366 tionem
178 1314 349 1383 generaliter
362 1318 540 1379 conveniunt,
558 1319 586 1373 in
604 1336 659 1390 qua
683 1321 807 1390 quotidie
828 1322 858 1376 lit
898 1326 1024 1393 generat.
1046 1321 1077 1374 ln
1099 1319 1155 1373 illis
1176 1323 1281 1383 autem,
1300 1319 1347 1386 qui
1371 1315 1527 1369 accendunt
1546 1313 1580 1367 ad
1604 1311 1696 1383 bapti·

59 1398 115 1454 hec
126 1400 251 1471 signum,
263 1402 329 1473 quia
341 1404 466 1474 quotidie
475 1406 630 1476 concipitur
642 1408 671 1461 in
685 1424 719 1462 aa
730 1409 858 1463 Christus
898 1427 1000 1467 smum,
1018 1415 1046 1462 et
1059 1409 1229 1462 confitentur
1243 1423 1273 1460 se
1287 1406 1315 1459 in
1332 1405 1474 1459 Christum
1489 1402 1612 1463 credere,
1623 1401 1696 1454 illius

59 1492 90 1541 et
104 1489 239 1544 nascitur.
255 1491 319 1560 Ipsa
333 1496 376 1545 est
386 1491 461 1546 enim
477 1499 575 1556 mater,
589 1495 649 1565 ipsa
663 1501 705 1549 est
720 1502 748 1550 et
762 1497 856 1564 illius3
899 1504 950 1552 est.
969 1498 1041 1552 Hinc
1053 1497 1157 1550 Paulus
1171 1512 1176 1543 ε
1193 1496 1246 1548 Per
1261 1494 1442 1563 Evangelium
1457 1508 1509 1562 ege
1525 1506 1573 1543 ros
1592 1489 1692 1560 genui.

59 1576 137 1631 unda
148 1578 285 1632 Dominus
295 1579 408 1635 diciesi
417 1585 479 1648 qais
488 1584 858 1648 feceritrolrcotaleml’atris
901 1587 941 1641 De
955 1587 1008 1640 hac
1022 1585 1140 1639 ruuliere
1155 1584 1291 1638 Dominus
1305 1582 1373 1635 dicit
1390 1599 1395 1635 :
1412 1582 1513 1637 ltaliae
1531 1594 1594 1632 rura
1607 1581 1693 1647 parit,

59 1667 117 1718 mer·
132 1670 182 1734 qai
198 1670 226 1719 ia
238 1670 308 1719 ralis
319 1673 365 1733 rat,
377 1671 433 1736 ipse
444 1686 519 1722 aneos
527 1673 626 1737 sholcr,
637 1687 723 1738 soror,
736 1677 759 1725 rt
770 1645 889 1727 materB
901 1675 930 1729 id
946 1682 988 1728 est
1000 1691 1062 1728 cum
1079 1689 1177 1744 parere
1190 1672 1258 1733 ruit,
1275 1673 1420 1723 tristitiom
1436 1669 1524 1726 babet,
1538 1669 1605 1735 qaia
1621 1669 1696 1719 croit
1766 1658 1768 1663 ’

58 1757 98 1806 est
119 1754 218 1822 (Marc.
235 1760 287 1822 ιιι).
305 1756 376 1809 Dum
392 1755 466 1809 enim
491 1757 615 1827 quotidie
638 1775 723 1813 noros
741 1761 859 1831 populos
900 1755 1049 1832 lioro'rjns.
1065 1761 1144 1816 Sicut
1159 1760 1232 1815 enim
1248 1760 1351 1813 mulier
1364 1758 1431 1811 dum
1444 1755 1575 1827 parturit,
1591 1754 1696 1824 aflligi-

58 1841 185 1906 creat,in
196 1841 250 1896 illis
261 1844 527 1899 nasciturChristus.
540 1847 856 1916 lpsaestamictaetiam
899 1857 946 1905 tur
956 1857 984 1905 et
999 1857 1124 1907 uexatur.
1137 1850 1177 1903 ita
1197 1856 1225 1903 et
1246 1852 1341 1902 sancta
1366 1845 1485 1901 Ecclesia
1500 1845 1567 1898 dum
1589 1844 1619 1897 in
1642 1843 1695 1896 hoc

58 1928 129 1991 sele,
142 1929 170 1982 id
178 1931 526 1997 cstcircumdataChristo,
540 1934 574 1987 de
585 1951 640 2004 quo
650 1935 785 2005 scriptum
796 1943 856 1991 est:
899 1941 1000 1995 sacule
1015 1945 1065 1997 est,
1083 1945 1111 1993 ct
1125 1937 1199 1992 ridet
1213 1953 1278 1991 suos
1288 1936 1384 2005 affligi,
1401 1933 1529 1989 atraciis
1543 1931 1633 1987 modis
1646 1930 1696 1985 tri·

63 2017 142 2070 b’obis
157 2021 316 2072 tramitibus
332 2037 430 2073 riornrn
446 2038 547 2082 metria,
562 2025 670 2076 orietur
686 2026 725 2077 sot
741 2027 859 2092 justitia
899 2028 1000 2090 bulari,
1014 2028 1153 2089 tristatur,
1162 2026 1307 2097 affligitur.
1321 2032 1347 2079 et
1356 2030 1471 2078 vexatur
1486 2042 1492 2078 z
1509 2030 1536 2077 ct
1547 2022 1650 2076 clamat
1659 2019 1693 2073 ad

58 2105 258 2174 (Materiam).
283 2108 354 2162 ilinc
376 2109 481 2162 lautus
504 2109 593 2164 dicit:
612 2112 710 2166 Orrrnrs
728 2117 858 2181 qrrotquot
898 2119 997 2179 Deum,
1015 2116 1159 2187 postulans
1175 2115 1297 2175 libcrari,
1314 2131 1349 2168 ne
1370 2113 1441 2166 ricta
1465 2108 1695 2167 tribulationibus

58 2192 197 2261 baptizoti
210 2200 280 2265 estis,
299 2197 439 2252 t'bristooi
457 2201 588 2252 inderistis
604 2201 675 2269 (dol.
689 2210 740 2263 ιιι).
751 2201 790 2255 De
806 2201 857 2255 hoc
898 2203 1075 2260 succumbat.
1094 2202 1148 2258 Sed
1163 2219 1226 2257 cum
1237 2202 1272 2256 ad
1282 2207 1395 2272 tempus
1405 2201 1448 2253 rel
1458 2200 1694 2269 horamperrene·

56 2281 120 2335 sole
133 2282 211 2354 impii
226 2284 327 2339 dicturi
341 2291 407 2339 sunt
421 2285 570 2341 ininferna
587 2306 593 2341 :
610 2289 656 2343 Sol
665 2292 785 2357 ‚tristitia
800 2307 856 2344 aon
897 2295 943 2358 rit,
956 2311 1011 2365 qua
1026 2293 1126 2347 ultima
1140 2292 1264 2363 corporis
1275 2288 1444 2344 membraad
1458 2289 1547 2343 lucem
1560 2292 1694 2340 aeternam

58 2373 135 2425 lucit
148 2375 224 2426 nobis
234 2374 311 2443 (Sap.
321 2375 522 2439 r).Perlunam
533 2384 626 2431 autem
640 2395 701 2448 quae
714 2378 858 2432 mutabilis
898 2382 1037 2438 nascendo
1064 2380 1236 2451 perueniant,
1261 2384 1329 2433 tunc
1357 2377 1478 2432 cessabit
1503 2373 1643 2430 cruciatus
1663 2389 1695 2426 ac

56 2466 112 2523 est,
126 2468 159 2516 ut
170 2470 233 2532 pete
244 2480 305 2534 quae
315 2466 473 2536 aprincipio
488 2467 619 2537 usquead
633 2468 745 2536 plenum
762 2466 857 2521 orbem
898 2470 1093 2545 parturitionis
1107 2471 1222 2524 clamor.

56 2551 171 2610 crescit,
189 2557 217 2604 et
231 2551 295 2606 iude
307 2554 401 2607 deficit
412 2555 545 2623 usquead
556 2555 855 2624 tricesimamaetatem,
933 2562 965 2614 Et
980 2564 1071 2613 ranno
1085 2563 1123 2611 est
1137 2559 1218 2610 alirrd
1230 2561 1340 2624 sr'prram
1358 2559 1388 2608 ia
1406 2556 1468 2609 calo
1485 2571 1493 2606 :
1508 2557 1533 2606 el
1543 2567 1597 2604 cecc
1611 2552 1695 2603 draco

57 2639 156 2692 emnia
167 2639 248 2694 istius
260 2642 352 2696 saeculi
372 2643 519 2696 mutabilia
532 2644 724 2714 designantur,
740 2645 858 2716 ideaque
899 2667 1028 2718 alequas,
1047 2650 1137 2715 rasus,
1152 2648 1252 2700 babeas
1271 2648 1362 2714 capito
1377 2648 1476 2711 sertem
1488 2646 1512 2694 ct
1528 2654 1633 2694 cornato
1647 2640 1695 2691 dr·

56 2732 120 2780 tam
132 2726 212 2782 beata
223 2730 271 2783 Dei
282 2731 412 2800 genitrix,
424 2748 508 2802 quam
520 2733 605 2786 etiam
619 2734 710 2787 omnis
724 2734 855 2800 Ecclesia,
900 2754 964 2792 cera
982 2738 1036 2791 Per
1050 2737 1210 2799 draconem,
1226 2739 1257 2788 ut
1271 2749 1355 2804 supra
1368 2733 1424 2801 jam
1439 2745 1551 2801 quoque
1562 2727 1693 2793 diximus,

56 2812 157 2868 lunam
168 2815 220 2869 sub
231 2817 346 2886 pedibus
356 2817 449 2881 habet,
459 2819 632 2889 qaiacuucta
641 2822 859 2892 temporaliade·
899 2827 1068 2896 intelligitur
1079 2824 1215 2888 diabolus,
1233 2823 1280 2894 qui
1293 2831 1389 2891 aperte
1405 2834 1585 2891 quoscunque
1604 2821 1696 2888 polest

56 2904 151 2974 spirit,
166 2906 260 2959 omnia
272 2907 418 2962 mutabilia
433 2924 483 2979 pro
501 2909 589 2963 nihile
605 2910 718 2977 ducens,
735 2912 858 2965 coelestia
899 2916 1038 2986 deglutire
1048 2930 1104 2968 non
1120 2920 1218 2973 cessat,
1235 2911 1344 2982 etquis
1358 2910 1406 2963 diu
1421 2916 1463 2962 est
1480 2924 1512 2961 ex
1527 2923 1582 2978 quo
1603 2905 1695 2959 hemi·

57 2992 165 3046 mentis
179 2999 255 3048 tenet
270 2995 384 3061 intuita,
400 2997 495 3051 dicens
509 3013 573 3051 cum
587 2999 721 3068 dpostolo
736 3018 742 3053 z
758 3001 858 3055 a'oaro
900 3022 950 3059 nas
964 3009 1055 3063 nocet,
1071 3010 1185 3075 propter
1200 3001 1436 3070 multiplicitatem
1452 2997 1618 3051 insidiarum
1633 3010 1696 3048 ma-

56 3086 229 3137 concursatio
240 3086 270 3136 in
281 3088 353 3138 cala
367 3091 404 3138 est
419 3087 499 3153 (Phil.
512 3087 661 3147 namhoc
678 3104 685 3142 :
699 3089 859 3143 inhacma·
898 3110 972 3163 gnus
984 3098 1114 3146 vocatur:
1125 3091 1213 3145 Rufus
1223 3086 1615 3159 rere,propter-homicidium,
1629 3083 1695 3155 quia

57 3170 130 3224 liare
145 3187 294 3241 possumus
310 3173 465 3245 intelligere
484 3176 665 3247 perfectiores
681 3176 709 3231 in
726 3178 856 3244 Ecclesia,
898 3182 946 3236 ille
961 3180 1102 3235 homicida
1117 3185 1178 3234 erat
1190 3178 1224 3232 ab
1238 3179 1329 3242 initio,
1341 3194 1373 3231 ex
1384 3194 1439 3247 que
1449 3176 1556 3229 scilicet
1572 3173 1694 3246 primum

57 3260 108 3330 qui
118 3260 197 3330 juxta
209 3261 320 3316 Domini
330 3264 646 3321 consiliumsuaumnia
657 3266 857 3337 relinquentes
899 3271 1042 3324 hominem
1055 3268 1204 3322 interiecit.
1217 3268 1324 3321 leum
1336 3272 1429 3319 autem
1443 3264 1503 3334 ipsa
1513 3260 1637 3316 Ecclesia
1650 3260 1696 3314 ia·

57 3349 149 3402 secuti
168 3360 234 3403 sunt
248 3351 401 3406 Christum.
418 3352 472 3405 Per
489 3353 584 3406 lunam
601 3360 694 3407 autam
707 3355 858 3426 simplices
900 3359 1046 3429 telligitur,
1058 3374 1120 3429 qua
1130 3356 1421 3428 superiussignilrcata
1430 3368 1470 3407 est
1479 3368 1529 3423 per
1539 3350 1694 3404 mulierem.

58 3438 110 3509 qui
126 3437 254 3494 laborant
267 3441 303 3494 ad
318 3441 437 3494 aliorum
450 3459 528 3507 usus,
550 3442 578 3495 in
595 3443 757 3513 plantando,
771 3446 859 3499 aedili·
901 3448 931 3502 ln
945 3448 1014 3501 coelo
1027 3447 1176 3510 estdraco,
1195 3445 1262 3515 quia
1278 3444 1361 3498 etiam
1376 3444 1404 3496 in
1419 3440 1540 3496 Ecclesia
1556 3438 1695 3504 diabolus,

59 3526 152 3580 cando
166 3533 194 3580 et
209 3528 397 3598 agricolando.
419 3531 476 3584 llos
500 3531 595 3602 itaque
616 3531 720 3586 babent
739 3534 790 3595 illi,
812 3538 860 3605 qui
902 3535 1002 3607 quibus
1015 3536 1097 3597 valet,
1113 3550 1214 3587 nocere
1236 3550 1292 3586 non
1307 3532 1418 3585 desinit.
1434 3531 1532 3599 Neque
1547 3528 1620 3581 enim
1637 3527 1698 3596 ipse

59 3623 130 3668 sunt
146 3617 272 3686 perlecti,
290 3618 370 3688 quasi
393 3618 445 3672 sub
470 3619 598 3690 pedibus,
623 3621 690 3691 quia
716 3622 798 3693 longe
824 3623 860 3677 ab
900 3625 1000 3678 calum
1015 3622 1147 3694 possidet,
1163 3620 1211 3674 scd
1226 3621 1293 3674 calc
1319 3620 1495 3673 adversatur.
1516 3616 1569 3669 Per
1587 3622 1696 3685 septem

58 3718 159 3757 eorum
169 3706 394 3774 meritedistant,
405 3724 461 3761 non
473 3714 568 3762 tornea
586 3709 628 3763 illi
641 3711 768 3764 mercede
781 3727 858 3765 care·
900 3719 994 3766 autem
1017 3709 1145 3764 draconis
1163 3709 1265 3779 capita.
1281 3724 1379 3761 earnes
1401 3705 1597 3775 intelliguntur
1616 3719 1695 3773 reges

59 3791 142 3853 bunt,
154 3793 219 3848 licet
233 3795 288 3848 illis
301 3812 357 3850 non
371 3813 421 3867 per
431 3797 722 3868 omniacoaequentur,
738 3800 761 3853 si
772 3801 858 3854 tideli·
900 3802 940 3855 illi
953 3798 1080 3869 subjecti,
1097 3798 1144 3868 qui
1159 3804 1255 3852 contra
1270 3796 1460 3868 septilormem
1476 3793 1626 3849 Ecclesiam
1641 3807 1695 3862 pu-

59 3881 299 3936 terministerium
311 3901 392 3937 suum
403 3884 590 3954 impleverint.
606 3886 639 3938 Et
658 3889 690 3939 ia
704 3890 858 3955 caprilerjas
897 3895 987 3960 gnaut
1008 3889 1062 3942 Per
1075 3888 1170 3940 decem
1185 3903 1251 3940 rere
1261 3903 1365 3940 cornua
1376 3900 1470 3939 omnia
1485 3899 1572 3953 regna
1582 3881 1621 3935 illi
1631 3880 1696 3934 sub-

60 3985 193 4023 roronam
206 3974 351 4024 stellarum
362 3973 594 4036 daodeer'm.Quia
602 3989 651 4042 per
661 3974 859 4039 mulierem(ut
896 3979 980 4047 jecta.
998 3977 1069 4031 Nam
1085 3975 1158 4045 qaod
1175 3975 1204 4028 in
1228 3975 1359 4028 cornibus
1384 3988 1471 4042 regna
1490 3970 1692 4041 significentur,

60 4057 197 4123 diximus)
212 4057 335 4113 Ecclesia
350 4060 525 4130 intelligitur,
542 4067 627 4131 caput
638 4061 713 4115 illius
724 4062 858 4117 Dominus
899 4066 1046 4120 Zacharias
1057 4064 1218 4118 manilestat
1228 4070 1255 4117 et
1267 4062 1374 4127 Drinicl,
1391 4077 1511 4131 quorum
1526 4057 1695 4128 uterquedi·

59 4147 143 4201 Jesus
153 4145 282 4201 Christus
296 4148 473 4219 intelligitur.
487 4150 526 4202 De
541 4165 597 4219 qua
611 4149 716 4202 Paulus
731 4150 807 4212 dicit,
824 4151 859 4203 de
900 4156 938 4209 eit
956 4171 986 4208 sa
1008 4154 1110 4207 vidisse
1133 4159 1255 4224 quatuor
1272 4168 1385 4214 cornua,
1406 4166 1467 4221 qua
1491 4154 1558 4204 sunt
1574 4153 1696 4218 quatuor

60 4235 119 4289 Deo
130 4236 459 4309 Petreioquens:1psum
471 4239 736 4308 caputdeditsupra
747 4255 857 4293 omnem
868 4259 987 4326 Dregna
999 4241 1174 4313 principalia.
1192 4242 1261 4294 Cum
1278 4239 1321 4293 his
1336 4239 1410 4293 enim
1421 4238 1562 4299 coraibus
1576 4237 1627 4291 hoc
1640 4240 1694 4300 cst,

60 4324 226 4389 Ecclesiam,
245 4332 364 4396 quaest
379 4343 480 4397 corpus
496 4328 567 4396 eius.
587 4328 618 4381 ln
633 4327 780 4381 duodecim
795 4345 859 4382 raro
901 4347 963 4384 cuni
976 4332 1030 4385 ista
1041 4331 1133 4384 saculi
1144 4326 1477 4401 potentia,etregaissibi
1487 4325 1630 4396 subjectis,
1642 4341 1695 4395 pu·

60 4413 150 4467 stellis
161 4414 509 4482 significanturduodecim
521 4416 652 4486 apostoli,
666 4417 714 4487 qui
729 4434 780 4470 sua
791 4434 859 4487 prra-
899 4419 1104 4491 gnatdiabolus
1115 4423 1212 4473 contra
1223 4434 1279 4475 eos.
1297 4417 1344 4488 qui
1359 4417 1456 4471 decem
1471 4420 1611 4487 praccepta
1626 4414 1696 4483 legis

60 4502 201 4557 diraticne
216 4503 347 4557 tenebras
360 4504 533 4559 infidelitatis
545 4505 653 4575 fugant,
666 4506 806 4560 etlumine
817 4524 860 4559 re·
901 4509 1057 4562 obsecrant.
1075 4509 1107 4562 Et
1124 4512 1154 4561 ta
1177 4509 1311 4576 capitibus
1335 4511 1393 4574 ajars
1407 4509 1505 4573 septem
1528 4505 1694 4557 cliodcmota.

59 4591 155 4645 citatis
172 4608 238 4645 sues
259 4592 401 4646 auditores
415 4594 583 4647 illuminant.
591 4595 670 4649 Unde
684 4595 853 4663 angelusDa·
899 4597 978 4660 Quod
990 4597 1165 4667 significatur
1175 4612 1226 4667 per
1234 4595 1337 4665 capita,
1349 4594 1400 4647 hoc
1410 4599 1437 4646 et
1448 4609 1498 4662 per
1509 4597 1616 4662 septem
1632 4591 1694 4643 dia·

59 4680 126 4733 nieli
141 4680 211 4733 dicit
226 4698 231 4732 :
249 4679 302 4744 Qui
317 4688 410 4735 autem
427 4682 499 4735 docti
518 4683 631 4737 faedat.
650 4688 679 4735 et
701 4683 770 4737 alios
793 4699 855 4737 eru·
899 4686 1021 4745 demate,
1037 4684 1067 4739 id
1082 4691 1125 4738 est
1139 4684 1230 4738 omnis
1244 4682 1328 4751 huius
1342 4680 1435 4735 saeculi
1454 4685 1627 4749 potentatus
1647 4677 1695 4747 qui

59 4768 154 4833 diunt,
169 4769 316 4839 fulgebunt
331 4770 411 4841 quasi
425 4772 511 4825 stellae
522 4773 550 4825 in
564 4772 858 4842 perpetuasreternita·
898 4773 939 4828 illi
952 4773 1107 4837 adhaerent,
1131 4777 1158 4824 et
1181 4787 1231 4840 per
1248 4768 1374 4823 fraudem
1398 4766 1576 4820 uerisimilem
1599 4772 1697 4819 contra

58 4864 111 4912 tes.
129 4859 164 4912 In
183 4861 269 4926 capite
286 4862 343 4927 ejas
358 4875 457 4913 carario
474 4867 516 4914 est
538 4862 683 4914 stellarum
703 4862 856 4927 dirridrcbn,
899 4867 1006 4932 septem
1028 4860 1170 4925 ecclesias,
1185 4864 1213 4911 ct
1232 4862 1329 4911 contra
1351 4853 1540 4926 septilormem
1557 4852 1694 4924 Spiritum

59 4947 87 5001 id
102 4954 147 5000 est
162 4946 308 5001 duodecim
324 4948 526 5018 apostolorum,
537 4966 587 5019 per
602 4965 672 5020 quos
686 4966 859 5019 omnesgen·
898 4950 1041 5004 dimicant.

58 5042 102 5090 tes
118 5053 181 5108 quae
195 5036 224 5089 in
240 5037 358 5090 circuitu
370 5036 453 5092 istius
467 5038 565 5092 mundi
589 5044 664 5103 sunt,
680 5038 859 5092 crediderunt
934 5039 967 5091 Et
981 5038 1069 5091 raudo
1084 5039 1143 5103 rjus
1157 5035 1279 5088 trahebat
1296 5034 1407 5085 tertiam
1419 5035 1528 5099 portem
1549 5033 1695 5085 stellarum

58 5125 88 5180 ia
101 5125 257 5190 Christum,
273 5132 302 5180 et
315 5126 436 5196 primum
452 5143 502 5196 per
513 5143 561 5181 ecs
574 5127 665 5198 ipsum
677 5133 761 5197 caput
775 5127 859 5180 ricto-
899 5128 967 5189 coli,
980 5131 1003 5179 et
1014 5127 1090 5178 scirit
1101 5140 1145 5177 ear
1155 5127 1185 5177 ia
1197 5128 1311 5176 terram.
1320 5120 1645 5186 Perraudamdraconis,
1663 5125 1695 5175 ut

58 5215 131 5271 riam
153 5213 188 5266 de
203 5220 262 5267 toto
276 5215 381 5268 munde
396 5215 527 5286 portarit.
899 5197 985 5284 supra
1000 5228 1110 5283 quoque
1120 5210 1224 5265 dictum
1240 5215 1292 5273 est,
1303 5209 1379 5279 preci
1391 5208 1695 5279 intelligunturdocto·

95 5302 128 5357 Et
145 5304 177 5354 in
188 5302 375 5356 ulerobabcns
389 5305 526 5357 claruobot
538 5306 860 5371 partarienssttcracio-
901 5318 963 5356 res:
980 5301 1118 5372 propheta
1140 5298 1214 5353 enim
1242 5299 1346 5351 docens
1369 5298 1557 5362 mendacium,
1580 5299 1639 5369 ipse
1654 5302 1697 5350 est

59 5392 146 5445 batur
165 5396 196 5443 at
210 5393 316 5459 pariat.
339 5391 405 5445 llaec
430 5392 511 5461 juxta
521 5392 646 5447 litteram
662 5391 750 5446 beatae
764 5392 860 5447 Maris
900 5391 999 5445 cauda.
1014 5390 1110 5443 Potest
1120 5388 1206 5442 etiam
1219 5393 1249 5442 et
1262 5387 1351 5441 cauda
1365 5386 1524 5458 specialiter
1541 5386 1600 5457 ipse
1613 5384 1697 5439 Anti·

58 5479 154 5561 aptari
169 5485 322 5559 nequeunt,
338 5495 400 5554 quae
418 5480 491 5536 sicut
509 5481 570 5536 sine
595 5479 779 5534 delectatione
792 5496 860 5538 coa·
901 5480 1023 5534 christus
1036 5477 1163 5553 intelligi,
1189 5477 1247 5553 qui
1263 5492 1347 5531 omne
1371 5476 1549 5531 mendacium
1570 5473 1695 5531 dicturus
