3818 6104
114 280 169 357 m
566 275 774 337 tunnnartu
794 284 832 337 tn
852 279 1062 336 zaettantnn
1083 278 1311 333 rtrorttntntt.
1702 274 1755 341 ild

117 408 185 475 daia
200 425 326 480 qtmtnax
335 407 466 478 gentibus
472 406 581 477 populis
589 405 701 459 relictus
709 407 770 459 ritae
778 414 806 459 rt
819 406 914 459 saluti.
928 409 1120 471 Aersargere,
1138 403 1177 454 rai
1194 418 1255 454 rum
1279 412 1390 453 sabinos
1414 403 1441 455 in
1459 405 1638 459 tribulatione
1652 406 1757 475 positos

154 515 168 549 ι
185 498 221 553 Et
236 499 338 553 ducem
357 497 470 551 tertiam
487 502 594 565 partem
612 511 660 562 per
675 495 779 563 ignem,
796 503 824 548 at
839 512 917 547 uram
961 491 1069 547 liberat.
1089 490 1129 541 rol
1151 507 1212 541 cum
1230 495 1421 559 persecutores
1438 492 1548 544 illorum
1558 493 1635 561 justa
1652 494 1757 547 ultione

119 601 166 639 aas
179 587 256 641 sicut
271 586 363 641 uritur
374 590 538 655 argentum3
548 590 576 635 et
586 583 762 654 probaboeos
772 584 844 635 sicut
854 600 919 652 pra·
961 579 1136 631 condemnat.
1152 579 1273 647 nitergo
1286 579 1432 648 t’ropbeta,
1449 600 1461 630 a
1481 581 1646 649 Egredietur
1660 583 1756 637 Domi-

121 670 204 737 batur
217 690 330 729 surum.
346 693 357 724 r
371 674 436 743 lpse
449 672 558 741 (inquit)
572 671 656 724 tertia
671 687 744 740 pars,
762 687 822 740 quae
838 670 920 722 relin-
962 684 1024 730 nus,
1038 688 1050 716 r
1065 667 1117 719 hoc
1127 673 1169 719 cst
1182 667 1358 719 sternentium
1374 684 1452 721 suam
1464 670 1756 736 etruansuetudinem‚

122 767 224 834 quatur
235 762 266 815 iu
280 767 366 826 terra,
380 761 499 814 ducetur
509 776 558 829 per
573 759 666 828 ignem
681 758 880 819 tribulationis,
893 764 921 811 et
962 771 1045 825 quam
1062 762 1249 825 peruenturam
1262 754 1530 813 babet,dimittendo
1543 765 1655 827 peccata
1667 759 1759 812 mani-

123 848 535 919 tentebituratqueattligetun
548 864 604 901 non
616 853 647 900 ut
657 847 920 907 consumantur-,sea
961 841 1158 897 testabitt'um
1167 840 1240 893 enim
1254 841 1312 907 ipse
1321 843 1585 897 naturaliterdulcis
1599 846 1647 907 sit,
1663 851 1758 901 nostro

126 938 458 1009 qtprobeuturutaurum
468 941 661 1005 etargentum,
673 941 701 989 et
714 935 820 1005 possint
829 935 921 989 dicere
963 931 1029 984 vitio
1043 931 1075 982 fit
1086 945 1208 990 amarus
1221 929 1288 998 quia
1298 929 1377 982 nobis
1388 932 1517 1002 rnalapro
1527 933 1760 1004 peccatispatien·

128 1027 344 1089 curnPsalmista
362 1044 368 1076 :
386 1044 399 1076 <i
415 1024 543 1079 Probasti
555 1027 720 1086 nos,Deus,r
734 1031 785 1076 etc.
799 1023 922 1077 Siredu·
963 1019 1037 1072 tibus
1066 1034 1179 1071 amarus
1201 1034 1261 1070 osse
1285 1018 1402 1071 ridetur.
1427 1020 1563 1073 Dominus
1578 1022 1625 1092 qui
1648 1039 1760 1094 semper

130 1119 222 1170 antur
234 1130 286 1183 per
299 1113 394 1182 ignem
408 1112 489 1165 illum
500 1128 584 1182 quem
601 1112 735 1166 Dominus
743 1096 907 1165 mistrin'ter
963 1107 1037 1161 idem
1053 1113 1104 1169 est,
1121 1107 1168 1176 qui
1183 1106 1308 1175 loquitur
1323 1122 1373 1175 per
1387 1107 1555 1176 prophetam
1572 1128 1577 1161 :
1592 1129 1604 1160 a
1620 1110 1677 1180 Ego
1696 1128 1760 1167 sum

133 1216 195 1273 reru,
211 1199 289 1255 etde
304 1200 513 1268 quodiciturza
530 1199 581 1253 Dte
595 1216 643 1253 ros
654 1199 806 1269 baptizabit
819 1200 847 1252 in
863 1200 923 1268 Spi-
964 1196 1049 1259 DruS,
1065 1202 1093 1247 et
1108 1211 1163 1247 non
1180 1202 1283 1252 mutor,
1302 1214 1312 1243 ι
1330 1210 1404 1247 nunc
1419 1195 1522 1248 dicitur
1538 1198 1633 1266 egredi
1651 1203 1680 1252 et
1692 1215 1761 1268 prra-

136 1285 184 1349 ritu
197 1292 294 1342 sancto
305 1287 691 1355 etigne.iDucentur·itaque
702 1288 852 1358 perignem
865 1288 923 1358 Spi.
965 1282 1026 1333 tisri
1048 1282 1121 1334 sicut
1144 1281 1172 1334 in
1194 1281 1239 1334 die
1263 1281 1433 1347 certaminis,
1455 1283 1567 1351 quaudo
1587 1301 1638 1354 pro
1658 1287 1760 1356 populo

139 1374 200 1431 ritus
211 1374 311 1439 sancti,
320 1380 353 1428 ut
362 1373 497 1444 quidquid
511 1374 538 1427 in
551 1374 591 1426 eis
604 1374 702 1442 l'ragila
711 1380 754 1426 est
766 1381 794 1425 at
806 1373 922 1427 liuidum
966 1369 1052 1423 lsrael
1065 1369 1215 1431 dimicarit,
1224 1376 1252 1422 et
1260 1370 1435 1423 Pharaonem
1447 1370 1606 1425 submersit.
1625 1392 1640 1425 a
1655 1374 1690 1428 Et
1703 1380 1762 1429 sta-

144 1469 238 1535 arescat
257 1468 287 1515 et
301 1461 447 1523 solidetur,
464 1467 496 1515 ut
510 1462 594 1515 nullis
608 1461 697 1530 possit
709 1460 925 1514 adversitatibus
966 1455 1035 1509 bunt
1046 1457 1225 1526 pedasejus.»
1244 1456 1324 1509 Stare
1335 1459 1486 1527 pugnantis
1500 1466 1529 1512 et
1537 1460 1697 1529 adiurantis
1708 1468 1761 1518 est.

147 1549 263 1621 operari>
284 1568 296 1600 r
312 1549 376 1619 Ipse
387 1549 495 1603 vocabit
506 1565 608 1602 nomen
624 1565 728 1609 meum,
742 1554 769 1601 et
782 1565 833 1617 ego
843 1566 926 1602 exau·
967 1544 1088 1598 Stabunt
1100 1544 1194 1613 itaque
1209 1545 1292 1614 pedes
1308 1545 1428 1609 Domini,
1450 1546 1505 1600 illis
1527 1554 1556 1601 et
1572 1565 1624 1618 pro
1639 1549 1693 1604 illis
1711 1567 1762 1622 pro

150 1636 207 1693 dam
220 1653 293 1697 eum.
306 1635 418 1690 Dicam:
432 1638 555 1708 Populus
570 1654 650 1691 meus
666 1654 711 1703 es;
726 1643 753 1690 et
762 1637 821 1706 ipse
831 1637 923 1691 dicet:
968 1632 1067 1702 quibus
1079 1631 1236 1701 pugnabat3
1250 1632 1377 1686 arnbulat
1387 1650 1497 1704 quoque
1512 1642 1541 1688 et
1553 1643 1689 1698 movetur,
1702 1639 1763 1709 qui·

154 1727 264 1783 Domini!
277 1725 352 1781 Deus
367 1741 457 1779 maus.
472 1746 483 1775 ι
496 1726 565 1779 Cum
578 1726 689 1795 (inquit)
698 1724 807 1795 probati
822 1725 926 1778 fuerint
936 1718 1019 1806 Rbus
1036 1719 1125 1771 iratus
1145 1726 1195 1781 est,
1213 1720 1285 1773 sicut
1303 1721 1337 1773 de
1353 1721 1446 1774 ,idam
1460 1723 1590 1792 legimus,
1606 1732 1668 1795 post
1683 1728 1763 1797 cujus

156 1816 249 1885 puali,
260 1815 295 1870 ad
310 1831 381 1885 quos
395 1814 533 1867 convertit
552 1830 667 1868 inanum
682 1829 762 1866 suern
778 1813 924 1874 Dominus,
966 1813 1110 1877 peccatum
1123 1807 1321 1861 deambulabat
1335 1809 1469 1863 Dominus
1478 1811 1513 1864 ad
1525 1828 1624 1866 auram
1635 1819 1698 1883 post
1707 1831 1763 1871 me·

158 1911 224 1974 etpcr
237 1920 282 1959 eos
297 1903 390 1957 omnis
408 1902 554 1957 nationum
577 1901 660 1955 turba
684 1900 843 1961 crediderit,
859 1906 926 1954 tunc
967 1895 1076 1949 ridiem.
1093 1895 1192 1950 Stabat
1205 1903 1299 1950 autern
1315 1914 1370 1950 non
1386 1898 1415 1951 in
1427 1900 1505 1963 salle,
1523 1901 1572 1954 sed
1592 1918 1677 1972 super
1686 1920 1764 1960 mou·

159 1992 210 2061 iusc
222 1993 392 2047 medentium
407 1991 525 2062 populus
541 1990 657 2045 vocabit.
671 1990 724 2043 hoc
737 1995 779 2043 est
789 1989 928 2043 invocabit
969 1990 1026 2038 tem
1048 1984 1201 2047 Olirarum,
1218 1985 1265 2055 qul
1281 1986 1405 2050 luminis,
1422 1987 1508 2056 paris,
1525 1995 1553 2041 et
1567 1989 1764 2048 misericordia

162 2079 273 2136 Christum
288 2081 403 2135 nomine
416 2096 477 2144 suo,
494 2079 567 2149 quod
581 2084 624 2133 est
633 2077 723 2145 lasus,
739 2078 822 2131 idest
835 2078 928 2131 Salva·
967 2072 1101 2136 locusest,
1110 2073 1183 2125 unde
1192 2078 1244 2126 eta
1253 2073 1443 2127 misericordia
1454 2093 1555 2130 nomen
1566 2080 1682 2150 accepit.
1698 2079 1764 2150 Ipse

162 2170 279 2239 lonquod
304 2176 435 2224 sanctum
462 2184 575 2229 nornen,
602 2167 675 2236 quod
700 2171 814 2221 vocatur
834 2167 924 2230 lesus,
969 2174 1170 2230 quoquemons
1192 2167 1236 2213 est
1257 2169 1356 2215 contra
1375 2162 1764 2236 llierusalemadorientem,

162 2255 253 2319 strator
265 2257 302 2311 sit
317 2256 443 2311 omnium
467 2255 641 2309 seculorum.
665 2256 727 2324 lpse
750 2255 834 2308 etiam
852 2255 925 2307 Deus
968 2248 1041 2302 unde
1051 2248 1129 2302 nobis
1144 2249 1282 2303 oritursol
1289 2250 1632 2323 justitiaeHincprophetu
1644 2272 1650 2307 ε
1660 2276 1671 2306 r
1681 2255 1765 2311 Vobis

163 2345 280 2413 mudena
293 2345 424 2416 placitam
435 2343 487 2397 sibi
498 2360 596 2398 eorum
605 2344 688 2397 fidem
696 2348 725 2396 et
739 2343 923 2406 devotionem,
967 2336 1132 2391 timentibus
1142 2354 1243 2391 nomen
1253 2355 1348 2391 meum
1358 2339 1509 2394 orietursol
1517 2342 1644 2410 iustitiae,
1653 2350 1682 2397 ot
1693 2343 1766 2399 seui·

163 2427 213 2499 litet
225 2445 230 2477 1
242 2433 282 2487 Dr
297 2449 329 2486 es
344 2432 464 2502 populus
475 2448 564 2496 meus,
579 2448 663 2501 quem
678 2432 740 2484 novi
756 2447 789 2485 er
804 2433 925 2494 nomine,
968 2432 1011 2479 tas
1027 2425 1055 2477 in
1071 2426 1169 2495 pennis
1182 2427 1251 2494 ejus.
1271 2449 1281 2476 ι
1305 2428 1360 2481 iste
1385 2444 1466 2482 mons
1481 2429 1624 2484 Olivarum
1638 2432 1765 2487 Obristua

163 2521 306 2591 populusque
326 2519 507 2592 respondebit
522 2537 527 2572 ;
545 2516 680 2574 Dominus
694 2521 768 2574 Deus
784 2536 872 2574 meus.
969 2519 1012 2567 est
1024 2514 1148 2568 consitus
1161 2514 1216 2567 illis
1229 2514 1357 2569 olivis.de
1370 2516 1471 2586 quibus
1487 2517 1515 2569 in
1526 2518 1744 2589 psalmodicitur
1758 2538 1764 2573 z

109 2604 111 2613 '
427 2608 544 2663 CAPUT
563 2608 634 2662 xlv.
971 2601 1063 2655 «Filii
1083 2602 1124 2655 tui
1148 2602 1220 2656 sicut
1243 2603 1359 2657 novellae
1382 2604 1529 2658 olivarum.
1559 2627 1570 2656 ι
1596 2608 1766 2676 lpseoriens

109 2750 112 2775 ;
186 2696 336 2755 ,weiss
351 2697 463 2751 venient
484 2697 606 2759 nomini,
623 2702 652 2749 et
666 2696 827 2750 dividentur·
840 2696 929 2765 spotia
970 2690 1101 2759 splendor
1114 2690 1214 2744 Patris.
1233 2691 1311 2744 Sicut
1324 2686 1399 2744 enini
1414 2692 1473 2762 ipse
1492 2701 1535 2746 est
1545 2694 1643 2763 janua,
1660 2701 1689 2749 et
1706 2696 1767 2766 ipse

163 2784 405 2852 palamedium,
422 2790 450 2839 et
464 2785 640 2855 congregabo
659 2800 757 2838 ornnes
781 2791 880 2854 gentas
895 2784 929 2838 ad
968 2778 1084 2847 janitor,
1105 2778 1165 2849 ipse
1180 2779 1223 2832 via
1237 2796 1287 2850 per
1311 2796 1394 2849 quam
1410 2781 1538 2834 venimus
1552 2782 1587 2835 ad
1603 2782 1705 2853 ipsum,
1725 2784 1767 2839 sic

162 2869 285 2930 boetem
300 2873 330 2927 in
345 2873 482 2944 praelium,
498 2880 527 2926 et
540 2874 667 2942 capietur
679 2873 785 2935 civitas,
803 2878 832 2926 et
842 2878 931 2926 vasta.
971 2865 1031 2936 ipse
1041 2866 1088 2936 qui
1102 2872 1168 2931 stat,
1184 2867 1243 2937 ipse
1257 2884 1336 2920 mons
1348 2884 1526 2939 superquem
1541 2875 1606 2924 stat.
1621 2892 1631 2922 r
1648 2872 1683 2927 Et
1692 2871 1767 2928 scin·

162 2956 240 3018 luctu
254 2962 366 3018 domus.
382 2961 552 3015 etmulieres
567 2961 757 3023 violabuntur3
767 2966 796 3014 et
807 2961 931 3031 egredie·
972 2953 1055 3007 detur
1069 2970 1149 3007 mous
1164 2955 1306 3008 Olirarum
1322 2973 1354 3009 ex
1369 2957 1461 3009 media
1473 2962 1554 3027 parte
1568 2959 1612 3012 sui
1625 2960 1661 3015 ad
1673 2960 1768 3015 orien-

161 3051 285 3105 turrnedia
299 3067 367 3121 pars
378 3050 498 3104 civitatis
512 3050 783 3120 incaptiritatem,et
792 3049 930 3119 reliquum
940 3014 962 3073 C
973 3051 1029 3097 tem
1043 3052 1072 3098 et
1095 3046 1129 3099 ad
1146 3045 1326 3110 occidentem,
1354 3058 1494 3118 ttraet'upto
1520 3049 1621 3117 grandi
1643 3052 1723 3116 vano,
1739 3057 1769 3107 ⁰3

159 3139 449 3210 npabnonauieretur
461 3154 494 3191 ex
506 3137 612 3192 urbe.»
629 3139 780 3207 Postquam
796 3138 931 3208 propheta
972 3132 1149 3203 separabitur
1165 3134 1287 3187 medium
1304 3135 1407 3188 montis
1421 3136 1457 3189 ad
1471 3136 1642 3206 aquilonem,
1665 3144 1694 3193 et
1712 3156 1770 3196 ma-

158 3221 181 3279 le
187 3227 306 3296 passione
315 3224 429 3279 Domini
439 3224 760 3294 introduxitloqaentem
775 3226 863 3279 Deum
879 3225 932 3279 Pa·
973 3221 1050 3275 dium
1065 3223 1126 3289 ejus
1141 3222 1176 3274 ad
1191 3223 1347 3276 meridiem.
1367 3225 1470 3278 »Mons
1482 3225 1593 3293 oliveti,
1608 3244 1691 3298 quern
1702 3229 1770 3286 dixi·

158 3314 618 3385 rem‚consequenreretdeaxcidio
630 3314 803 3368 Hierusalem
821 3331 854 3368 ex
867 3331 931 3369 roce
973 3325 1035 3363 mus
1049 3311 1190 3364 Christum
1206 3312 1374 3382 significare,
1391 3329 1454 3366 cum
1471 3330 1543 3367 unus
1557 3314 1688 3387 idemque
1698 3334 1770 3373 seru·

156 3400 260 3470 eiusdem
270 3401 383 3457 Domini
393 3401 469 3473 loqui
479 3402 585 3472 incipit,
605 3403 932 3456 utostendatsubversio-
973 3415 1022 3470 per
1037 3398 1083 3462 sit,
1099 3400 1251 3463 scindetur,
1267 3401 1319 3454 hoc
1329 3407 1370 3454 est
1380 3401 1544 3455 divisionem
1559 3403 1770 3461 tacietduorum

155 3502 202 3543 na
211 3490 286 3545 illam
298 3488 597 3561 'propterDominicam
612 3506 707 3544 necem
718 3491 853 3547 evenisse,
863 3492 932 3545 Dies
972 3488 1139 3558 populorum
1156 3489 1305 3557 permedia
1318 3508 1324 3555 3
1338 3506 1402 3560 pars
1410 3506 1471 3560 quae
1478 3491 1623 3545 scindetur
1633 3493 1668 3547 ad
1676 3496 1771 3551 orien-

153 3579 932 3650 autemquosventuroscomminatur-,tempusilturiestde
972 3582 1029 3628 tem
1054 3575 1206 3629 Ecclesiam
1230 3578 1368 3648 designat,
1391 3579 1420 3633 in
1444 3596 1528 3649 quarn
1553 3580 1685 3649 plantate
1703 3588 1770 3639 suut

155 3668 286 3735 quolsaias
295 3667 381 3720 dicit:
394 3667 459 3720 Dies
472 3666 781 3736 Dominiindignatione
791 3667 933 3736 plenuset
974 3663 1051 3716 otius
1066 3663 1253 3732 degentibus,
1269 3682 1388 3736 quarum
1403 3684 1460 3720 una
1475 3666 1598 3736 loquitar
1613 3671 1709 3742 :aliga
1721 3687 1770 3726 aar

154 3751 354 3826 delatorisque
370 3754 406 3807 ad
422 3755 564 3825 ponendas
577 3761 677 3824 gentes
690 3756 718 3808 iu
739 3755 930 3819 solitudinem,
973 3759 1030 3806 teni
1041 3754 1114 3806 sicut
1126 3754 1276 3819 olira,etc.;
1287 3775 1297 3804 ι
1310 3755 1366 3808 alia
1375 3772 1440 3825 pars
1449 3758 1616 3830 mediaque
1626 3761 1771 3817 scindetur

155 3843 531 3915 tpertissimetempusdiceus
543 3843 648 3897 ultimae
663 3843 839 3913 captivitatis.
852 3843 931 3907 Quod
974 3840 1008 3895 ad
1024 3842 1205 3905 occidentem,
1223 3849 1364 3912 praerupta
1377 3846 1478 3913 grandi
1490 3848 1569 3913 valle,
1584 3849 1770 3906 circumcisio-

156 3931 304 4003 autemdicit
317 3947 323 3985 :
334 3929 633 4000 Dividenturspoliain
644 3931 819 3985 medicurbis
833 3939 930 4001 captae,
976 3930 1019 3984 uis
1034 3937 1077 3983 est
1097 3930 1225 3999 populus,
1241 3929 1412 3984 occidentem
1437 3949 1556 4003 sequens
1580 3935 1714 3991 litteram.
1736 3939 1771 3995 Et

156 4017 676 4089 uouwlumcapieturtiierusalem,sed
688 4019 935 4073 etcunctanesaria
976 4034 1031 4071 non
1056 4017 1124 4070 dicit
1142 4017 1307 4086 simpliciter
1332 4019 1514 4087 «scindetur,
1532 4043 1544 4072 ι
1566 4023 1615 4077 sed
1631 4024 1767 4079 additur:

157 4103 460 4179 usperpeuabumur.
477 4106 776 4160 Vastabunturdomus
792 4106 934 4160 habitato·
978 4126 990 4155 ι
1006 4105 1256 4175 praeruptagrandi
1267 4106 1345 4163 salle.
1357 4130 1369 4154 ι»
1379 4107 1431 4161 hoc
1441 4114 1591 4180 estmagna
1602 4113 1769 4183 perditionis

159 4178 214 4261 rub,
224 4200 251 4249 ct
263 4194 398 4251 mulieres
411 4192 599 4260 violabantur,
611 4195 646 4249 ad
662 4198 797 4265 maiorem
810 4196 933 4249 dotorem
944 4194 1161 4264 Dr01·agine;de
1178 4211 1233 4264 quo
1251 4195 1378 4249 Michaeas
1393 4197 1544 4266 propheta:
1559 4200 1731 4258 «retraham
1741 4203 1770 4258 in

160 4282 315 4345 mearum,
329 4283 380 4352 qui
394 4282 454 4336 suis
465 4283 597 4338 uxoribus
610 4283 758 4338 subvenire
772 4300 827 4337 non
839 4290 935 4354 potue·
978 4284 1078 4335 sallem
1090 4282 1275 4352 lapidasejuS,
1285 4302 1303 4359 p
1313 4283 1341 4337 id
1352 4290 1396 4338 est
1405 4285 1612 4353 Hierusalem«
1630 4295 1658 4343 et
1673 4289 1772 4346 sunda·

162 4369 869 4442 tuatquouihilcrudeliushostilisimmanitasagere
884 4388 933 4442 po·
977 4377 1072 4424 menta
1083 4373 1144 4440 ejus
1155 4372 1309 4425 revelabo.»
1324 4373 1358 4425 Et
1368 4371 1549 4443 separabitur
1555 4378 1679 4432 medium
1690 4397 1772 4434 mon-

109 4506 111 4511 ,
163 4456 211 4525 tert.
977 4460 1013 4513 tis
1025 4460 1060 4512 ad
1075 4460 1409 4529 aquilonern,etmedium
1423 4464 1484 4532 ejus
1494 4465 1690 4520 admeridiem.
1700 4467 1772 4523 Cura

109 4580 111 4611 ;
185 4544 937 4619 tiltegredieturDomiuus,etpraeliabiturcontragen·
978 4565 1059 4601 mons
1070 4549 1170 4603 Oliveti
1182 4549 1283 4618 grandi
1302 4551 1433 4620 voragine
1447 4559 1603 4624 praeruptus
1617 4555 1714 4623 fuerit,
1732 4556 1773 4610 ita

166 4632 266 4697 atus,
281 4634 353 4691 sicut
366 4633 510 4705 pretiatur
527 4641 569 4689 est
591 4636 620 4689 in
640 4637 686 4690 die
706 4638 868 4691 certaminis
886 4656 891 4690 :
909 4643 938 4691 et
979 4643 1012 4690 ut
1025 4653 1081 4691 una
1097 4654 1161 4706 pars
1176 4639 1315 4708 voraginis
1326 4639 1360 4693 ad
1373 4640 1542 4708 aquilonem,
1565 4643 1652 4696 altera
1669 4643 1704 4696 ad
1723 4660 1773 4697 au·

168 4718 257 4781 nbat
266 4723 353 4796 pedes
370 4725 432 4795 ejus
441 4723 471 4777 iu
480 4723 589 4778 die-illa
598 4742 683 4795 super
702 4733 826 4780 montem
842 4726 937 4780 Oliva·
978 4730 1067 4778 strum
1084 4726 1223 4796 respiciat,
1240 4733 1355 4795 repente
1371 4727 1468 4797 inipsa
1481 4729 1613 4797 voragine
1628 4735 1772 4800 etpraeru.

169 4819 223 4875 mu,
235 4813 278 4882 qui
287 4817 440 4867 estcontra
448 4811 622 4867 Hierusalem
632 4814 824 4868 adorientem.
843 4834 853 4865 ι
867 4815 937 4869 Cum
979 4819 1036 4884 pto,
1048 4813 1103 4867 alia
1113 4830 1214 4884 vorago
1226 4822 1381 4883 rumpetur,
1397 4820 1427 4868 et
1437 4809 1522 4869 unam
1539 4822 1647 4886 partem
1657 4835 1772 4889 separa·

170 4895 271 4965 tulimus
278 4899 374 4973 egredi
384 4899 428 4954 vel
443 4906 518 4954 stare
528 4900 687 4965 Deum,sive
696 4902 802 4972 aliquid
811 4903 937 4967 telamon
979 4901 1020 4956 bit
1034 4902 1068 4954 ad
1085 4902 1345 4973 aquilonemaliam
1361 4903 1395 4956 ad
1411 4910 1550 4968 austrum,
1561 4912 1590 4960 et
1604 4907 1652 4960 det
1666 4924 1773 4979 praru·

172 4979 274 5059 tlemus
291 4990 321 5045 iu
335 5005 369 5043 eo
380 5005 483 5084 corpus
495 4994 545 5042 aut
556 4989 678 5060 aliquem
688 4997 795 5044 motum
804 5007 937 5063 corpora·
979 4995 1057 5062 ptum
1086 4991 1319 5060 quadrangulum,
1344 4997 1377 5044 ut
1403 4991 1576 5061 quadrifaria
1600 4994 1629 5049 in
1652 5001 1774 5066 quatuor

172 5067 414 5151 &maturatione
425 5077 939 5151 enimincorporeusestdequodpos·
980 5079 1077 5133 mundi
1093 5080 1189 5150 plagas
1203 5094 1305 5147 vorago
1319 5078 1368 5133 illa
1382 5081 1524 5135 tendatur.

172 5161 224 5231 tolus
236 5182 243 5218 ι
255 5167 322 5241 Regi
332 5172 429 5225 numm
440 5164 617 5225 seculorum.
633 5174 685 5222 etc.
701 5169 735 5223 Et
749 5170 777 5222 in
791 5169 939 5239 Evangelio
1018 5187 1030 5218 a
1045 5168 1079 5221 Et
1093 5167 1206 5237 fugietis
1218 5167 1253 5220 ad
1266 5167 1365 5220 vallem
1377 5170 1513 5225 urentium
1522 5188 1630 5238 eorum,
1642 5175 1776 5245 quoniam

172 5244 297 5328 ffiuiuus:
314 5275 330 5309 ι
345 5258 421 5311 Deus
438 5256 548 5327 tinquit)
558 5257 673 5329 spiritus
687 5265 738 5312 est.
757 5280 767 5308 ι
786 5260 856 5313 Cum
872 5275 939 5328 ergo
981 5259 1166 5326 conjungetur
1181 5256 1259 5309 vallis
1275 5257 1412 5312 montium
1426 5275 1516 5330 usque
1530 5261 1565 5314 ad
1580 5262 1775 5333 proximum.»

171 5332 277 5415 lituique
292 5345 320 5400 iu
339 5344 494 5416 scripturis
507 5352 581 5400 stare
592 5347 635 5400 vel
645 5346 799 5412 ambulare,
817 5349 860 5400 vel
874 5364 939 5401 curn
981 5346 1042 5399 Duo
1056 5351 1137 5398 amnt
1153 5349 1270 5409 montes,
1286 5345 1416 5401 videlicet
1432 5351 1633 5421 monstempli,
1649 5357 1677 5406 et
1697 5369 1778 5408 mons

168 5431 270 5507 neutra
289 5434 416 5515 bumana
439 5433 542 5489 habere
567 5434 743 5500 describitur,
768 5452 818 5506 pro
842 5452 941 5490 causa·
985 5434 1061 5498 Sion,
1075 5433 1122 5504 qui
1135 5433 1183 5486 Dei
1201 5440 1311 5489 montes
1328 5436 1508 5492 vocabantur.
1524 5423 1584 5493 Hoc
1593 5446 1637 5494 est
1649 5439 1724 5511 quad
1738 5441 1779 5494 di·

166 5520 352 5603 repermiqtete
366 5521 460 5595 accipi
471 5520 565 5591 debet
582 5522 683 5594 Egredi
698 5523 774 5586 enim
787 5523 890 5579 dicitur
899 5523 942 5579 vel
982 5523 1040 5578 cit:
1058 5541 1070 5573 r
1084 5521 1209 5591 Fugietis
1223 5523 1260 5579 ad
1273 5524 1376 5580 vallem
1389 5527 1529 5583 montium
1543 5543 1651 5594 eorum.
1669 5546 1682 5581 a
1699 5528 1780 5593 Quod
