3818 6104
318 238 508 302 exnosl‘no
528 244 567 300 IN
587 242 663 300 EPP.
686 244 714 299 S.
736 242 854 300 Pleni.
880 276 907 288 -
931 244 969 302 m
992 246 1102 303 episc.
1123 248 1135 303 l
1154 246 1344 306 anselme.
1595 244 1650 304 ’174

109 364 206 423 semini
219 366 297 437 ejus:
313 367 401 422 Terra
416 385 454 430 es,
472 375 501 425 et
514 369 544 424 in
557 374 661 423 terrum
672 368 737 432 ibis,
749 384 812 422 eum
821 372 846 430 Α
855 375 920 441 post
934 376 1053 427 mortem
1068 373 1141 443 ejus,
1150 372 1315 444 gaudebunt
1329 388 1379 444 per
1390 370 1652 443 illosquadreginta

109 459 188 510 >mm
203 455 309 527 experti
323 471 379 510 non
389 456 494 512 fuerint
503 457 516 511 l
525 458 592 523 Quae
601 458 654 512 hoo
662 457 745 512 modo
755 457 812 512 sol·
854 460 978 532 quinque
987 460 1058 525 dies,
1068 461 1203 517 ducentes
1213 477 1315 519 uxores
1328 468 1358 517 et
1371 459 1497 517 convivia
1510 459 1651 517 celebran-

109 543 248 599 ecundum
257 543 370 598 beatum
380 547 580 617 Augustinum.
590 547 681 602 Homo
691 547 812 601 deterre
853 554 905 614 tes,
920 556 948 604 et
955 551 1034 622 jocos
1041 551 1144 606 diversi
1155 551 1268 623 generis
1278 556 1448 614 exercentes,
1465 566 1499 605 ac
1510 549 1649 607 dicentes:

115 637 161 688 eet
174 633 203 687 in
217 649 342 704 corpore,
359 639 388 688 et
397 640 547 706 antequam
555 634 707 705 inspiraret
716 635 810 690 Domi·
852 637 930 693 Licet
944 639 1074 712 princeps
1086 646 1183 696 noster
1195 640 1234 696 sit
1243 645 1381 705 mortuus,
1397 641 1480 695 modo
1495 654 1549 697 nos
1563 637 1650 696 habe-

117 721 218 777 t'aciem
229 722 291 793 ejus
301 723 473 794 spiraculum
487 724 591 789 viteid
602 729 645 779 est
658 729 811 796 antequam
852 726 944 782 bimus
957 744 1055 800 pacem
1068 732 1097 783 et
1110 729 1300 785 securitatem.
1311 728 1420 785 Etcum
1434 728 1503 785 talia
1516 727 1646 794 dixerint,

109 810 132 867 si
149 811 284 878 animam,
297 810 368 866 illud
381 829 482 885 corpus
504 819 582 869 terra
594 819 665 879 erat,
682 818 711 868 et
729 814 811 869 electi
851 817 945 874 subito
955 817 1050 874 venmt
1063 819 1104 874 eis
1121 819 1286 874 subitaneus
1300 818 1442 875 interitus.

109 898 243 972 rireperti
257 899 408 968 ineuntis
421 902 483 974 ipso
496 908 581 976 raptu
593 903 661 958 dum
675 901 810 973 angelicis
894 907 938 962 Vos
951 912 1046 962 eoum
1060 923 1119 962 non
1133 909 1196 962 estis
1210 909 1243 962 ia
1257 908 1376 963 tenebris
1396 905 1583 969 infidelitatis.
1595 907 1650 978 Oui

109 1004 141 1044 ns
154 988 344 1061 portabuntur
364 989 456 1045 subito
477 992 643 1056 morientur,
659 990 809 1063 subitoque
850 1000 925 1050 enim
940 997 1095 1064 doreviunt,
1106 1000 1136 1050 et
1145 995 1293 1067 quiescunt
1306 995 1482 1066 inpeccatis,
1498 1000 1574 1053 nocte
1587 996 1650 1053 dor·

109 1081 178 1135 cut:
198 1083 227 1133 et
248 1078 316 1134 dnm
336 1079 432 1135 enimn
452 1080 483 1134 in
504 1081 566 1152 ipso
580 1084 663 1152 raptu
678 1080 778 1135 exierit
791 1096 810 1135 a
849 1087 953 1149 minet,
965 1083 993 1139 id
1002 1088 1047 1138 est
1055 1083 1085 1137 in
1094 1083 1215 1155 peccatis
1226 1088 1256 1139 et
1264 1083 1339 1139 vitiis
1349 1084 1499 1155 quiescunt
1507 1086 1647 1157 etjscent

109 1180 135 1234 e,
145 1167 304 1223 remanebit
312 1184 415 1240 corpus
428 1174 515 1236 terra,
531 1169 580 1224 sed
594 1173 691 1225 tamen
705 1168 809 1225 brevis·
849 1175 947 1229 lndatt
959 1175 1076 1228 loricam
1088 1175 1152 1240 arev
1166 1179 1192 1227 ct
1209 1173 1365 1236 ementes,
1382 1178 1407 1229 et
1421 1176 1531 1241 qoleom
1547 1177 1605 1244 spss'
1623 1180 1649 1230 et

109 1279 112 1313 ι
124 1257 248 1329 spetiem
259 1256 366 1312 tenebit
375 1258 438 1328 ipsa
451 1274 536 1325 mors,
547 1259 577 1313 in
590 1262 703 1314 tantum
717 1263 807 1314 utnec
848 1263 956 1327 soletis,
981 1260 1011 1316 id
1026 1264 1070 1316 est
1084 1260 1223 1317 habsmds
1236 1260 1321 1316 tidem
1334 1261 1363 1315 in
1382 1261 1473 1318 Deum
1482 1262 1649 1320 ὠιτίωοω

109 1344 127 1402 ri
141 1361 195 1402 neo
206 1346 341 1418 perpendi
353 1346 450 1418 possit.
486 1336 494 1350 '
849 1353 879 1407 in
888 1351 980 1407 Deum
988 1355 1019 1406 et
1032 1349 1206 1422 proximum,
1222 1366 1302 1422 spem
1314 1354 1344 1405 et
1354 1351 1590 1422 exspectationem
1608 1351 1651 1409 fu·

109 1450 139 1491 ue
149 1436 334 1491 consolamini
344 1452 392 1491 uos
407 1438 535 1505 inuicem,
551 1436 809 1492 oThessalonioeu·
851 1446 981 1497 surorum
994 1439 1138 1495 bonorum
1151 1439 1182 1493 in
1196 1438 1307 1510 capite:
1325 1438 1393 1510 quie
1410 1438 1446 1495 de
1466 1439 1544 1496 omlis
1557 1439 1651 1496 veniet

109 1524 345 1590 eresurrectione,
355 1527 387 1580 in
397 1525 485 1580 serbis
497 1527 568 1592 istis,
580 1531 609 1580 et
617 1525 704 1582 nolite
714 1526 809 1582 dolere
850 1528 932 1584 nobis
944 1526 1022 1584 salus
1039 1546 1045 1581 :
1063 1533 1092 1582 et
1114 1527 1159 1583 his
1181 1527 1269 1582 armis
1283 1527 1396 1595 muniti,
1411 1527 1505 1583 securi
1518 1532 1548 1583 et
1565 1527 1649 1585 liberi

109 1618 197 1669 morte
210 1618 368 1685 parentum.
851 1618 957 1674 emmus
968 1617 998 1673 in
1012 1618 1133 1672 adventu
1142 1617 1265 1672 Domini.

816 1686 841 1747 Β
884 1707 945 1762 Non
952 1709 1046 1776 posuit
1059 1721 1108 1760 nes
1122 1705 1193 1760 Deos
1204 1707 1236 1759 tn
1252 1705 1338 1769 irem,
1352 1703 1383 1759 id
1396 1709 1509 1761 estnon
1524 1703 1648 1764 ideouos

322 1756 439 1812 CAPUT
452 1756 486 1811 V·
848 1796 943 1867 posuit
955 1792 1030 1850 Deus
1043 1795 1073 1849 in
1087 1793 1142 1849 flde
1161 1809 1221 1858 sua,
1237 1793 1266 1847 in
1290 1791 1414 1848 Ecclesia
1434 1797 1464 1847 et
1485 1794 1648 1864 cognitione

109 1881 269 1950 tenporibus,
284 1880 416 1936 subaudis
431 1880 487 1936 diei
498 1881 636 1952 judicii,et
647 1882 804 1944 moerentis,
848 1900 909 1950 sus,
929 1889 963 1939 ut
981 1882 1011 1938 in
1032 1882 1114 1938 nobis
1129 1898 1209 1937 suani
1226 1880 1377 1935 vindictam
1397 1886 1534 1946 exerceat,
1550 1884 1598 1939 sed
1615 1886 1648 1939 is

118 1973 216 2024 astate
230 1984 267 2023 an
281 1970 391 2041 hyeme,
415 1985 478 2024 vere
492 1986 528 2025 an
547 1974 685 2025 autumno
701 1967 805 2034 veniat,
847 1974 1056 2041 acquisitionem
1072 1973 1172 2025 setuts's
1186 1969 1282 2041 posuit
1294 1985 1355 2036 nos,
1372 1975 1405 2025 ut
1425 1970 1545 2026 salutem
1568 1969 1648 2027 nobis

109 2056 807 2129 thoradieivelnoetianosindiqetisutscrtbcmus
848 2058 1644 2130 inveniremuspsrfieemlesucertemusexcipiemus,

109 2145 223 2213 Quare?
237 2148 293 2215 Ipsi
314 2150 389 2202 enim
403 2149 551 2216 dithenter
570 2150 654 2214 amru,
668 2150 736 2217 quia
749 2147 806 2201 dies
846 2148 876 2204 id
890 2153 934 2203 est
947 2147 1073 2203 vivamus
1086 2147 1179 2202 inhoc
1188 2146 1365 2213 seculares
1375 2147 1560 2215 dormiemus,
1569 2148 1648 2207 idest

109 2236 206 2290 tacut
219 2237 270 2303 tur
280 2239 312 2289 in
326 2238 461 2302 neclecta
476 2239 573 2302 ueniet,
581 2236 610 2291 id
624 2234 753 2302 est,sicut
761 2234 808 2290 fur
847 2237 1003 2292 moriamur
1015 2236 1046 2291 in
1059 2251 1187 2308 corpore,
1203 2237 1289 2290 amul
1313 2251 1377 2290 cum
1392 2238 1451 2302 illo,
1466 2235 1495 2291 id
1520 2240 1565 2292 est
1582 2253 1648 2294 cum

112 2329 142 2379 et
153 2322 558 2396 insperateintempestenoete
567 2323 806 2380 venitdormiente
847 2325 970 2394 Christo,
986 2327 1114 2381 meamus
1129 2325 1159 2380 in
1172 2322 1344 2379 animastis
1357 2341 1408 2396 spe
1421 2325 1644 2383 resurrectionis„

109 2426 123 2467 o
145 2410 255 2479 domus,
271 2413 312 2467 ita
325 2412 466 2484 insperate
482 2414 574 2469 veniet
588 2414 648 2469 dies
664 2412 763 2484 judicii
778 2417 807 2468 et
883 2417 1000 2484 Propter
1018 2416 1100 2483 quod,
1124 2414 1153 2468 id
1177 2417 1221 2468 est
1243 2417 1360 2485 propter
1377 2412 1427 2468 ille
1442 2429 1505 2486 qum
1517 2415 1647 2487 superius

109 2500 276 2557 iadveutus.
293 2500 431 2557 Dominus
438 2502 590 2574 requisitus
600 2507 665 2574 post
678 2518 805 2557 resurre-
846 2501 967 2557 diximus
981 2502 1016 2556 de
1032 2500 1247 2566 resurrectione,
1261 2503 1446 2556 meselemiae·
1459 2517 1508 2556 vos
1517 2486 1646 2558 inuiam.

109 2604 132 2645 m
145 2588 181 2644 de
192 2588 237 2644 die
251 2590 309 2656 ille,
319 2591 353 2645 de
368 2607 456 2662 regno
468 2591 596 2646 videlicet
605 2590 806 2658 electorum,ab
846 2593 983 2660 lloqomcs
997 2607 1042 2646 uos
1055 2596 1087 2645 ut
1096 2593 1227 2646 nemritts
1239 2605 1290 2652 eos,
1307 2588 1336 2644 id
1350 2594 1394 2644 est
1406 2589 1540 2660 diligatis,
1555 2589 1646 2647 hono·

109 2677 144 2733 lis
157 2678 334 2734 dicentibus:
351 2681 477 2743 Domine,
487 2682 513 2734 st
522 2682 553 2735 ia
564 2681 806 2749 temperahocres-
846 2680 924 2743 retis,
941 2685 971 2734 et
982 2678 1142 2734 necessaria
1159 2678 1200 2733 eis
1223 2677 1414 2733 ministretis:
1440 2680 1491 2747 qui
1517 2679 1646 2735 lobomnt

109 2782 222 2836 requam
233 2769 327 2834 lsrael,
339 2767 392 2823 ait:
405 2770 468 2823 Non
479 2772 646 2823 estvestrnm
657 2784 733 2823 nosse
742 2772 807 2823 tem·
847 2774 923 2824 inter
935 2784 990 2835 eos,
1006 2768 1036 2823 in
1050 2766 1249 2839 predicatione
1267 2771 1297 2821 et
1310 2765 1448 2821 decidua.

109 2856 134 2910 el
146 2861 285 2910 momentu
302 2858 370 2924 (Act.
384 2860 416 2925 1),
433 2861 462 2911 et
474 2862 540 2913 ante
552 2857 711 2930 passionem
725 2872 807 2911 suam
882 2858 1020 2926 lloqemus
1034 2873 1086 2923 eos,
1097 2858 1229 2925 corripite
1237 2857 1385 2924 inquietos,
1401 2855 1647 2925 masolomtns'pss·

109 2942 162 2999 lem
186 2942 231 2998 die
243 2945 304 2999 ait:
323 2947 358 3000 De
373 2947 416 3001 die
431 2948 492 3013 illo,
508 2946 648 3019 inquiens,
658 2948 803 3010 acmessit,
814 2997 837 3058 C
847 2949 1012 3002 sillemmes.
1027 2945 1070 3001 Ad
1080 2943 1343 3000 Thessalonicenses
1365 2947 1447 2999 erant
1470 2943 1584 3016 quidam
1596 2961 1645 3002 va·

109 3034 204 3100 enqeli
219 3036 268 3103 qut
276 3040 343 3088 sent
358 3037 388 3088 in
403 3037 679 3105 calamitatibus,
692 3035 807 3091 nisiPa·
847 3035 886 3107 gi,
902 3040 932 3090 et
942 3038 975 3090 ut
988 3034 1030 3089 ita
1041 3032 1178 3097 dicamus,
1202 3032 1336 3105 gyrovagi
1361 3031 1451 3088 otiose
1467 3033 1604 3104 viventes,
1616 3039 1646 3090 et

109 3134 144 3176 ns
155 3121 261 3189 (Metti.
272 3123 358 3191 xxiv).
379 3123 452 3194 Ergo
466 3123 490 3178 si
504 3123 590 3178 Pater
603 3122 690 3191 novit,
707 3123 806 3195 utique
846 3141 903 3180 non
917 3123 1079 3180 laborantes
1092 3121 1222 3178 menibus
1243 3122 1303 3177 suis
1317 3121 1392 3176 unns
1405 3120 1539 3188 urmmt,
1554 3138 1646 3195 neque

109 3224 139 3265 us
158 3209 245 3278 novit,
270 3210 318 3281 qui
340 3210 424 3266 unius
439 3211 602 3267 substantie
616 3217 660 3267 est
682 3227 746 3266 cum
761 3228 804 3266 eo.
846 3211 1021 3269 orationibus
1035 3219 1085 3267 eut
1098 3210 1264 3284 psalmodiis
1280 3211 1480 3279 vacantes‚sed
1491 3210 1647 3269 seminam

109 3297 182 3354 circo
196 3298 299 3354 dicitur
313 3300 401 3355 Filius
415 3300 553 3371 ignorare.
574 3300 641 3373 quia
653 3300 805 3372 discipulos
845 3304 944 3358 domos
954 3301 1174 3373 aliorum‚atque
1184 3300 1375 3372 peragrabant
1382 3300 1418 3356 de
1431 3300 1645 3369 locoadloonm,

109 3390 169 3443 ntes
182 3388 306 3460 reliquit.
845 3395 1003 3464 quarentes
1026 3392 1103 3446 unde
1126 3389 1218 3444 virere
1244 3395 1369 3461 possent,
1397 3391 1479 3461 eujus
1500 3389 1543 3445 rei
1562 3406 1648 3447 muse

109 3516 111 3524 ,
124 3480 200 3532 enim
215 3479 348 3544 dixerint,
359 3476 494 3535 subaudis
503 3477 625 3551 reprobi,
633 3482 723 3548 pacet
731 3494 805 3534 secu·
845 3481 950 3536 multos
961 3479 1168 3552 inquietabant.
1185 3478 1236 3533 Vel
1253 3479 1343 3534 etiam
1353 3478 1494 3550 inquietos
1503 3484 1586 3535 vocat
1597 3495 1648 3541 su·

109 3569 175 3621 tune
184 3566 349 3638 repentinus
363 3567 420 3622 illis
433 3567 611 3639 superveniet
622 3567 765 3635 interitus,
776 3566 805 3623 id
846 3568 959 3642 perbos,
974 3569 1022 3640 qui
1033 3584 1118 3623 causa
1132 3564 1270 3638 snperbia
1279 3565 1351 3621 alios
1366 3565 1571 3636 inquietabant.
1586 3566 1648 3625 Ite·

109 3654 213 3711 titanes
226 3656 346 3727 perditio
360 3655 416 3711 diei
424 3656 533 3727 judicii,
546 3661 618 3713 sicut
631 3660 710 3712 dolor
719 3660 762 3712 est
773 3659 805 3712 tn
846 3675 911 3713 rum
926 3662 1008 3712 eraut
1021 3656 1062 3710 illi
1075 3655 1270 3727 pusillanimes
1294 3660 1323 3708 et
1351 3653 1456 3719 timidi,
1472 3653 1520 3727 qui
1541 3652 1648 3711 mum

109 3742 230 3812 hamati,
255 3744 389 3800 subaudis
403 3750 527 3817 partum,
542 3751 567 3800 et
595 3761 650 3800 noe
664 3748 804 3814 effhqieat.
845 3745 985 3801 timebant
997 3744 1139 3810 inchoare,
1154 3758 1190 3798 ne
1208 3742 1281 3797 sorte
1298 3757 1355 3797 non
1378 3745 1494 3813 possent
1516 3741 1587 3799 illud
1609 3743 1648 3798 ad

109 3834 204 3889 unlier
227 3851 375 3906 praegnans
395 3833 559 3890 imminente
575 3833 759 3891 tribulatione
776 3839 807 3890 et
847 3835 976 3893 ellectum
990 3833 1162 3905 perducere:
1178 3830 1222 3886 vel
1240 3830 1264 3886 si
1286 3829 1465 3898 inchoabant,
1480 3847 1538 3887 non
1557 3831 1647 3891 libere

109 3920 211 3990 atione,
219 3938 275 3977 non
288 3923 361 3977 volet
375 3921 498 3993 effugere
506 3922 733 3994 persequentium
740 3920 807 3976 insi·
847 3925 918 3980 illud
932 3921 1065 3994 egebant,
1080 3921 1130 3976 sed
1143 3918 1407 3975 verecundabantur
1420 3936 1453 3975 ex
1466 3920 1520 3976 hoc
1531 3919 1563 3977 iu
1572 3937 1648 3993 prte-

109 4016 135 4068 la
146 4017 175 4067 et
188 4011 229 4067 illi
242 4027 298 4067 non
311 4015 447 4084 poterunt
455 4010 587 4082 ellegere,
601 4009 637 4065 de
650 4009 753 4082 quibus
766 4010 808 4065 ait
847 4013 940 4070 sentia
951 4010 1073 4066 aliorum
1085 4009 1195 4082 ipsique
1209 4007 1402 4081 pusillanimes
1416 4010 1577 4088 erantquia
1592 4007 1647 4064 ad·

109 4117 169 4157 us:
191 4103 230 4156 Ve
237 4102 448 4171 preqeontibes
460 4105 485 4155 et
496 4101 685 4155 nutrientibus
700 4103 733 4155 in
746 4101 805 4155 illis
845 4118 927 4159 verse
944 4100 1030 4173 huius
1053 4098 1147 4155 seculi
1169 4097 1309 4171 patienter
1331 4096 1406 4152 ferre
1432 4112 1490 4153 uon
1515 4095 1649 4157 volebant

115 4190 288 4261 (Murcum).
300 4189 379 4245 Sicut
388 4190 417 4244 in
427 4187 517 4244 verbis
526 4188 651 4244 Danielis
661 4189 804 4260 prophete
846 4193 958 4264 citoque
971 4188 1238 4246 scandelisabantur
1250 4184 1281 4243 iu
1295 4185 1379 4243 verbo
1387 4191 1415 4242 et
1427 4186 1501 4245 iacto
1512 4185 1648 4247 anema.

109 4294 179 4347 mus,
193 4286 329 4351 regnante
342 4278 515 4334 Antichristo
540 4283 568 4332 et
592 4277 729 4333 ministris
743 4280 805 4350 ejus
846 4281 991 4354 Inquietos
1003 4293 1081 4350 crgo,
1096 4277 1125 4333 id
1140 4283 1184 4333 est
1197 4276 1389 4349 vagabundos,
1404 4277 1549 4333 otiososet
1561 4276 1650 4333 inste·

110 4368 194 4425 annis
208 4373 237 4423 et
250 4367 375 4431 dimidio,
386 4373 414 4422 et
427 4367 582 4422 interiectis
594 4367 630 4421 ab
646 4367 695 4422 illo
705 4367 766 4422 Elia
781 4359 929 4434 etDbiles,
940 4369 983 4424 vel
1002 4366 1138 4439 superbos
1153 4365 1201 4439 qui
1219 4365 1290 4422 alios
1308 4365 1505 4436 molestabant,
1520 4365 1649 4439 precipit

116 4457 192 4514 sicut
204 4458 234 4512 in
243 4457 411 4530 Apocalypsi
420 4455 742 4530 habetur,quotempore
756 4458 811 4513 erit
849 4457 1000 4531 Apostolus
1014 4455 1117 4527 corripi
1131 4472 1149 4511 a
1161 4454 1285 4528 prelatis
1298 4460 1329 4511 et
1340 4455 1494 4528 magistris,
1509 4460 1649 4528 quatenus

109 4547 171 4604 utio
185 4547 261 4613 talis,
286 4547 377 4619 qualis
400 4563 457 4602 non
480 4546 533 4602 fuit
548 4552 632 4602 antea
645 4562 698 4602 nee
712 4551 810 4619 postea
850 4546 1019 4602 desisterent
1032 4545 1068 4600 ab
1081 4544 1224 4601 otiositate
1238 4561 1300 4617 qua
1313 4550 1358 4600 est
1371 4545 1488 4600 inimica
1497 4542 1608 4612 amma,
1620 4546 1650 4601 et

109 4640 211 4711 quatur,
226 4637 412 4692 interficietur
423 4636 482 4708 ipse
492 4636 691 4701 Antichristus,
707 4640 735 4692 et
749 4652 810 4692 ma·
851 4637 1025 4708 deponerent
1037 4633 1199 4706 superbiam
1220 4633 1343 4690 radicem
1364 4633 1490 4689 omnium
1503 4632 1650 4705 citimum.

109 4741 170 4800 pars
188 4726 378 4782 membrorum
393 4726 455 4796 ejus
471 4742 489 4780 a
506 4725 650 4794 Michaele,
665 4730 699 4781 ut
712 4725 811 4782 beatas
851 4723 1051 4782 Pusillauimes
1064 4727 1160 4779 autem
1168 4723 1295 4795 precipit
1306 4722 1446 4779 consolari
1459 4720 1599 4786 blandius,
1615 4724 1650 4778 ut

109 4815 170 4872 rius
177 4815 255 4880 dicit,
265 4822 294 4870 et
307 4820 341 4871 ut
355 4815 453 4870 beatus
465 4815 569 4871 Paulus
581 4814 650 4870 dicit
661 4814 812 4872 :Dominus
853 4830 905 4889 per
917 4813 1140 4870 exhortationem
1155 4818 1184 4867 et
1197 4811 1417 4868 consolationem
1432 4809 1649 4883 prepositorum

109 4904 260 4961 interficiet
269 4920 333 4960 eum
341 4904 444 4976 spiritu
455 4905 512 4959 oris
527 4903 582 4974 sui,
593 4904 622 4959 id
636 4909 679 4960 est
692 4904 813 4961 inverbo
853 4904 1054 4960 roborarentur
1068 4901 1098 4957 in
1110 4900 1241 4956 omnibus
1254 4900 1345 4955 bonis.
1358 4900 1502 4969 Susciptte,
1514 4898 1650 4956 subaudis

109 4992 228 5051 ‚virtute
243 5010 304 5049 sus.
321 4993 401 5058 Quod
428 4998 579 5065 utrumque
602 5009 698 5048 verum
721 4998 815 5066 potest
854 4994 885 5050 in
898 4993 1019 5049 officium
1034 4990 1188 5057 charitatis,
1205 4992 1331 5067 infinitos
1343 4988 1375 5044 in
1392 4989 1460 5058 lide,
1477 4988 1508 5046 in
1522 5006 1650 5063 corpore.

112 5082 182 5157 quia
202 5083 226 5138 si
250 5083 366 5139 llichuel
389 5083 468 5137 illum
482 5082 662 5149 interfecerit,
678 5098 736 5137 non
749 5099 812 5154 sue,
852 5085 989 5138 narrantes
1000 5086 1080 5137 estote
1098 5081 1135 5134 od
1146 5095 1249 5134 omnes.
1271 5079 1353 5135 llodo
1367 5079 1503 5138 admonet
1521 5080 1654 5152 praelatos

109 5172 127 5228 si
137 5172 225 5228 virtus
233 5172 288 5228 erit
297 5172 505 5243 etjussio.Post
515 5176 634 5227 mortem
647 5177 741 5227 autem
752 5172 812 5242 eius
852 5177 885 5227 ut
898 5171 1090 5242 subjectorum
1102 5166 1310 5239 impmbitatem
1331 5173 1362 5225 at
1381 5168 1590 5242 impatientiam
1604 5185 1657 5243 pa·

109 5260 206 5318 rebant
219 5261 407 5332 quadraginta
426 5261 550 5333 quinque
571 5261 641 5328 dies,
656 5260 686 5315 in
713 5259 814 5333 quibus
855 5261 961 5317 tienter
968 5260 1071 5326 ferant,
1082 5257 1188 5313 domin
1197 5258 1293 5332 aliquo
1303 5263 1458 5316 contraeas
1465 5264 1654 5317 murmurant.

123 5349 179 5406 erit
191 5366 256 5422 pax,
271 5350 346 5405 utin
361 5349 416 5405 illis
435 5349 516 5405 electi
529 5349 577 5422 qui
591 5350 698 5421 aliquid
712 5349 816 5406 tituba-
856 5351 954 5407 Solent
967 5349 1045 5406 enim
1054 5347 1174 5421 inquieti
1185 5353 1215 5403 et
1228 5348 1390 5405 immodesti
1400 5366 1451 5406 seu
1463 5349 1655 5423 impatientes,

109 5444 121 5497 t
142 5438 173 5495 in
191 5438 393 5513 persecutione,
409 5437 606 5513 penitentiam
620 5444 749 5511 agantet
762 5441 816 5496 sal·
857 5439 969 5514 quando
992 5438 1184 5512 corripiuntur
1199 5453 1216 5493 a
1234 5439 1367 5512 prelatis,
1388 5439 1536 5512 insurgere
1558 5441 1658 5496 contro

109 5542 131 5604 r,
144 5527 269 5596 miuhtri
279 5527 546 5613 autumnatiobxisti
556 5528 605 5608 qui
617 5534 816 5588 remanserunt
856 5545 914 5604 eos,
930 5535 960 5588 et
970 5528 1153 5607 impatienter
1163 5527 1238 5586 terre
1251 5529 1366 5607 illorum
1373 5529 1591 5608 eorreptionem,
1602 5540 1659 5585 non
