3818 6104
87 305 97 323 .
127 279 183 342 239
582 274 791 334 mnuatho
809 276 850 332 IN
866 270 1084 330 ununcfflnn
1103 273 1335 331 Puoeflmnu.
1717 274 1771 333 290

131 385 354 469 calumniantur,
371 418 435 457 cum
450 401 524 455 dicat
537 400 689 471 propheta:
705 399 789 452 «Non
801 395 965 467 despit-ioth
976 395 1107 463 creditur)
1120 413 1152 450 ac
1165 397 1318 463 Nehemiae,
1346 399 1433 453 fames
1447 398 1523 452 facta
1537 403 1579 452 est
1592 398 1766 469 gravissima,

130 492 270 546 Dominus
284 493 434 546 clamorem
447 488 547 560 pupilli
562 494 590 541 et
599 488 721 551 viduam,
731 502 794 540 cum
805 482 934 538 effuderit
975 482 1011 537 ob
1023 501 1107 554 quam
1123 502 1260 556 pauperes
1276 487 1326 557 qui
1348 495 1430 541 erant
1450 486 1480 541 in
1503 486 1617 558 populo,
1634 487 1770 558 compulsi

131 579 275 650 loquelam
289 579 422 651 gemitus,
440 585 530 644 oetc.;
540 554 930 647 etopprimiintperegrinum,
974 578 1041 626 sunt
1052 573 1172 628 rendere
1190 575 1262 628 filios
1273 591 1338 628 suos
1352 575 1473 644 attilius,
1484 574 1532 628 sed
1543 580 1572 628 et
1582 574 1770 645 possessiones

132 683 195 722 cum
204 667 509 739 Dominusspecialiter
521 661 934 736 praecipiat:«Peregrinumet
974 676 1039 714 suas
1061 677 1227 732 omnemque
1251 662 1463 717 substantiam:
1485 663 1605 734 denique
1630 662 1770 729 dicebant,

132 757 268 811 advenam
284 772 341 811 non
356 753 543 810 contristabis.
561 772 574 805 a
591 752 697 806 Altiore
710 766 821 822 quoque
837 765 931 815 sensu,
974 748 1047 802 sicut
1060 749 1089 801 in
1103 748 1174 803 libro
1187 750 1281 805 Esdre
1296 751 1412 821 legitur:
1432 751 1524 805 «Filii
1547 757 1576 805 et
1600 750 1664 805 filiae
1692 751 1772 806 nobis

132 845 311 915 peregrinum
334 843 402 897 dicit
413 843 656 904 catechumenum,
672 840 720 909 qui
735 838 851 892 necdum
866 836 933 890 civis
973 836 1055 889 multi
1070 842 1136 890 sunt
1148 837 1240 905 nimis,
1253 849 1282 892 ct
1301 840 1471 911 accipiamus
1495 840 1525 893 in
1553 839 1644 910 pretio
1672 856 1770 894 eorum

134 932 438 1002 effeetusestsupernae
448 925 933 998 Hierusalemperbaptismum.Ne·
972 923 1155 988 frumentum,
1168 934 1197 979 et
1206 927 1384 982 comedamus
1409 934 1438 982 et
1458 928 1622 982 vivamus.»
1649 928 1705 982 Alii
1732 928 1773 983 di-

135 1036 177 1074 mo
186 1038 255 1091 ergo
264 1019 426 1090 putetleria
436 1024 550 1089 peccata
566 1017 723 1087 perjurium
737 1014 780 1069 vel
793 1014 932 1077 fraudem,
974 1011 1094 1067 cebant:
1113 1032 1127 1065 a
1141 1015 1231 1084 Agros
1243 1017 1489 1071 nostrosetvineas
1502 1022 1529 1071 et
1541 1017 1640 1071 domos
1649 1033 1772 1088 oppona-

137 1115 181 1162 aut
187 1108 355 1163 calumniari
361 1107 472 1161 viduam
479 1105 650 1176 etpupillum
657 1103 850 1174 etopprimere
857 1117 935 1172 pere·
975 1117 1050 1166 mue,
1064 1107 1093 1154 et
1102 1102 1270 1173 accipiamus
1283 1103 1457 1158 frumentum
1470 1105 1498 1158 in
1511 1105 1595 1160 fame.
1612 1124 1625 1158 s
1640 1102 1686 1159 lili
1705 1121 1770 1161 vero

139 1197 255 1267 griaum,
270 1213 335 1252 cum
351 1197 403 1250 boc
416 1194 554 1250 Dominus
578 1192 723 1246 maleficiis
746 1198 775 1244 et
793 1189 931 1244 adulterio
973 1189 1020 1260 qui
1039 1189 1181 1244 habebant
1194 1191 1224 1244 in
1238 1192 1346 1246 horreis
1358 1193 1509 1259 frumenta,
1522 1193 1654 1248 nolebant
1667 1193 1770 1249 Levitis

141 1287 293 1355 mniuagat,
310 1291 340 1338 et
352 1283 457 1337 similes
473 1299 502 1336 se
512 1281 714 1351 judicaturum.
972 1277 1089 1332 reddere
1102 1278 1234 1343 decimas,
1252 1279 1299 1349 qui
1314 1281 1407 1334 nullas
1422 1279 1562 1334 habebant
1581 1281 1769 1345 haereditates,

171 1392 183 1424 a
199 1374 256 1443 Ego
271 1371 347 1427 enim
358 1370 503 1433 Dominus,
519 1375 548 1423 et
560 1385 616 1422 non
631 1373 733 1422 mutor.
751 1385 762 1418 i
779 1367 820 1421 Ne
849 1370 932 1437 puta·
974 1365 1022 1418 sed
1034 1366 1165 1436 primitiae
1182 1374 1211 1421 et
1224 1367 1338 1422 decimae
1353 1376 1435 1423 erant
1450 1369 1599 1423 haereditas
1614 1387 1722 1425 corum.
1741 1371 1771 1428 Si

146 1477 229 1515 remus
243 1463 305 1531 eius
321 1459 425 1513 mutari
440 1462 581 1518 naturam,
604 1456 671 1510 dum
688 1455 806 1525 judicat,
832 1460 859 1507 et
880 1453 934 1507 ali-
972 1452 1085 1523 (iuquit)
1099 1454 1184 1508 homo
1203 1459 1297 1525 potest
1321 1456 1435 1527 affigere
1460 1456 1560 1522 Deum,
1575 1456 1604 1509 id
1631 1463 1673 1511 est
1696 1458 1772 1512 frau-

148 1565 220 1620 quam
233 1549 281 1602 irae
293 1547 336 1601 rel
349 1545 452 1600 furoris
477 1545 507 1598 in
539 1559 570 1597 se
596 1541 740 1612 suscipere
762 1540 930 1614 passionem,
974 1539 1050 1608 dare,
1068 1559 1115 1596 vos
1130 1558 1175 1597 me
1187 1543 1347 1609 fraudastis,
1362 1545 1428 1614 quia
1440 1544 1575 1599 ministris
1600 1546 1670 1599 meis
1696 1546 1772 1600 deci·

150 1652 200 1689 cum
213 1635 344 1689 dixisset:
359 1633 526 1688 «Accedam
535 1629 687 1701 injudicio,
702 1649 714 1680 i
730 1632 935 1698 consequenter
975 1646 1035 1682 mas
1045 1636 1073 1683 et
1087 1631 1227 1700 primitias
1242 1648 1297 1685 non
1311 1633 1443 1686 reddetis.
1463 1632 1521 1701 Ego
1546 1634 1674 1687 fraudem
1691 1635 1774 1688 susti-

152 1723 259 1778 addidit:
275 1743 286 1775 ι
304 1723 340 1776 Et
352 1738 408 1776 non
421 1727 529 1776 mutor,
545 1717 631 1789 »Ipsi
645 1717 719 1771 eninr
730 1717 875 1771 verissime
889 1702 964 1770 di-Ii
975 1733 1040 1786 neo,
1052 1719 1132 1786 cujus
1146 1719 1269 1773 ministri
1284 1719 1386 1774 Levitae
1398 1720 1486 1773 eoacti
1500 1720 1618 1789 penuria
1635 1722 1772 1792 templum

154 1820 211 1866 ctera
228 1819 284 1866 est:
304 1829 316 1862 a
333 1812 375 1866 Tu
389 1816 495 1867 autem.
511 1807 632 1862 Domine
646 1805 845 1871 sabaoth‚cum
856 1809 933 1858 tran·
973 1805 1167 1860 deseruerunt.
1183 1807 1229 1861 Sic
1240 1814 1335 1862 autem
1351 1807 1418 1861 dicit
1432 1825 1462 1861 se
1475 1807 1600 1862 fraudari
1615 1809 1643 1862 in
1656 1809 1700 1863 his
1723 1810 1772 1881 qui

155 1901 268 1972 quillitate
277 1898 398 1970 judicas.
416 1916 430 1951 a
450 1917 461 1947 ι
475 1898 510 1952 Et
523 1914 580 1963 vos,
597 1895 648 1949 filii
658 1893 784 1959 Jacob,et
793 1910 850 1948 nou
864 1892 932 1947 estis
973 1893 1026 1947 sibi
1040 1894 1176 1955 serviunt,
1190 1895 1264 1949 sicut
1279 1912 1309 1949 se
1323 1895 1391 1950 dicit
1403 1895 1510 1949 visitari
1524 1896 1553 1949 in
1565 1896 1609 1950 his
1630 1897 1678 1967 qui
1705 1905 1772 1953 sunt

156 1988 298 2060 transumpti.
312 1990 336 2042 Α
348 1986 446 2041 diebus
462 1985 537 2040 enim
553 1992 666 2055 patrum
678 1988 932 2037 vestrorumreces·
972 1982 1133 2048 incarcere,
1148 1983 1273 2054 accipere
1287 1984 1379 2039 cibum
1402 1990 1431 2038 et
1444 1990 1540 2055 potum
1566 1985 1596 2039 in
1621 1986 1772 2041 esurienti·

156 2078 240 2131 sistisa
256 2075 389 2147 legitimis
410 2073 489 2139 meis,
510 2080 539 2127 et
553 2089 608 2127 non
636 2071 840 2127 custodistis.»
872 2068 931 2124 Vos
972 2071 1034 2136 bus,
1052 2077 1208 2143 caeteraque
1222 2088 1284 2143 que
1303 2081 1497 2127 memorantur
1518 2074 1545 2128 ia
1570 2091 1617 2129 sen
1641 2075 1772 2146 operibus

158 2166 237 2236 [inquit
258 2164 446 2230 Dominus),o
475 2162 526 2216 filii
558 2161 633 2227 Levi,
661 2176 712 2232 per
741 2159 878 2214 maleficia
903 2164 932 2212 et
972 2160 1178 2214 misericordia.
1193 2161 1273 2224 Quod
1285 2168 1381 2216 autem
1394 2161 1522 2216 diuitum«
1538 2161 1567 2217 Si
1582 2162 1673 2234 affigit
1686 2165 1770 2219 homo

157 2253 272 2307 adulteria
292 2257 449 2322 caeteraque
478 2250 553 2304 mala
581 2266 655 2321 saepe
683 2248 849 2303 mutamini:
879 2263 930 2318 ego
970 2248 1060 2304 Deum
1074 2266 1166 2316 suum,
1182 2250 1334 2320 »quamvis
1360 2250 1524 2321 simpliciter
1543 2269 1593 2323 pro
1621 2252 1771 2309 defraudat

106 2320 114 2336 ⁰
157 2357 217 2406 vero,
231 2341 274 2412 qui
283 2340 370 2410 judex
381 2340 476 2409 justus
498 2354 561 2392 sum
586 2343 615 2392 ct
639 2353 703 2391 cum
726 2335 930 2407 tranquillitate
972 2338 1014 2391 vel
1028 2338 1192 2409 supplantat
1203 2337 1289 2409 accipi
1305 2337 1402 2409 possit,
1417 2343 1512 2393 tamen
1526 2341 1679 2395 occultiore
1689 2341 1774 2397 intel-

157 2428 347 2497 judiroomaia,
363 2427 440 2481 nulla
464 2441 648 2497 personarum
665 2424 801 2478 varietate
820 2439 932 2495 permu-
972 2426 1046 2480 lectu
1059 2426 1094 2480 ad
1105 2426 1218 2480 Domini
1240 2427 1398 2497 passionem
1423 2427 1523 2481 referri
1550 2435 1651 2500 potest,
1680 2436 1713 2484 ut
1734 2432 1771 2486 sit

159 2523 202 2566 tor.
216 2516 276 2569 Cum
290 2531 358 2585 ergo
382 2530 426 2567 mc
441 2530 569 2569 severum
586 2517 614 2566 et
629 2514 738 2582 iustum
750 2511 873 2582 judicem
892 2512 932 2564 fa·
972 2530 1086 2568 sensus:
1103 2513 1166 2568 Non
1180 2515 1282 2568 mirum
1298 2516 1321 2569 si
1337 2531 1381 2569 me
1396 2516 1522 2570 modain
1537 2517 1673 2572 ministris
1703 2521 1773 2574 meis

160 2606 216 2668 tear,
230 2621 270 2658 ros
282 2610 388 2668 tamen,
404 2617 421 2656 o
436 2601 486 2655 filii
500 2601 575 2668 Levi,
592 2617 648 2654 non
671 2600 737 2654 estis
760 2598 929 2670 consumpti,
972 2602 1097 2673 affigitis,
1117 2610 1145 2657 et
1157 2609 1294 2675 quantum
1307 2604 1337 2657 in
1352 2603 1427 2658 vobis
1449 2610 1491 2658 est
1513 2607 1692 2677 suspenditis,
1709 2609 1776 2677 quia

161 2689 213 2744 licet
226 2692 279 2746 sitis
292 2690 405 2746 conflati
420 2692 485 2760 igne
496 2688 720 2754 tribulationum,
736 2704 787 2742 nec
811 2701 861 2759 per
879 2689 931 2741 fla·
973 2692 1124 2763 aliquando
1138 2709 1182 2746 me
1196 2692 1227 2746 in
1241 2692 1407 2763 memetipso
1418 2691 1501 2746 clavis
1510 2693 1630 2763 affigetis
1639 2695 1669 2748 in
1679 2712 1771 2750 cruce.

161 2777 244 2845 galim
259 2780 338 2833 malis
349 2777 678 2833 restrisemundati.Tale
689 2783 733 2831 est
743 2776 848 2831 etillud
858 2777 932 2848 quod
974 2781 1045 2845 Quia
1059 2797 1125 2850 ergo
1137 2796 1194 2835 non
1209 2780 1331 2834 reddetis
1345 2779 1478 2847 decimas,
1496 2786 1565 2851 qu'as
1579 2797 1630 2852 per
1654 2782 1774 2854 Moysen
1870 2835 1873 2842 .

163 2880 202 2934 per
212 2868 351 2923 ieremiam
366 2869 484 2922 dicitur:
500 2867 643 2921 «Frustra
655 2865 779 2937 percussi
798 2865 870 2919 filios
885 2882 932 2919 ve·
973 2868 1163 2924 sacerdotibus
1174 2875 1203 2922 et
1216 2867 1319 2922 Levitis
1328 2868 1398 2938 jussi
1413 2868 1490 2934 dare,
1516 2869 1619 2924 idcirco
1640 2887 1689 2926 vos
1710 2888 1772 2927 nra·

163 2958 684 3029 stros,disciplina1nnonreceperunt.r
701 2954 933 3008 Nechocnovum
973 2957 1068 3012 ledicti
1081 2958 1148 3011 estis
1163 2957 1192 3011 in
1213 2958 1288 3012 fame
1316 2964 1344 3012 et
1371 2958 1497 3028 penuria,
1520 2964 1549 3013 et
1575 2967 1690 3031 propter
1720 2963 1773 3018 hoc

164 3047 197 3093 est
216 3050 257 3098 aut
284 3045 373 3099 semel
402 3042 514 3097 avobis
540 3043 731 3107 commissum,
758 3048 791 3097 ut
809 3042 1062 3113 aliquameames
1076 3047 1131 3100 ista
1143 3045 1220 3100 robis
1242 3045 1443 3117 superinducta
1457 3053 1509 3101 est.
1524 3048 1581 3103 Vos
1609 3050 1685 3104 enirn
1713 3068 1770 3118 me,

166 3133 302 3187 mereamini
316 3133 436 3195 veniant,
453 3131 658 3185 haereditariam
679 3130 788 3185 habetis
801 3131 932 3201 impieta·
975 3140 1071 3190 elnon
1084 3135 1226 3189 ministros
1240 3151 1328 3196 meos,
1340 3135 1479 3205 configitis
1501 3153 1571 3206 gens
1591 3143 1653 3192 tota
1662 3157 1671 3204 ,·
1695 3146 1724 3194 et
1743 3145 1774 3195 ut

167 3222 335 3277 temediebus
349 3227 461 3294 patrum
478 3229 643 3282 vestrorum,
663 3219 817 3274 recedendo
832 3237 850 3273 a
863 3219 935 3289 legi·
975 3224 1069 3278 sciatis
1084 3240 1129 3277 me
1141 3225 1214 3277 irato
1231 3223 1309 3278 vobis
1324 3224 1376 3278 hoc
1388 3225 1523 3292 evenisse,
1543 3226 1641 3281 hortor
1655 3233 1684 3281 et
1697 3244 1774 3283 com·

166 3304 327 3367 fiuisetnon
346 3309 528 3365 custodiendo
543 3326 604 3380 quae
620 3306 747 3380 praecepi.
764 3310 822 3363 lloc
844 3316 873 3363 et
900 3309 935 3363 de
975 3328 1076 3365 moneo
1087 3317 1119 3365 ut
1138 3312 1263 3366 inferatis
1278 3313 1402 3366 decimas
1411 3313 1441 3367 in
1454 3313 1554 3368 horrea
1581 3316 1680 3387 templi
1706 3317 1772 3384 mei,

138 3442 141 3449 ,
167 3392 198 3448 lis
209 3401 247 3468 qui
262 3409 327 3455 sunt
337 3400 367 3454 in
381 3398 507 3454 Ecclesia
528 3398 672 3453 constituti
695 3397 750 3455 dici
773 3402 884 3468 potest:
907 3404 936 3452 et
976 3400 1050 3455 unde
1061 3400 1182 3455 ministri
1202 3400 1294 3454 cibum
1309 3400 1440 3456 habeant.
1459 3402 1492 3456 Et
1505 3403 1621 3473 probate
1636 3422 1681 3459 mc
1691 3422 1776 3477 super

167 3488 270 3543 suntfilii
284 3487 373 3542 Jacob
398 3485 604 3558 supplantantis
625 3485 701 3550 vitia,
717 3485 745 3539 id
774 3491 817 3539 est
839 3486 935 3542 docto·
976 3491 1038 3553 hoc,
1054 3490 1078 3543 si
1105 3506 1162 3544 non
1189 3506 1326 3562 aperuero
1350 3490 1427 3545 robis
1454 3498 1610 3548 cataractas
1637 3496 1708 3562 coeli,
1722 3496 1776 3552 boc
1840 3529 1842 3532 -

167 3585 211 3628 rura
224 3584 247 3630 ct
258 3577 456 3648 magistrorum
472 3574 599 3630 Ecclesia
608 3573 748 3644 discipuli,
763 3574 811 3645 qui
823 3574 936 3628 nomine
976 3584 1028 3643 est,
1045 3577 1068 3630 si
1082 3583 1254 3631 nontantam
1268 3577 1377 3649 copiam
1389 3579 1545 3649 pluviarum
1560 3581 1636 3635 robis
1651 3584 1774 3648 eflundo,

166 3662 227 3717 tenus
238 3667 265 3720 in
279 3664 411 3729 Ecclesia,
427 3662 476 3717 sed
499 3679 555 3715 non
583 3661 717 3715 recedunt
737 3677 754 3715 a
777 3661 859 3727 vitiis,
885 3678 936 3716 nec
977 3665 1170 3720 utcrcdantur
1182 3666 1311 3721 fenestra
1323 3667 1384 3720 eceli
1405 3676 1518 3738 apertae,
1533 3676 1561 3724 et
1576 3672 1716 3727 effundam
1730 3690 1776 3729 su·

166 3755 443 3825 castodiuatprecepta
452 3749 934 3817 Dei,fafsonomensibiChristianae
976 3771 1026 3825 per
1052 3770 1100 3807 ros
1124 3754 1344 3809 benedictionem
1377 3772 1466 3827 usque
1496 3759 1531 3812 ad
1561 3759 1773 3818 abundantiam.

167 3839 282 3911 religionis
301 3837 724 3896 assumunt.‹Reverfiminiad
739 3843 936 3904 me,etrerer·
975 3840 1067 3896 Verbo
1093 3841 1236 3896 effusionis
1264 3841 1382 3896 nimiam
1405 3843 1567 3914 largitatem
1596 3850 1728 3917 ostendit,
1746 3858 1775 3906 et

166 3929 304 3993 taradros,
321 3929 389 3984 dicit
402 3928 538 3982 Dominus
550 3927 733 3981 exercituum.
748 3944 759 3976 r
772 3927 874 3996 Magna
884 3926 935 3980 Dei
976 3929 1126 4000 increpabo
1140 3945 1192 4000 pro
1205 3928 1281 3982 vobis
1296 3930 1486 3997 devorantem,
1503 3933 1531 3987 id
1555 3942 1598 3988 est
1624 3936 1773 4006 locustam,

166 4013 285 4074 dementia
299 4021 430 4075 hortatur
443 4023 648 4089 contemptores
664 4024 696 4069 ut
708 4014 743 4069 ad
758 4030 788 4068 se
807 4015 933 4081 redeant,
975 4033 1097 4076 erucam.
1114 4017 1157 4070 vel
1169 4015 1336 4087 rubiginem,
1350 4024 1506 4089 caeteraque
1522 4039 1584 4092 quae
1599 4024 1681 4078 noxia
1709 4032 1777 4081 sunt

168 4106 219 4159 etse
230 4109 261 4162 ad
273 4108 335 4163 illos
348 4107 488 4179 promittit
498 4120 685 4161 reversurum.
698 4103 752 4158 Sed
764 4103 804 4156 illi
819 4119 874 4157 nou
890 4103 934 4157 in·
975 4104 1117 4159 laboribus
1130 4104 1285 4171 hominum,
1300 4106 1480 4177 increpando,
1491 4109 1583 4176 idest,
1595 4119 1665 4168 nutu
1685 4115 1775 4184 maje-

168 4190 297 4264 telligentes
310 4196 449 4268 peccando
467 4212 497 4249 se
510 4211 528 4248 a
541 4194 660 4248 Domino
675 4192 831 4256 recessisse,
846 4192 936 4262 impu·
976 4192 1057 4248 statis
1073 4210 1142 4249 mea
1156 4193 1307 4266 prohibebo
1321 4212 1337 4249 a
1352 4195 1470 4264 vobis,et
1480 4214 1535 4253 non
1545 4208 1707 4273 corrumpet
1715 4203 1776 4259 fru-

170 4275 440 4354 denteriaterrogaut:
455 4303 467 4335 ι
484 4282 518 4337 In
527 4298 582 4352 quo
593 4280 853 4351 revertemurtaqui
864 4285 1038 4375 nun-Delus
1052 4287 1134 4338 terrae
1149 4291 1247 4338 vestrae
1261 4289 1394 4355 tantaque
1413 4286 1468 4343 erit
1484 4294 1576 4342 vestra
1604 4289 1731 4356 felicitas,
1745 4297 1778 4347 ut

171 4377 232 4430 llam
245 4374 408 4428 recessimus
422 4389 439 4426 a
453 4379 489 4426 te·
504 4370 611 4436 Quibus
625 4368 761 4424 Dominus
776 4368 935 4439 respfflrdit:
978 4379 1084 4428 cuncte
1098 4389 1148 4443 per
1162 4372 1312 4427 circuitum
1326 4373 1455 4429 nationes
1468 4377 1607 4432 mirentur
1627 4386 1711 4436 terrae
1729 4398 1778 4437 ve·

197 4473 205 4503 r
219 4458 243 4514 Si
256 4462 359 4532 affliget
370 4461 452 4515 homo
463 4459 562 4525 Deum,
574 4458 641 4528 quia
649 4474 696 4511 vos
705 4457 844 4527 configitis
855 4472 899 4510 me
909 4463 936 4512 et
978 4463 1043 4511 strae
1055 4455 1239 4522 fertilitatem,
1258 4462 1287 4510 et
1300 4458 1378 4512 eritis
1394 4463 1470 4513 terra
1494 4461 1698 4522 desiderabilis.
1710 4465 1778 4536 quia

171 4536 267 4601 dixistis:
280 4551 375 4620 laquo
389 4547 555 4618 contigimus
569 4546 620 4600 tel
633 4546 665 4600 In
677 4544 865 4598 decimisetin
877 4544 936 4615 pri·
978 4560 1076 4598 omues
1091 4544 1291 4599 desiderabunt
1300 4545 1329 4599 in
1344 4563 1376 4600 ea
1390 4547 1528 4606 habitare.
1545 4550 1624 4614 Quod
1639 4558 1733 4606 autem
1743 4552 1778 4605 de

171 4627 305 4692 fflitiisetin
320 4637 449 4709 penuria,
465 4652 512 4690 vos
528 4633 670 4688 maledicti
684 4633 763 4696 estis,
779 4639 938 4687 etroscon·
978 4633 1089 4688 illorum
1105 4634 1230 4701 decimis,
1257 4635 1311 4689 hoc
1334 4635 1368 4688 de
1395 4635 1523 4691 Ecclesia
1551 4639 1660 4708 populis
1683 4639 1777 4693 dicere

127 4748 132 4757 .
171 4711 233 4801 figitis
243 4742 280 4781 me
291 4742 362 4797 gens
373 4731 440 4780 tota.
453 4724 678 4779 Inferteomnem
689 4722 826 4776 decimam
837 4722 865 4776 iu
876 4722 938 4776 bor·
978 4738 1137 4793 possumus
1155 4722 1256 4793 quibus
1270 4722 1432 4794 precipitur
1441 4740 1496 4777 non
1507 4725 1597 4778 solum
1610 4731 1642 4780 ut
1652 4726 1776 4781 decimas

170 4813 237 4874 nura,
251 4823 275 4869 et
288 4820 325 4870 sit
338 4814 417 4869 cibus
436 4815 465 4867 in
487 4813 569 4866 domo
597 4828 669 4877 mea,
693 4817 722 4865 et
750 4810 866 4882 probate
892 4828 938 4865 me
979 4809 1055 4876 dent,
1070 4811 1118 4864 scd
1133 4811 1323 4864 utetiamsua
1346 4811 1622 4882 omniapauperibus
1637 4815 1777 4869 etEccle·

171 4902 299 4968 sulethot,
313 4903 382 4959 dicit
412 4902 558 4968 Dominus,
574 4901 599 4955 si
621 4917 676 4955 uon
701 4917 837 4971 aperuero
863 4899 939 4954 robis
980 4900 1027 4954 site
1042 4900 1179 4954 ministris
1194 4901 1359 4969 largiantur.
1377 4899 1430 4953 Sed
1446 4900 1469 4953 si
1485 4902 1536 4954 hoc
1561 4901 1652 4957 facere
1678 4904 1777 4960 uolue-

168 4986 290 5047 &bueus
312 4991 384 5057 coeli,
405 4997 433 5046 et
457 4991 582 5045 cfludero
609 4989 685 5044 vobis
714 4988 938 5043 benedictionem
979 4989 1046 5057 rint,
1061 4989 1162 5043 saltem
1177 4987 1248 5041 sicut
1260 4987 1347 5042 ludaei
1360 4987 1483 5058 aliquam
1508 4996 1617 5060 partem
1645 4994 1777 5049 sacerdo·

168 5077 237 5136 usqu,
248 5082 278 5135 ad
295 5080 508 5146 abundantiam,
521 5085 549 5133 et
572 5077 721 5149 increpabo
736 5095 786 5149 pro
796 5077 873 5132 vobis
888 5078 938 5132 de·
978 5077 1055 5133 tibus
1065 5084 1093 5132 et
1104 5075 1272 5149 pauperibus
1285 5075 1422 5142 tribuant,
1438 5092 1473 5132 ne
1490 5078 1595 5134 iratum
1611 5079 1777 5137 Deumscn·

168 5169 294 5237 loralitem,
310 5178 403 5226 etuon
419 5175 580 5241 corrumpet
594 5170 717 5224 fructum
733 5172 814 5222 terrae
828 5174 935 5234 vestrae,
979 5166 1060 5231 tiant,
1076 5166 1125 5220 sed
1141 5165 1234 5237 potius
1256 5165 1435 5236 experiantur
1459 5168 1520 5237 ejus
1546 5167 1777 5239 benignissimam

169 5257 260 5311 nectrit
270 5260 372 5314 sterilis
387 5260 467 5313 vinea
480 5257 510 5312 in
522 5274 600 5328 agro,
615 5258 682 5312 dicit
701 5256 836 5311 Dominus
859 5273 937 5311 exer·
978 5255 1147 5325 largitatem.

171 5331 297 5411 alume
309 5348 464 5404 beatosros
479 5347 575 5401 dicent
602 5362 700 5400 omnes
724 5351 831 5416 gentes.
853 5344 938 5399 Eritis
1017 5343 1224 5398 «invaluerunt
1239 5359 1324 5415 super
1338 5361 1381 5399 rac
1405 5343 1490 5399 verba
1514 5353 1615 5412 vestra,
1633 5347 1700 5403 dicit
1724 5348 1777 5403 Do-

172 5423 275 5491 finituros
288 5445 364 5492 terra
387 5435 589 5502 desiderabilis,
604 5434 671 5488 dicit
691 5435 826 5488 Dominus
837 5433 940 5488 exerci-
980 5433 1083 5495 minus,
1100 5437 1129 5486 et
1144 5430 1269 5488 dixistis:
1286 5432 1357 5496 Quid
1369 5433 1455 5487 locuti
1480 5449 1578 5489 sumus
1602 5442 1700 5491 eontra
1722 5445 1749 5490 te
1764 5436 1776 5489 f

173 5518 242 5574 tuln.
256 5544 266 5576 ι
281 5524 464 5596 Temporibus
480 5523 623 5579 Malachiae
633 5522 695 5594 (qui
709 5528 738 5577 et
760 5522 861 5577 Esdras
879 5539 940 5577 esse
980 5519 1210 5588 Dixistis,Vanus
1220 5528 1264 5577 est
1277 5522 1325 5593 qui
1336 5522 1563 5591 serritDomiuo,
1572 5530 1601 5578 et
1613 5525 1688 5595 quod
1700 5539 1777 5578 emo·
