3818 6104
142 260 204 317 917
494 261 685 345 mommo
701 265 741 321 IN
756 265 835 321 EPP.
852 266 880 321 S.
897 265 1014 322 PAULI.
1032 296 1067 307 -
1081 266 1121 323 IN
1135 266 1247 324 crist.
1263 266 1311 321 Au
1328 267 1434 325 Heca.
1728 269 1782 329 tls

141 391 257 456 percat.
281 387 357 444 Dicit
375 403 443 459 ergo
463 387 565 458 aliquis
581 387 676 452 :Quid
698 389 740 443 eis
762 390 867 460 proicit
884 391 941 445 Dec
953 390 1075 452 Alliam.
1091 392 1256 462 plerumque
1271 398 1366 447 cutem
1377 391 1585 448 coruscationes
1598 393 1703 449 omittit
1719 413 1725 450 :
1741 397 1783 451 ita

140 475 273 540 servisse,
287 477 312 531 si
333 478 468 532 hactenus
492 477 553 532 sine
573 477 688 548 praemio
713 479 851 534 manenti
865 479 947 534 Absit
987 476 1026 530 illi
1046 479 1136 534 sancti
1147 480 1243 534 Patres
1258 496 1276 533 a
1289 496 1355 534 vero
1369 481 1427 535 sole
1439 480 1565 536 calefacti
1578 487 1665 552 atque
1676 483 1782 538 illumi·

141 562 224 617 hoca
235 565 360 620 fidelium
373 566 513 627 cordibus,
528 570 560 620 ut
574 566 724 621 credamus
737 584 785 622 eos
800 568 860 623 sine
874 585 945 639 prse-
987 567 1046 620 nati
1065 582 1117 621 suo
1131 569 1257 639 exemplo
1272 569 1358 623 corda
1367 569 1782 644 bomincmcalcleciuntatque

141 653 201 707 mio
214 671 343 712 manere.
363 655 464 710 Adbuc
475 655 579 727 quippe
600 655 712 709 mortali
727 671 812 711 carne
826 657 946 710 circum·
987 653 1275 727 illuminent‚suoque
1287 663 1412 728 tempore
1423 659 1545 729 pluviam
1554 660 1710 716 emiserant
1721 677 1784 716 rer·-

140 740 507 814 dati,magnumpramium
516 744 944 813 per·ceperunt‚videndiscilicet,
988 740 1042 806 bie,
1056 750 1085 797 et
1096 751 1315 800 coruscaverunt
1327 746 1478 801 miraculis.
1495 748 1632 819 imposita
1651 752 1696 804 est
1716 767 1783 820 argo

139 826 293 900 Deumque
316 830 513 901 cognoscendi,
540 830 685 901 multaque
712 831 786 886 mire
805 833 943 904 patrandi,
986 830 1068 885 uobis
1080 832 1108 886 iu
1129 835 1288 904 exemplum
1302 839 1361 888 tam
1377 850 1481 905 magna
1499 834 1589 890 nubes
1609 837 1737 906 testium,
1752 841 1785 891 ut

138 932 219 972 nunc
232 935 298 973 vero
313 919 464 989 quiescunt
475 919 505 974 in
517 919 622 983 anima,
637 918 667 974 in
681 918 853 976 beatitudine
865 923 945 992 regni
986 918 1071 974 irdem
1093 920 1207 975 illorum
1230 929 1259 976 et
1281 934 1368 993 opera
1388 923 1494 977 imitari
1512 929 1684 994 sammaa.
1705 925 1784 989 Qua·

138 1007 263 1062 coelestis
278 1008 411 1063 ineffabili
422 1008 521 1064 laetitia
533 1008 721 1080 perfruentes.
735 1009 791 1064 Sed
801 1009 945 1065 videamus
985 1015 1101 1078 propter
1115 1009 1204 1065 sirnua
1217 1010 1390 1081 deponentes
1413 1026 1497 1066 omne
1516 1013 1627 1082 pondus
1650 1013 1781 1067 vitiorum

140 1097 210 1166 quid
223 1098 347 1152 loannes
360 1099 394 1152 de
405 1099 460 1152 illis
470 1099 499 1152 in
513 1098 679 1170 Apocalypsi
695 1115 746 1153 sua
758 1099 835 1164 dicit,
849 1099 944 1170 sicque
986 1111 1038 1166 per
1051 1097 1256 1167 poenirentiam,
1271 1114 1400 1153 somnum
1411 1115 1522 1171 quoque
1531 1100 1660 1171 pigritia,
1671 1102 1783 1173 etcopi-

140 1184 222 1240 nobis
231 1186 459 1242 manifestabitur
467 1203 551 1259 quam
563 1187 777 1258 promissionem
793 1204 849 1242 non
864 1204 944 1242 acce·
985 1185 1107 1240 tationes
1119 1186 1256 1242 inlirmas.
1275 1189 1330 1242 Per
1344 1189 1396 1242 boc
1408 1195 1503 1245 autem
1518 1190 1593 1260 quod
1604 1190 1740 1260 subdidit,
1753 1196 1783 1247 et

140 1280 246 1344 perunt
260 1292 267 1327 :
289 1275 457 1347 l‘idi,inquit
469 1277 600 1342 loannes,
610 1277 661 1330 snb
675 1272 822 1330 oltoroDei
834 1280 944 1331 onirnos
984 1273 1171 1329 circumstans
1182 1292 1234 1329 nos
1250 1283 1393 1346 peccatum
1408 1277 1783 1349 simnsdeponsntes‚osten-

139 1364 353 1431 interfectorum
363 1370 476 1433 propter
487 1365 601 1418 certium
612 1364 669 1426 Ilei,
684 1365 756 1433 quod
770 1366 944 1425 habebantct
984 1360 1028 1415 dit
1041 1363 1055 1416 J
1059 1362 1153 1418 udaeos
1166 1364 1287 1418 exomni
1301 1370 1381 1435 parto
1394 1365 1532 1421 adiabolo
1542 1366 1656 1433 tentari,
1670 1367 1782 1423 deside·

139 1452 303 1505 ciarrrcbcnt
316 1469 376 1506 occe
390 1455 655 1521 errapnmdr'centes:
674 1453 945 1522 Usquequabcmine
986 1449 1092 1521 riisquo
1119 1453 1279 1508 carnalibus
1305 1453 1455 1519 deservire,
1484 1455 1636 1527 multisque
1661 1457 1782 1526 peccatis

138 1546 254 1593 sanctas
264 1545 388 1604 asverus,
405 1557 461 1595 non
470 1542 583 1610 judicor
600 1546 624 1595 et
643 1542 767 1596 vindicas
780 1545 946 1610 sarrpnr'ncm
986 1538 1138 1595 abendam.
1152 1541 1206 1595 Par
1218 1542 1383 1613 patientiam
1397 1556 1544 1598 curramus
1557 1545 1592 1598 ad
1607 1546 1782 1617 propositum

139 1635 271 1682 nostrum
284 1630 314 1681 de
332 1629 375 1682 lris
390 1633 439 1698 qui
452 1631 579 1683 habitant
596 1632 626 1684 ln
641 1632 735 1684 terro?
747 1631 782 1685 m
796 1633 865 1686 dote
879 1634 946 1687 sarri
986 1627 1067 1682 nobis
1083 1635 1235 1694 certamen.
1246 1636 1280 1685 ut
1290 1631 1363 1686 ⁸501st
1376 1632 1417 1685 11Ιί
1432 1632 1628 1687 sustinuerant
1641 1635 1783 1705 patienter

139 1718 200 1770 iilis
212 1719 330 1785 sirrpalar
344 1719 418 1771 stola
432 1719 508 1783 alba,
521 1723 545 1772 et
559 1719 665 1772 dictam
676 1716 782 1774 estillic
797 1724 827 1774 ut
841 1724 945 1790 requie·
952 1738 976 1803 B
985 1717 1102 1771 adversa
1119 1718 1203 1788 bajus
1217 1719 1322 1783 saeculi,
1338 1720 1380 1775 ita
1390 1724 1420 1774 et
1436 1736 1487 1774 noe
1504 1722 1704 1777 sustineamus.
1717 1722 1780 1780 Non

137 1809 245 1857 sterent
260 1813 367 1874 tenipus
377 1804 469 1861 adlice
482 1806 882 1879 rnodiomn,elonecimpleatur
893 1826 945 1864 nu·
984 1805 1054 1860 dicit
1069 1807 1206 1862 addamus
1220 1809 1315 1862 cursui
1332 1815 1429 1864 nostro
1443 1810 1559 1880 aliquid,
1575 1811 1666 1866 sedin
1682 1812 1781 1867 eodem

138 1906 237 1946 merus
251 1906 448 1946 conservorum
463 1899 487 1948 ot
500 1896 627 1961 fratrum
651 1896 765 1948 illorum
779 1893 810 1965 (1
815 1913 873 1965 pcc.
886 1899 939 1963 vr).
984 1901 1139 1960 manentes,
1155 1912 1302 1951 curramus
1316 1897 1352 1952 ad
1362 1897 1533 1953 destinatum
1544 1898 1625 1953 nobis
1637 1904 1780 1954 certamen

137 1980 273 2051 Singulas
294 1980 380 2035 stolas
395 1980 477 2036 modo
495 1981 600 2037 habent
618 1981 718 2038 animae
733 1989 892 2039 sanctorum
908 1986 943 2040 de
982 1982 1065 2052 iuxta
1093 1984 1168 2054 qued
1197 1985 1346 2040 Pealrnieta
1366 1986 1454 2040 dicit:
1477 1988 1553 2041 Viam
1580 1986 1779 2044 mandaterum

136 2086 190 2127 sua
206 2071 419 2126 immortalitate
430 2071 595 2142 gaudentes,
609 2078 638 2126 et
650 2073 684 2125 de
696 2070 874 2128 felicitando
887 2090 943 2145 qua
984 2078 1098 2126 reorum
1120 2078 1236 2128 cacurri
1258 2074 1343 2143 (Psoi.
1359 2078 1465 2143 cxvnr).
1494 2076 1525 2130 ln
1552 2076 1682 2146 prasenti
1705 2077 1779 2132 enim

135 2154 274 2212 fruuntur
293 2160 474 2215 exsultantes.
493 2161 578 2214 Binns
597 2178 662 2215 vero
681 2161 768 2215 stolas
787 2160 939 2225 habebunt,
982 2162 1086 2215 uculo
1101 2162 1130 2217 in
1149 2162 1305 2217 certamine
1317 2179 1415 2218 sumus
1429 2163 1512 2234 positi
1526 2165 1781 2220 contraritiaenr·

135 2261 204 2299 cum
217 2246 246 2300 in
255 2249 380 2318 generali
392 2250 595 2304 resurrectione
605 2249 762 2322 receperint
772 2248 942 2305 immortali·
982 2249 1036 2310 nie,
1052 2258 1151 2304 contra
1165 2250 1317 2316 daemones,
1331 2256 1428 2306 contra
1441 2252 1528 2306 laicos
1551 2253 1663 2320 lintres,
1678 2258 1707 2308 et
1730 2268 1781 2309 ne·

135 2339 228 2389 tatem
254 2345 283 2389 et
302 2336 540 2407 incorruptionem
559 2337 588 2392 irr
613 2355 740 2409 corpore,
755 2355 839 2409 quam
858 2340 942 2395 modo
982 2353 1059 2391 mese
1073 2343 1116 2393 est
1140 2346 1173 2393 ut
1195 2340 1336 2410 patienter
1356 2355 1514 2403 curramus,
1540 2341 1599 2397 sive
1619 2343 1781 2413 expleamus

134 2420 246 2476 babent
259 2420 435 2478 solummodo
445 2425 473 2478 in
488 2422 593 2479 anima.
614 2422 690 2479 lianc
702 2442 769 2497 ergo
782 2425 942 2498 promissio·
981 2432 1126 2481 certamen
1151 2427 1237 2493 istud,
1254 2435 1394 2500 quatenus
1411 2427 1557 2499 pervenire
1581 2444 1732 2502 possumus
1745 2433 1781 2488 ad

134 2525 205 2565 nem
226 2510 345 2565 necdum
368 2526 562 2584 perceperunt,
578 2513 612 2567 dc
627 2530 682 2583 qua
700 2513 787 2569 isaias
801 2511 870 2571 dicit
887 2532 892 2564 ι
909 2518 942 2571 ln
982 2515 1152 2587 promissum
1169 2517 1333 2571 certaminis
1344 2519 1501 2587 praemium.

135 2603 215 2653 terra
230 2615 281 2653 sua
294 2598 416 2670 duplicia
428 2601 618 2671 possidebunt,
633 2601 739 2657 scilicet
751 2610 814 2674 post
825 2620 942 2675 genera·
1017 2604 1195 2675 aspiciemus
1209 2607 1240 2658 in
1254 2612 1395 2660 auctorem
1408 2608 1474 2674 ndei
1492 2612 1517 2660 et
1530 2615 1781 2665 consummatorem

129 2685 197 2742 ¹iem
211 2689 455 2743 resurrectionem·
471 2688 505 2743 Et
519 2706 615 2745 revera
642 2690 681 2745 ita
702 2688 819 2763 dignum
840 2699 884 2747 est
910 2700 942 2749 ut
980 2692 1073 2746 losum
1088 2696 1139 2761 qui
1148 2695 1290 2761 proposito
1309 2695 1363 2747 eibi
1375 2695 1478 2761 paradis
1503 2699 1640 2750 sustinuit
1659 2710 1779 2762 cracem.

135 2776 231 2848 quiin
253 2794 369 2848 corpore
380 2783 408 2832 et
423 2776 451 2832 in
466 2779 561 2832 anima
573 2779 631 2833 Deo
650 2780 817 2845 servierunt,
833 2781 862 2834 in
882 2797 941 2836 ror·
980 2781 1140 2848 confusione
1151 2786 1313 2849 contempta.
1325 2782 1403 2836 Sicut
1425 2782 1476 2836 filii
1493 2787 1633 2854 parentes,
1653 2791 1683 2840 et
1701 2784 1781 2840 disci-

138 2881 210 2937 pore
224 2872 254 2920 et
277 2865 382 2936 pariter
407 2871 436 2920 et
456 2867 552 2921 anima
574 2868 827 2922 remunerationem
849 2869 941 2940 perci·
982 2869 1040 2940 puli
1053 2870 1252 2941 magistrorum
1272 2871 1301 2924 in
1316 2871 1410 2926 studio
1424 2871 1518 2942 operis
1535 2876 1621 2942 atquc
1639 2871 1669 2928 in
1692 2876 1781 2928 cerla-

136 2954 230 3026 piant.
247 2954 383 3026 Quodque
395 2955 531 3026 sequitur,
549 2955 600 3009 nec
610 2973 662 3024 pro
676 2958 752 3010 nobis
764 2957 940 3026 clr‘an'dme·
983 2957 1104 3013 minibus
1120 2959 1279 3026 attendunt,
1300 2958 1485 3014 informantes
1499 2958 1624 3016 mentem
1645 2975 1679 3016 ex
1699 2967 1781 3034 parte

135 3045 194 3096 iius
208 3045 380 3112 procidente,
396 3060 429 3096 ηε
441 3047 499 3097 sine
512 3044 588 3098 nobis
602 3052 872 3113 consurrrmoreatur,
887 3047 938 3104 hoc
979 3045 1136 3111 doctorum,
1161 3052 1306 3101 sumentes
1328 3048 1463 3118 quasdam
1488 3049 1602 3119 regulas
1625 3044 1662 3103 ab
1674 3048 1716 3103 eis
1729 3065 1782 3121 per

133 3138 190 3191 est.
200 3131 399 3202 perfectionem
409 3132 706 3204 consequerenturilii‚
722 3151 800 3189 more
814 3134 937 3190 humano
978 3134 1078 3200 risum,
1099 3134 1140 3189 ila
1153 3142 1182 3190 et
1202 3151 1254 3190 nos
1272 3136 1297 3190 sl
1310 3135 1439 3191 volumus
1452 3150 1567 3191 currere
1581 3142 1611 3192 et
1624 3136 1733 3194 discere
1747 3141 1781 3194 ut

133 3223 240 3293 agitur.
252 3220 337 3275 Verbi
346 3221 439 3291 gratia
451 3240 456 3275 :
469 3222 546 3277 Sicut.
557 3220 670 3294 quidam
693 3223 742 3278 sriii
767 3230 937 3280 revertentes
977 3221 1048 3277 bena
1062 3238 1209 3278 curramus
1231 3222 1267 3279 ad
1289 3231 1433 3278 auctorem
1447 3224 1505 3279 slve
1520 3231 1778 3281 consummatorem

130 3306 266 3380 designo,
290 3307 389 3363 dicunt
409 3308 481 3380 patri
501 3328 506 3362 :
524 3308 618 3376 Pater,
640 3308 828 3367 laboravimus
841 3312 934 3379 bodie,
977 3311 1073 3366 lesum
1084 3313 1420 3378 Christum‚attendamue
1430 3313 1479 3384 qui
1488 3313 1558 3368 dixit
1568 3314 1648 3369 nobis
1660 3329 1666 3365 ε
1677 3316 1778 3370 Discite

132 3405 235 3455 aestum
260 3396 327 3451 solis
346 3396 471 3470 perpessi
494 3415 590 3453 sumus
611 3400 719 3471 (ilattb.
744 3400 802 3470 xx).
824 3406 937 3474 tempus
976 3403 1341 3469 cmeqaiamrtissnmet
1360 3402 1477 3455 immitis
1494 3403 1777 3474 oordc(ldatllt.xt);
1826 3440 1827 3444 κ

133 3494 224 3544 estut
238 3486 347 3541 tribuas
361 3484 440 3541 nobis
454 3487 652 3554 relectionenr;
667 3494 696 3543 et
707 3487 753 3543 ille
768 3487 809 3543 eis
819 3504 937 3562 respon·
978 3491 1008 3542 et
1020 3488 1087 3542 eiibl
1103 3509 1109 3543 :
1123 3493 1157 3544 si
1170 3504 1223 3557 me,
1238 3490 1340 3560 inquit.
1353 3492 1491 3558 persecreti
1500 3496 1575 3554 sant,
1594 3497 1618 3545 st
1633 3505 1678 3545 cca
1688 3504 1779 3558 perre-

132 3577 203 3631 deat
217 3595 224 3629 :
243 3575 385 3630 Sustinete
396 3592 547 3647 parumper
559 3576 742 3648 quoadusque
754 3578 868 3634 veniant
880 3597 938 3635 om·
975 3580 1198 3648 qnentarffloan.
1212 3582 1257 3646 xv)
1271 3583 1317 3645 ;et
1328 3595 1334 3631 :
1346 3578 1624 3649 Stipatremsprnilr'as
1632 3581 1777 3632 limissbub

132 3684 185 3722 nes
197 3667 300 3721 iratres
313 3666 396 3719 vestri
408 3664 456 3736 qui
467 3664 610 3722 nobiscum
621 3664 751 3721 similiter
760 3662 935 3731 laborabant.
977 3671 1259 3734 voraverunt‚qaonto
1268 3667 1586 3734 rnacismmesticosejm
1594 3671 1606 3720 r
1615 3667 1725 3737 (Mallia
1737 3672 1776 3726 al

131 3761 161 3810 et
186 3759 255 3809 tunc
269 3769 331 3807 cum
349 3754 389 3808 eis
402 3754 564 3823 plenissime
577 3752 775 3825 epulabimini:
793 3755 832 3808 sic
844 3757 937 3810 omni·
977 3754 1164 3808 Attendamus
1190 3754 1220 3807 in
1240 3754 1396 3819 Christum,
1416 3759 1444 3808 et
1472 3754 1643 3825 accipiamus
1670 3756 1700 3808 ln
1728 3754 1777 3809 illo

130 3849 236 3917 potens
250 3845 324 3898 Deus
338 3843 545 3914 quodammodo
560 3844 617 3914 egit
636 3844 703 3898 dum
722 3860 778 3899 non
793 3844 871 3899 dedit
883 3846 938 3900 ele·
978 3843 1139 3912 exemplum
1154 3842 1307 3913 patientia,
1324 3843 1372 3913 qui
1392 3842 1482 3896 dixit:
1500 3843 1553 3910 Qai
1564 3847 1778 3910 persemraoerr't

130 3934 184 3988 ctis
197 3933 439 3986 immortalitatem
465 3932 494 3986 in
521 3948 638 4003 corpore
666 3936 697 3987 ut
723 3933 815 4002 maior
834 3933 934 4003 gloria,
977 3945 1063 3998 nsque
1078 3935 1110 3985 in
1132 3934 1226 3999 fircera,
1244 3931 1289 3984 iric
1303 3933 1396 3984 salens
1410 3936 1463 3985 erit
1479 3932 1592 4002 (Multis.
1610 3936 1693 3998 aare).
1713 3932 1777 4002 lpse

130 4023 284 4091 majusque
298 4024 373 4074 esset
384 4018 564 4085 desiderium,
577 4036 641 4074 cum
658 4036 755 4074 omnes
765 4021 937 4090 generaliter
978 4034 1100 4090 nemque
1121 4026 1165 4073 est
1183 4025 1282 4074 auctor
1302 4019 1367 4073 lidei
1390 4024 1420 4074 et
1433 4024 1652 4074 consummator.
1672 4021 1777 4074 Auctor

128 4110 159 4164 iu
174 4109 222 4164 die
243 4107 343 4178 judicil
367 4106 446 4162 binas
463 4109 550 4162 stolas
570 4109 739 4181 acceperint.
762 4110 796 4163 Et
817 4109 871 4164 boc
893 4116 937 4165 est
976 4108 1043 4162 lirici
1055 4107 1136 4162 nobis
1151 4114 1204 4173 est,
1218 4107 1284 4179 qula
1299 4108 1359 4179 ipse
1372 4107 1453 4163 nobis
1465 4108 1548 4163 iidem
1563 4107 1695 4163 iniundlt.
1711 4109 1775 4163 Non

127 4198 206 4270 quod
221 4197 289 4251 dicit
304 4216 310 4250 :
328 4212 362 4250 ne
375 4200 436 4250 sine
450 4199 526 4251 nobis
541 4198 587 4268 qui
599 4197 742 4252 adlruobic
756 4199 935 4269 peregrlnan-
976 4197 1051 4252 onim
1066 4212 1217 4270 possumus
1229 4196 1352 4261 credere,
1368 4196 1423 4251 niel
1437 4196 1472 4251 ab
1491 4197 1541 4252 illo
1560 4197 1773 4268 preveniamur.

125 4292 177 4341 tur
192 4285 392 4356 perlectionem
415 4290 658 4356 consequerentur
681 4285 711 4339 in
728 4287 935 4341 resurrectione
976 4285 1056 4341 Unde
1071 4286 1131 4357 lpse
1146 4285 1274 4340 lldelibue
1284 4286 1343 4340 suis
1353 4285 1422 4340 dicit
1433 4303 1439 4339 τ
1452 4287 1513 4361 aljan
1534 4301 1579 4341 oor
1590 4300 1632 4340 me
1645 4288 1772 4355 siccisne,

126 4390 290 4447 corporum.
940 4360 1019 4429 Dan
1031 4391 1077 4443 epo
1091 4377 1160 4443 slepi
1177 4391 1222 4429 scs
1234 4374 1328 4447 (toan.
1339 4370 1391 4445 xv).
1403 4373 1468 4446 lpse
1476 4379 1688 4432 consummator
1699 4374 1773 4439 lidei,

433 4480 551 4535 CApUT
569 4480 630 4536 pfl¹
972 4464 1030 4518 sire
1048 4464 1247 4535 perfectorem,
1269 4463 1336 4535 qula
1355 4463 1626 4519 consummationem
1642 4463 1700 4518 eive
1714 4479 1777 4535 per·

972 4554 1121 4609 lectionem
1139 4552 1219 4608 nobis
1234 4559 1349 4625 praestat
1363 4553 1392 4607 in
1405 4552 1459 4608 boc
1481 4552 1556 4607 utin
1575 4552 1631 4606 lide
1644 4566 1774 4622 perseve-

166 4644 281 4711 ldeoqoe
295 4646 320 4695 et
335 4657 383 4696 nos
397 4645 507 4695 tantam
520 4642 645 4695 babentes
659 4641 817 4710 impositam
831 4644 932 4697 nubem
972 4656 1079 4697 remus.
1095 4643 1159 4697 Sive
1171 4643 1201 4696 in
1215 4643 1268 4697 hoc
1285 4641 1425 4713 perfector
1438 4645 1482 4696 est
1493 4640 1569 4701 ildei.
1587 4639 1655 4710 quia
1669 4639 1718 4694 dat
1728 4655 1774 4693 vo·

128 4735 254 4798 testium,
269 4733 428 4800 deponentes
442 4746 521 4784 omne
532 4733 639 4799 paredas
652 4736 676 4785 et
690 4734 873 4789 circnmetans
884 4747 932 4791 nos
972 4732 1112 4786 luntatem
1131 4735 1216 4801 atque
1241 4729 1455 4802 possibilitatem
1477 4727 1639 4798 perficiendi
1658 4727 1771 4794 bonum,

126 4826 284 4893 peccatam,
298 4821 524 4888 perpotentiam
540 4834 689 4873 curramus
705 4822 742 4874 od
759 4824 931 4890 propositam
972 4836 1028 4890 quo
1043 4821 1104 4892 ipen
1118 4821 1187 4874 lldes
1205 4824 1365 4875 exornetur.
1389 4819 1461 4873 llam
1480 4818 1545 4884 rides
1565 4819 1624 4870 stne
1645 4820 1773 4884 operibns

128 4911 210 4964 nobis
224 4913 373 4961 cmlcmen.
384 4906 494 4960 Nubem
505 4907 619 4961 testium
635 4909 758 4980 appellat
772 4911 932 4966 multitudi·
972 4909 1098 4980 perlecta
1112 4925 1169 4964 non
1183 4915 1228 4963 est
1242 4926 1247 4961 :
1265 4913 1377 4962 mortno
1392 4905 1467 4959 enim
1482 4909 1520 4960 esi
1533 4905 1603 4975 (lac.
1619 4909 1661 4974 ιι).
1678 4906 1709 4961 In
1722 4906 1773 4963 illo

129 5014 197 5052 nem
212 4996 435 5068 patriarcharum
449 5012 481 5049 ac
493 4997 693 5066 prophetarum
704 4998 932 5070 reliquorumque
973 4999 1153 5054 enimomnes
1162 4998 1359 5069 perfectionem
1368 4996 1505 5050 habemus
1515 4995 1774 5066 quipropoeitcsibi

129 5085 258 5140 iidelium
270 5084 318 5155 qui
327 5085 666 5156 testeslueruntperleclte
675 5087 836 5151 srdei‚testes
847 5088 931 5141 etiam
973 5086 1077 5157 gaudio
1089 5085 1225 5140 sustinuit
1239 5099 1360 5138 crucem.
1373 5085 1435 5154 lpse
1445 5083 1534 5137 Filius
1543 5081 1597 5137 Dei
1614 5098 1774 5155 proponens

130 5174 196 5230 Filii
206 5175 359 5244 [tanquam
371 5174 561 5244 praedixerunt
575 5173 603 5228 in
619 5175 755 5229 mundum
772 5183 930 5231 venturum.
973 5174 1036 5237 sibi,
1048 5176 1154 5228 bocest
1169 5173 1198 5226 in
1217 5172 1365 5243 prasentia
1378 5189 1428 5226 sua
1438 5176 1566 5228 statuens
1575 5173 1711 5244 gaudium
1726 5188 1773 5230 re·

132 5263 186 5328 Qui
204 5261 275 5314 bene
298 5261 387 5316 nubes
408 5268 542 5316 vocantur·
566 5268 681 5332 propter
698 5263 876 5317 altitudinem
900 5281 932 5319 ac
972 5261 1248 5331 surrectionisatque
1263 5260 1433 5317 ascensionis
1452 5262 1481 5316 ln
1501 5264 1613 5328 calum,
1629 5264 1773 5334 totiusque

132 5349 345 5407 multitudinem
362 5349 537 5404 meritorum.
555 5350 720 5405 sicutenim
738 5351 826 5406 nubes
841 5367 857 5405 a
873 5353 932 5407 sole
972 5353 1159 5423 gloriaquam
1172 5351 1296 5421 percepit
1306 5354 1369 5420 post
1383 5351 1616 5406 resurrectionem
1636 5350 1773 5408 sustmuit

131 5439 321 5502 illuminatur,
353 5440 469 5509 ejusque
498 5438 590 5492 calore
622 5438 807 5508 pertunditur,
836 5440 932 5512 sicque
972 5454 1082 5496 crucem
1097 5446 1212 5510 propter
1225 5439 1279 5494 boc
1293 5440 1368 5510 quod
1389 5439 1418 5493 ln
1433 5447 1575 5510 postremo
1589 5438 1701 5493 videbat
1719 5436 1773 5491 eibi

132 5527 425 5602 postmodumterram
435 5527 596 5583 calefacitet
606 5528 773 5600 plerumque
782 5528 933 5586 imbrificat
975 5529 1166 5601 profuturum.
1197 5528 1367 5584 Confusione
1395 5533 1565 5600 contempta,
1588 5526 1639 5580 boc
1659 5530 1702 5580 est
1719 5539 1770 5596 pro
