3818 6104
83 232 153 296 102'11
549 244 742 306 EXPOSlTlO
755 251 795 308 IN
806 251 1070 309 APOCALYPSIN.
1086 280 1121 296 -
1135 253 1203 311 LlB.
1222 255 1260 312 11.
1650 255 1726 350 10⁴3

81 376 171 431 quam
185 369 311 434 poneret.
327 364 385 437 Ipsi
400 367 486 422 etiam
500 368 598 424 dicunt
616 389 622 424 :
638 373 723 428 Nulla
737 377 809 431 ratio
824 379 917 448 per-A
925 376 1107 433 tribulatione
1129 395 1242 450 magna,
1259 380 1312 434 hoc
1335 384 1386 444 cst,
1403 381 1619 439 adversitatibus
1636 381 1723 456 hujus

81 449 176 507 mittit
189 452 325 509 honorem
339 455 452 510 deitatis
463 456 504 511 illi
515 459 625 526 ascribi,
638 462 685 531 qai
701 465 886 535 exprobratur
926 466 1030 528 seculi,
1044 467 1125 537 juxta
1143 468 1218 538 quod
1239 470 1390 539 Apostolus
1404 469 1445 524 ait
1461 487 1467 523 :
1486 472 1594 540 Oportet
1608 487 1656 526 aas
1672 485 1724 541 par

81 538 196 609 irrisus,
208 548 371 614 contemptu
386 545 486 616 dignus
501 547 614 604 habitus
624 556 674 604 est.
684 552 717 606 Et
735 570 786 608 nos
800 572 886 610 econ·
926 555 1721 631 melioriributatianesintroireiareqnamDei(.tct.x1v13

80 632 129 682 tra
144 647 152 682 c
167 630 222 684 Per
235 632 318 687 hoca
336 633 416 688 nobis
430 634 542 705 dignius
556 637 738 696 honorandus
752 651 804 709 est,
819 645 885 714 quia
926 648 955 699 et
968 644 1117 699 Psalmista
1135 647 1248 700 :allodia
1264 648 1458 701 tribulationes
1475 651 1620 716 justorum
1634 649 1720 720 (Psoi.

81 733 136 788 pro
151 720 234 775 nobis
248 721 365 794 indigna
379 724 522 782 sustinuit.
537 726 594 798 lpsi
607 728 691 783 etiam
703 730 884 788 nihilominus
925 737 1032 801 vxx111).
1050 733 1168 804 Magnas
1184 734 1287 806 quippe
1302 735 1392 790 sancti
1411 734 1606 792 tribulationes
1628 736 1722 809 peria·

81 805 200 862 dicunt:
213 810 277 865 Non
285 811 339 866 tuit
348 812 475 868 Christus
482 819 587 869 eterna
595 816 682 872 virtus
692 824 720 873 et
737 818 882 889 fortitudo,
924 827 1000 887 runt,
1016 823 1084 876 dum
1099 823 1169 877 alios
1179 823 1279 893 jugulo
1298 823 1398 877 stravit
1416 823 1535 893 gladius,
1547 824 1617 879 alios
1631 825 1722 881 crucis

80 894 258 966 quialassari
267 900 360 971 potuit
371 918 404 955 ex
413 902 523 958 itinere.
536 905 593 960 Nos
608 901 721 962 econtra
731 911 883 980 responde·
924 910 1050 981 patibulo
1060 911 1158 980 affixit,
1170 911 1240 966 alios
1250 911 1280 966 in
1290 911 1468 983 sesubJ'ectos
1478 928 1551 984 aqua
1564 912 1720 982 absorbuit,

79 987 883 1062 mus,QuiaqaodinlirmumestDeiJortiascstleontinibas
923 999 993 1054 alios
1003 999 1073 1054 edax
1083 1001 1198 1055 tlamma
1211 1000 1392 1072 consumpsit·
1405 984 1463 1055 Nec
1473 1001 1564 1055 solum
1579 1000 1722 1072 pertinent

80 1073 111 1134 {l
122 1072 185 1130 Gor.
203 1079 235 1145 ι).
252 1077 332 1132 lllius
346 1079 421 1133 enim
432 1079 582 1136 infirmitas
596 1089 682 1138 totam
695 1087 792 1141 mundi
805 1087 883 1143 farti-
923 1089 957 1142 ad
969 1087 1042 1144 hanc
1061 1089 1191 1160 gloriam,
1208 1089 1256 1160 qui
1274 1090 1445 1161 ejuscemodi
1463 1089 1648 1161 corporaliter
1659 1095 1721 1146 tor·

79 1161 211 1218 tudinem
227 1181 260 1220 ac
272 1166 406 1222 virtutem
421 1172 580 1242 prostravit.
923 1181 1018 1231 menta
1027 1178 1181 1248 perierunt,
1193 1179 1242 1233 sed
1252 1183 1281 1232 et
1292 1177 1343 1244 illi,
1351 1178 1401 1248 qui
1411 1178 1440 1232 in
1450 1178 1527 1249 pacis
1536 1183 1663 1251 tempore
1672 1178 1720 1251 pia

117 1264 152 1318 at
166 1268 330 1335 respondens
345 1285 419 1323 unns
436 1272 468 1324 cle
480 1275 634 1327 certioribus
651 1275 723 1328 dixit
740 1277 812 1330 milri
826 1280 883 1333 :lli
923 1269 1050 1324 liltseiss
1062 1269 1172 1323 Chflsw
1187 1269 1314 1340 cupiunt,
1331 1273 1359 1323 et
1373 1269 1600 1339 Persecutifflfflffl
1615 1285 1720 1340 ⁰PPP0·

78 1354 237 1420 quiamicti
245 1360 395 1411 sunlstolis
403 1360 536 1428 uittaque*
543 1367 610 1415 ram
620 1365 724 1417 attende
732 1371 881 1420 uerterunt?
922 1355 992 1423 bria,
1001 1358 1324 1428 irrisiones‘lllssssliffllm
1336 1373 1387 1427 Pl⁰
1397 1357 1662 1424 Οιῐήὸῑθὸῑῑῧῑῑῐὶθΰῑ,
1674 1359 1719 1414 vel

77 1445 104 1494 et
120 1442 183 1496 am
197 1446 242 1498 nli
258 1463 265 1497 ,·
280 1447 395 1500 Domine
414 1451 464 1514 mi,
482 1454 512 1502 tu
534 1453 595 1503 3015,
614 1450 707 1514 Quare
729 1452 806 1513 dicit,
832 1471 879 1509 re.
917 1447 1025 1515 ieiunia
1039 1446 1183 1511 adhibent,
1200 1445 1301 1516 vigiliis
1313 1446 1456 1510 insistunt,
1473 1446 1720 1503 orationesmulti·

71 1530 234 1599 spondens:
248 1533 554 1606 nullainterrogatione
565 1541 727 1609 praemissa?
736 1541 876 1598 Consucto
919 1535 1033 1605 plicant,
1049 1536 1206 1589 l'OlUsstites
1220 1535 1347 1607 ΡῙὊΡἠξιε
1360 1534 1454 1604 81ῧάῙο
1467 1535 1599 1606 PlaecelJti
1608 1535 1718 1590 intem·

70 1619 454 1694 moreScripturaeloquitur,
469 1628 611 1697 quaesolet
623 1628 788 1700 plerumque
798 1632 907 1712 nulloss
917 1624 1004 1689 ciunt,
1021 1624 1116 1695 sicque
1128 1639 1193 1677 ⁸⁰³⁵
1208 1624 1305 1688 δῐθῙᾶδ,
1330 1622 1384 1677 ¹¹⁰⁰
1404 1626 1456 1689 ‘Sis
1482 1639 1534 1677 ⁸¹¹2
1554 1639 1672 1694 coll)ola
1685 1624 1717 1680 5¹¹

67 1702 277 1777 interrogante,
285 1709 326 1763 ita
335 1711 530 1780 respondentis
550 1730 614 1767 voce
624 1715 750 1784 prolerre
760 1724 874 1772 senten·
915 1712 1051 1781 sanguine
1061 1712 1127 1782 ogni
1136 1711 1314 1773 candificant,
1326 1710 1393 1764 dum
1402 1709 1516 1775 Christis
1527 1710 1627 1781 05¹Pstis
1640 1713 1716 1766 Vide·

67 1792 151 1847 tiam.
168 1795 249 1850 Unde
267 1797 297 1851 in
312 1798 463 1869 Evangelia
478 1801 599 1871 legimus
619 1803 685 1874 quia
700 1806 873 1874 respondens
915 1800 1191 1866 licetsui,imitantur
1202 1798 1338 1869 exempla,
1349 1799 1393 1852 vel
1403 1814 1453 1868 pro
1463 1797 1511 1852 illo
1523 1799 1713 1869 patiendo,ch

66 1880 151 1936 iesus
166 1883 236 1938 dixit
252 1904 258 1939 :
276 1886 427 1954 Confltcbor
447 1891 506 1956 tibi,
529 1893 653 1953 noviante,
674 1895 828 1948 Paterculi
847 1901 871 1950 ct
913 1884 1713 1958 alivrssmillatfls0011t1111101i²1⁸PafiessilllwlssffissdosVssl

68 1975 152 2025 terra
165 1973 273 2041 (Mettis,
286 1978 336 2043 xv),
349 1976 383 2030 Et
397 1976 463 2030 alibi
475 1978 605 2048 legimus,
617 1980 683 2050 quia
698 1982 872 2053 respondens
912 1978 1078 2049 semctipsos
1098 1977 1173 2031 titiis
1199 1982 1227 2031 ct
1246 1974 1480 2046 concupiscentiis
1504 1975 1708 2031 mortificando.

65 2059 187 2129 angelus
211 2062 282 2117 dixit
302 2064 467 2119 mulieribus
491 2085 496 2119 :
522 2068 610 2121 Nolite
630 2073 726 2124 ttinere
752 2073 866 2139 (illailla.
947 2069 1009 2122 idco
1021 2072 1086 2121 sarit
1101 2074 1165 2120 ante
1180 2066 1313 2120 thronum
1330 2066 1387 2128 Dei.
1403 2069 1428 2118 θ’
1442 2068 1569 2119 temtum
1582 2068 1608 2119 ti
1622 2064 1667 2119 dit
1678 2081 1711 2120 αθ

62 2154 174 2219 xxvm),
188 2151 628 2226 nullainterrogationeipsarnm
638 2158 867 2231 mulierumprae.
911 2161 986 2209 nocte
1000 2159 1032 2210 in
1047 2157 1145 2223 terripto
1157 2158 1225 2223 ejas.
1236 2154 1269 2207 Et
1281 2157 1332 2221 qai
1349 2154 1421 2207 sedet
1435 2156 1466 2206 in
1482 2153 1711 2234 throno,bobitat
1814 2191 1815 2195 =

62 2236 163 2291 missa.
180 2238 239 2293 Hoc
253 2248 348 2296 autem
365 2242 395 2295 in
410 2242 463 2297 hac
476 2244 647 2300 revelatione
657 2248 741 2301 unius
748 2249 867 2304 senioris
907 2260 990 2312 saper
1002 2247 1072 2298 illos.
1087 2244 1128 2298 hc
1141 2244 1164 2296 si
1179 2243 1319 2297 diceretur
1331 2259 1337 2294 ε
1350 2242 1503 2311 Propterea
1514 2240 1711 2298 adnumerum

61 2327 212 2397 responsio
227 2328 466 2386 dissimilitudinis
489 2333 575 2388 hebet
592 2351 626 2388 ex
648 2336 713 2399 illis,
732 2337 799 2407 quia
812 2338 866 2392 ista
907 2333 1049 2402 pertinent
1064 2332 1227 2398 electorum,
1248 2336 1398 2402 propterea
1411 2331 1531 2385 thronus
1545 2330 1607 2396 Dei,
1621 2346 1710 2402 prop·

60 2413 267 2486 interrogativa
278 2423 331 2482 ost,
342 2418 390 2471 illa
403 2419 565 2474 indicativa.
578 2421 649 2485 Quid
661 2423 756 2495 itaque
766 2425 795 2480 in
809 2442 865 2481 nno
906 2425 985 2476 terea
994 2421 1129 2491 templum
1143 2420 1193 2475 Dei
1208 2425 1284 2485 sunt,
1300 2425 1450 2491 propteroa
1474 2419 1503 2473 in
1522 2418 1628 2490 templo
1643 2420 1707 2490 ejus

59 2503 176 2557 seniore
189 2503 351 2574 accipimus,
367 2507 421 2561 nisi
440 2508 566 2563 ordinem
581 2511 783 2581 prophetarum
800 2515 864 2568 uni·
905 2516 1032 2565 sanctam
1048 2510 1087 2563 illi
1099 2509 1231 2563 exhibent
1245 2507 1419 2572 servitutem,
1431 2507 1498 2578 quia
1507 2506 1612 2561 talibus
1621 2507 1708 2562 vesti·

58 2593 151 2644 tatem
160 2590 286 2645 omnium
296 2593 522 2663 predicantium?
536 2595 645 2667 Viginti
657 2603 778 2669 quatuor
788 2602 864 2656 enirn
905 2598 1009 2652 mentis
1025 2598 1126 2664 induti,
1142 2597 1207 2667 quia
1222 2596 1360 2665 sanguine
1375 2595 1439 2664 agni
1454 2594 1585 2648 videntur
1598 2594 1700 2663 abluti.

58 2678 188 2732 seniores
201 2685 316 2751 propter
326 2698 475 2737 numerum
484 2685 604 2738 duorum
617 2691 863 2756 testamentorum,
906 2685 964 2757 Ipsi
979 2687 1053 2741 enim
1068 2702 1085 2739 a
1099 2685 1242 2741 conditore
1257 2689 1392 2754 tanquam
1417 2682 1537 2737 thronus
1550 2682 1705 2752 praesiden-

59 2766 864 2840 quiduodenarioduplicatonumeroinduodecimtribu·
905 2781 962 2840 tur,
986 2775 1040 2846 ipsi
1056 2781 1192 2845 tanquam
1216 2773 1352 2842 templum
1376 2771 1581 2836 inhabitantur,
1598 2769 1651 2843 ipsi
1675 2775 1705 2827 ct

58 2853 114 2909 bus
128 2860 158 2909 et
172 2856 319 2915 duodecim
332 2861 466 2931 apostolis
478 2846 683 2933 exprimuntur,
696 2865 800 2936 saepius
818 2866 864 2921 hic
905 2869 971 2918 ante
986 2865 1119 2918 thronum
1129 2863 1159 2917 in
1169 2862 1273 2932 templo
1283 2861 1340 2916 Deo
1352 2860 1457 2914 servire
1467 2858 1705 2931 probantur,quia

58 2941 322 3014 frequentanturln
334 2964 393 3028 uno*
400 2965 466 3004 vero
476 2951 585 3006 seniore
595 2953 689 3006 unitas
698 2957 861 3010 eorumdem
904 2959 933 3006 et
946 2954 999 3023 ipsi
1014 2958 1081 3007 sunt
1103 2952 1189 3006 simul
1210 2950 1347 3021 templum
1369 2953 1398 3003 et
1413 2949 1533 3003 thronus
1553 2947 1613 3002 Dei.
1628 2947 1703 3004 Nam¹

56 3037 305 3090 testamentorum.
318 3036 369 3089 Vel
381 3042 455 3092 certe
466 3040 626 3106 senioripse
637 3041 791 3109 seniorum,
804 3044 860 3099 Do·
903 3042 977 3113 quod
993 3041 1080 3098 dixit:
1095 3041 1181 3095 Sedet
1193 3040 1222 3093 in
1237 3039 1350 3102 throno,
1365 3038 1418 3092 hoc
1429 3037 1569 3108 repetivit,
1586 3036 1699 3092 dicens:

57 3121 154 3177 minus
170 3123 300 3178 videlicet
313 3126 527 3195 praedicatorum
540 3129 713 3200 designatur.
730 3130 797 3186 Ideo
812 3149 860 3187 au·
901 3129 1017 3184 Habitat
1030 3146 1115 3202 super
1129 3130 1201 3195 illos,
1217 3127 1265 3182 ubi
1277 3133 1306 3182 ct
1318 3128 1451 3181 threnum
1463 3131 1491 3179 et
1502 3124 1640 3196 templum
1653 3139 1702 3179 eos

56 3216 117 3265 tem
128 3210 286 3283 interrogat
299 3214 402 3279 senior,
415 3222 447 3270 ut
461 3223 568 3287 quaerat
583 3219 713 3285 loannes,
731 3237 859 3291 quaerens
900 3233 961 3271 esse
976 3217 1188 3271 (lemonstravit.
1206 3215 1336 3271 Serviunt
1350 3219 1445 3269 autem
1458 3212 1503 3266 die
1518 3227 1551 3266 ac
1564 3216 1656 3275 nocte,
1671 3211 1702 3266 id

56 3299 167 3366 audiat,
181 3302 299 3356 audiens
313 3303 464 3375 intelligat,
484 3305 645 3377 intelligens
668 3309 702 3363 ad
722 3309 860 3365 imitanda
900 3311 944 3360 est
958 3306 987 3360 in
1000 3306 1141 3377 prosperis
1161 3311 1189 3360 ct
1203 3303 1327 3359 adversis
1343 3301 1407 3356 tidei
1424 3305 1510 3371 atque
1529 3298 1701 3370 operationis

57 3404 121 3460 quae
140 3391 251 3459 querit,
266 3392 448 3463 semetipsum
466 3396 607 3450 accendat.
621 3397 749 3468 Denique
763 3406 860 3454 osten·
901 3395 1097 3450 rectitudinem
1111 3400 1232 3448 servant·
1244 3392 1310 3448 Dies
1322 3392 1397 3446 enim
1410 3389 1634 3461 prosperitatem,
1645 3404 1701 3442 nox

56 3477 166 3533 duntur
179 3478 204 3533 ei
219 3478 313 3534 amicti
329 3481 408 3535 stolis
423 3481 503 3545 albis,
515 3496 547 3538 nt
558 3485 641 3539 talem
652 3484 792 3553 habitum,
802 3488 859 3544 tale
900 3500 965 3538 vero
987 3483 1128 3554 significat
1146 3484 1230 3552 hujus
1254 3480 1349 3536 saeculi
1372 3478 1580 3544 adversitatem,
1602 3477 1652 3532 sed
1669 3475 1700 3532 in

54 3567 237 3638 concupiscat
251 3568 456 3623 indumentum.
470 3569 526 3625 Sed
536 3573 631 3626 statim
645 3574 801 3644 requiritur
811 3577 859 3647 qui
900 3572 1048 3642 utriusque
1062 3572 1152 3625 sancti
1167 3570 1227 3624 Deo
1237 3569 1373 3631 serviunt,
1387 3567 1453 3637 quia
1463 3581 1512 3620 eos
1521 3579 1700 3635 necprospe·

54 3655 123 3722 sint,
141 3662 192 3711 aut
205 3657 279 3711 unde
293 3659 430 3725 venerint,
446 3665 584 3730 quatenus
599 3661 704 3716 scilicet
718 3662 742 3716 si
759 3663 819 3717 vult
828 3665 858 3720 in
900 3660 978 3725 ritas,
992 3676 1044 3713 nec
1058 3659 1212 3713 adversitas
1227 3674 1243 3711 a
1259 3657 1342 3711 beata
1362 3653 1540 3708 institutione
1559 3656 1589 3706 et
1609 3651 1699 3707 libera

53 3744 156 3799 talium
176 3746 296 3800 transire
320 3763 480 3813 numerum,
497 3749 564 3803 dum
588 3749 667 3803 audit
689 3751 737 3820 qui
758 3751 815 3806 sint
829 3760 857 3808 et
899 3748 1051 3802 conditoris
1066 3747 1109 3801 sui
1124 3746 1258 3800 servitute
1284 3743 1359 3798 valet
1370 3740 1514 3806 inclinare,
1532 3745 1561 3794 et
1583 3740 1642 3795 haec
1666 3740 1697 3795 in

52 3834 130 3888 unde
140 3835 277 3901 venerint,
288 3835 402 3890 studeat
411 3836 476 3890 talis
486 3853 556 3903 esse,
569 3838 665 3907 quales
680 3838 743 3893 illos
754 3841 853 3907 cernit,
898 3835 1030 3901 Ecclesia,
1045 3834 1098 3888 hoc
1112 3839 1155 3888 est
1165 3834 1195 3887 in
1210 3833 1377 3903 semetipsis.

51 3928 167 3992 satagat
187 3921 252 3977 inde
271 3925 377 3988 venire,
396 3925 471 3979 unde
494 3924 564 3979 alios
587 3925 682 3980 venire
700 3929 852 3997 cognoscit,
931 3927 992 3979 Noa
1007 3927 1228 3991 esurientesque
1241 3925 1336 3976 sitient
1350 3922 1483 3990 evoptius,
1500 3925 1525 3974 cl
1541 3934 1597 3974 non
1620 3919 1696 3975 cadat

51 4011 127 4075 Quid
138 4026 203 4065 vero
214 4011 269 4066 sint
279 4013 357 4066 stolae
367 4004 447 4080 albae,
456 4012 539 4084 paulo
549 4014 792 4084 superiusdictum
800 4023 851 4073 est.
896 4015 1045 4080 superillos
1055 4014 1105 4077 soi,
1117 4027 1202 4079 nequa
1214 4012 1290 4064 alliis
1300 4015 1390 4072 estun·
1399 4012 1534 4078 quoniam
1547 4009 1696 4076 lanasqai

50 4099 171 4155 Dicatur
180 4099 267 4170 igitur
280 4119 285 4153 :
302 4101 336 4154 lli
356 4102 403 4171 qui
418 4101 512 4156 amicti
527 4108 594 4157 sunt
608 4103 689 4157 stolis
703 4104 783 4172 albis,
805 4107 853 4177 qui
894 4102 927 4154 in
946 4102 1035 4155 vitalia
1050 4101 1144 4154 throni
1153 4104 1199 4164 est,
1219 4102 1291 4165 repet
1302 4100 1373 4160 ilios,
1386 4101 1410 4149 ct
1421 4096 1696 4151 &clamitosadaitsr

50 4193 119 4243 sunt
129 4189 243 4242 ctunde
253 4190 402 4243 venerunt?
412 4191 477 4245 acsi
488 4191 686 4261 praedicatores
699 4195 798 4260 sancti,
809 4197 853 4250 vel
893 4190 980 4256 fontes
995 4205 1145 4257 acuatum·
1165 4188 1259 4242 Causa
1273 4185 1410 4251 redditur,
1426 4183 1692 4251 01¹r¹¹⁰1¹e⁸¹1ri011t2

48 4277 191 4332 Dominus
213 4278 426 4349 predicatorum
450 4279 503 4349 piis
527 4280 701 4336 auditoribus
722 4282 849 4338 diceret:
893 4294 984 4349 neque
998 4278 1095 4331 sitient
1120 4294 1211 4348 neque
1234 4277 1321 4331 solem
1335 4275 1374 4343 (id
1387 4280 1441 4338 est,
1456 4273 1569 4346 aestum)
1583 4272 1696 4345 1)ῦῦθῦ-

48 4365 197 4436 Quotquot
216 4373 282 4420 ante
303 4367 399 4420 rnundi
424 4368 650 4423 constitutionem
673 4370 753 4425 electi
773 4380 849 4440 sunt,
860 4361 948 4433 Dtur,
961 4366 1027 4437 quia
1042 4367 1216 4420 vestimentis
1227 4365 1297 4419 albis
1311 4380 1460 4420 coruscare
1473 4363 1611 4430 videntur,
1627 4378 1693 4417 cum

47 4454 180 4526 nunquid
190 4461 331 4509 amatores
341 4456 438 4510 mundi
449 4458 526 4511 suntt
537 4458 664 4528 nunquid
676 4461 849 4530 voluptatum
891 4456 995 4510 dicitur
1005 4473 1011 4509 :
1023 4455 1162 4520 Quoniam
1172 4457 1270 4526 Agnus
1278 4455 1326 4526 qui
1339 4454 1368 4509 in
1382 4454 1473 4509 medio
1483 4453 1579 4507 throni
1589 4457 1693 4517 estse-

48 4559 168 4598 suarum
179 4544 351 4598 sectatores?
361 4545 488 4615 nunquid
499 4563 548 4616 per
559 4546 614 4599 iter
623 4548 773 4618 voluptatis
788 4566 851 4604 am·
890 4549 939 4614 get
952 4560 1009 4611 eos,
1026 4550 1053 4599 et
1065 4550 1175 4600 catera.
1189 4545 1252 4598 Non
1266 4543 1401 4608 esurient,
1416 4557 1508 4611 neque
1527 4540 1633 4601 sitient,
1646 4541 1692 4594 iu·

47 4631 240 4687 bulaverunti
253 4633 296 4686 Ad
316 4633 376 4687 haec
396 4650 460 4688 cum
475 4635 598 4689 ioannes
613 4652 645 4688 ex
660 4653 781 4706 persona
800 4638 851 4693 ba·
892 4635 1081 4704 quieranem
1092 4633 1194 4704 quippe
1205 4630 1294 4686 sancti
1305 4632 1364 4701 jam
1379 4646 1436 4683 nen
1451 4628 1605 4698 patientur,
1622 4627 1690 4698 quia

46 4737 154 4776 norum
168 4719 330 4775 auditorum
340 4721 390 4774 uni
403 4723 546 4777 seniorum
557 4724 720 4795 respondit:
735 4727 850 4782 Domina
891 4722 1040 4793 praesentia
1055 4721 1131 4776 illius
1146 4718 1335 4783 satiabuntur,
1348 4717 1396 4787 qui
1411 4720 1454 4770 est
1467 4714 1547 4786 panis
1562 4713 1640 4768 vivus
1654 4712 1689 4766 do

44 4809 96 4874 mi,
113 4814 146 4864 tu
165 4810 249 4873 nosti,
270 4826 382 4865 rursum
401 4810 448 4865 illa
472 4829 505 4866 ex
533 4829 653 4883 persona
672 4814 785 4870 Domini
807 4815 851 4870 vcl
891 4811 960 4865 coelo
978 4811 1159 4865 descendens.
1188 4809 1259 4862 llinc
1279 4805 1431 4860 Psalmista
1446 4822 1452 4857 :
1469 4802 1599 4858 Satiabor
1618 4802 1688 4857 dam

44 4898 265 4972 predicatorum
280 4899 341 4968 ejus
353 4898 499 4954 subinfert.
890 4900 1117 4967 raonisastabilar
1129 4901 1219 4965 pluria
1235 4903 1284 4951 tua
1299 4896 1383 4965 (Psal.
1400 4894 1466 4960 xvv).
1481 4890 1564 4945 Sitim
1575 4905 1688 4963 quaqua

82 4989 121 5043 lli
134 4990 850 5060 suntqaiocnervvnldctribulationernapnaptictve-
890 5003 946 5041 non
971 4985 1158 5050 sustinebunt,
1177 4983 1243 5054 quia
1259 4983 1320 5052 ipse
1343 4985 1387 5034 est
1410 4983 1493 5050 potus
1514 4977 1587 5034 vite.
1607 4977 1689 5033 Unde

43 5078 206 5131 matriolas
213 5077 517 5141 suas,etdealbavcrnnt
526 5095 571 5132 eas
582 5083 614 5134 in
623 5081 782 5147 sceptrinae
787 5084 844 5146 piri.
889 5076 1038 5132 Psalmista
1051 5076 1132 5148 (Psal.
1142 5071 1211 5141 xxrr)
1222 5090 1227 5123 :
1238 5071 1451 5136 Domiaasrepit
1462 5083 1515 5133 ma,
1525 5071 1691 5139 otc.,usqua

43 5165 136 5236 Cuius
146 5162 274 5218 videlicet
287 5181 340 5218 vox
352 5170 412 5220 toto
424 5165 478 5219 isto
489 5171 617 5238 tempore
630 5184 680 5238 per
690 5184 739 5222 ora
749 5168 848 5222 decen·
887 5166 976 5234 Super
990 5181 1092 5234 aquam
1106 5161 1259 5229 resectionis
1273 5158 1398 5212 educauit
1419 5173 1471 5211 rna.
1485 5154 1521 5211 Et
1535 5172 1593 5211 non
1606 5156 1689 5213 cadet

42 5255 119 5310 tium
130 5252 320 5320 taliaclamat,
331 5253 400 5309 talia
410 5255 552 5325 praedicat.
564 5257 644 5311 Unde
656 5257 719 5310 etin
730 5272 762 5309 eo
773 5256 847 5326 quod
887 5270 972 5324 super
983 5253 1047 5307 illos
1059 5252 1101 5305 sol
1114 5264 1206 5319 neque
1220 5247 1295 5302 ullus
1310 5251 1405 5313 aestus,
1421 5246 1475 5300 hoc
1499 5250 1543 5300 est
1558 5245 1686 5302 adversio

41 5343 114 5399 dicit
133 5360 139 5395 ε
156 5342 301 5397 Venerunt
315 5343 402 5399 trium
413 5349 572 5415 temporum
587 5360 728 5399 summam
738 5345 847 5399 conclu·
887 5344 991 5414 aliqua,
1000 5337 1223 5395 tribulationisve
1235 5335 1375 5406 angustia,
1388 5334 1432 5390 vel
1442 5334 1645 5408 persecutionis
1657 5340 1687 5387 et
1712 5389 1715 5393 .

42 5433 96 5500 dit,
115 5431 251 5504 praeteriti
271 5432 386 5500 scilicet,
406 5433 608 5503 praesensisse
627 5433 724 5498 futuri,
747 5449 797 5503 pro
813 5449 846 5488 eo
887 5430 1050 5486 tentationis
1064 5427 1194 5481 molestia
1219 5441 1275 5481 non
1301 5442 1349 5480 eos
1361 5424 1498 5496 gravabit,
1512 5423 1579 5494 quia
1598 5420 1685 5492 ipsius

44 5521 125 5603 quod
139 5529 193 5591 est,
211 5527 357 5591 venerunt,
367 5522 491 5587 veniunt,
501 5528 586 5594 atque
600 5521 710 5576 venturi
725 5522 847 5580 sunt.De
888 5517 1101 5576 obumbratione
1108 5520 1249 5587 tegentur.
1261 5515 1313 5572 Cui
1320 5514 1470 5570 Psalmista
1479 5512 1568 5568 dicit:
1586 5509 1688 5564 Olum-
