3818 6104
125 281 1777 349 W

677 435 1243 575 rrxxsmoms

690 661 1027 718 HALBERSTATENSIS
1051 658 1215 718 EPISCOPI

279 830 562 945 OPERUM
600 829 832 939 PRIMAE
871 827 1112 939 PARTIS
1160 827 1631 940 CONTINUATIO.

765 1158 1154 1271 ENARRATIO

522 1391 563 1521 ll
602 1389 816 1522 llllllll
854 1390 1101 1521 lllllllll
1139 1389 1325 1520 llltllt
1357 1387 1390 1517 ³¹.

584 1740 662 1835 nu
681 1739 983 1835 annutante
1020 1737 1338 1834 LECTOREM.

179 1927 250 1980 Sunt
265 1923 343 1977 inter
377 1921 507 1992 rophetas
516 1926 682 1990 postremae,
698 1920 845 1973 duodecim
861 1920 1049 1990 vulgoAdam
1073 1918 1220 1974 verborum
1238 1919 1392 1989 congeries,
1406 1918 1565 1973 lecturienti
1584 1935 1645 1973 sese
1660 1919 1786 1989 primum

148 1997 266 2049 minores
282 1939 427 2066 prophetae
441 1991 583 2063 appellati,
595 2007 650 2044 non
663 1996 721 2044 lam
736 1997 901 2061 argumento
916 1998 945 2044 et
985 1992 1077 2056 ollert,
1090 1992 1131 2044 ita
1140 1991 1169 2044 in
1180 1991 1303 2044 eruendo
1315 2006 1399 2043 sensu
1409 1989 1563 2044 immensus
1572 1989 1652 2043 labor
1662 1996 1690 2044 et
1700 1989 1729 2044 in
1740 2006 1786 2044 er·

151 2061 945 2134 ratiuniideeursuquamelocutionismoduloetsenten·
985 2078 1077 2117 rorem
1105 2061 1234 2132 proclivis
1249 2069 1277 2114 et
1298 2061 1432 2123 lubricus,
1454 2060 1608 2114 identidem
1631 2060 1787 2115 enarratori

150 2138 247 2192 uarum
263 2151 401 2205 compage
416 2151 432 2187 a
448 2133 601 2204 maJ'oribus
614 2132 783 2186 differentes.
802 2134 872 2187 Nam
884 2149 945 2203 quae
985 2134 1024 2188 im
1047 2133 1140 2196 endet,
1157 2140 1189 2186 ut
1202 2148 1384 2203 personarum
1398 2131 1483 2186 verba
1491 2131 1611 2185 subinde
1621 2138 1787 2197 mutantur:

148 2210 279 2280 majores,
296 2205 476 2260 concitatiore
496 2204 583 2258 divini
598 2203 721 2257 numinis
735 2210 775 2263 tut
785 2204 825 2257 ita
842 2204 943 2271 dicam)
988 2151 1155 2259 uthistoriee
1166 2204 1235 2258 ordo
1248 2204 1438 2264 confunditur,
1454 2210 1487 2256 ut
1501 2203 1789 2274 minaetemperantur

148 2288 233 2333 restro
248 2277 398 2339 stimulati,
410 2278 493 2345 longo
503 2275 650 2329 verborum
664 2273 782 2328 ambitu.
792 2275 875 2329 variis
883 2274 948 2329 teni·
989 2275 1238 2336 consolationibus,
1261 2281 1293 2329 ut
1311 2274 1503 2329 sedationibus
1517 2275 1668 2328 mitescunt
1683 2275 1741 2338 irie,
1757 2280 1791 2329 ut

147 2356 275 2421 gmatum
288 2348 396 2418 figuris,
405 2355 624 2417 etpersonarum
633 2345 948 2399 crebrismutationibus
990 2345 1558 2406 medicamentisverberadeliniuntur,ita
1571 2346 1787 2411 sententiarum,

149 2422 320 2476 effuderunt.
337 2417 656 2488 haecquoqueminores.
666 2416 767 2486 quibus
779 2418 878 2486 gratias
888 2417 949 2488 pla·
990 2435 1052 2489 quae
1067 2417 1100 2471 ad
1115 2418 1257 2488 prophetae
1269 2433 1383 2487 scopum
1401 2417 1552 2487 pertinent,
1569 2415 1689 2471 difficilis
1704 2422 1791 2472 estet

151 2493 242 2546 cidior
253 2491 403 2545 instinctus
413 2489 536 2542 adfuisse
544 2488 890 2558 creditur.angnstioribus
901 2504 950 2559 pe·
992 2491 1073 2560 plena
1088 2489 1258 2542 discriminis
1272 2488 1485 2542 consarcinatio.
1504 2489 1597 2552 Quare
1618 2487 1722 2542 factura
1736 2494 1789 2554 ast,

150 2563 240 2618 riodis
250 2568 279 2616 et
293 2560 486 2631 perbreriores
497 2559 700 2613 obscuritatum
717 2560 860 2613 anfractus
878 2575 950 2612 corn·
991 2567 1023 2613 ut
1039 2559 1118 2629 pauci
1139 2560 1166 2613 in
1187 2560 1352 2613 enarrandis
1370 2559 1512 2630 prophetis
1537 2559 1630 2613 oleum
1654 2567 1683 2614 ct
1705 2576 1794 2630 opera

149 2633 225 2706 plexi
245 2642 319 2687 sunt.
344 2633 430 2685 Porro
457 2630 631 2701 prophetiam
657 2646 712 2683 non
731 2631 854 2684 humana
873 2645 952 2683 niens
992 2631 1190 2700 impenderint,
1207 2630 1333 2684 nonnulli
1346 2631 1430 2683 etiarn
1446 2626 1554 2691 ἀνίπτοις
1566 2649 1597 2702 χε
1614 2630 1638 2682 oi
1652 2632 1737 2698 rquod
1752 2630 1794 2684 di-

150 2713 253 2775 suapte
269 2710 370 2757 natura
390 2720 440 2773 per
452 2703 604 2756 humanam
620 2701 786 2772 sapientiam
802 2700 951 2771 depromit,
994 2701 1075 2763 citurt
1099 2701 1128 2754 in
1147 2701 1259 2755 illorum
1275 2701 1497 2771 explanationem
1515 2650 1694 2770 pervolarint.
1710 2702 1794 2772 Apud

155 2777 205 2831 sed
222 2774 344 2845 Spiritus
363 2781 476 2828 sanctus
495 2781 536 2835 tut
556 2773 686 2826 Sedulius
702 2773 754 2831 ait>
770 2772 953 2843 pergratiam
995 2773 1106 2827 Graeros
1121 2772 1324 2841 Apollinarium
1342 2771 1529 2826 Laodicenum
1547 2773 1793 2828 commentariolos

154 2846 298 2918 loquentis
308 2845 404 2900 dictat.
415 2845 464 2898 Est
474 2845 548 2897 enirn
561 2844 714 2910 (sisuidam
724 2845 955 2912 audiamustpro·
995 2844 1025 2897 in
1041 2843 1190 2925 prophetas
1204 2844 1351 2914 reliquisse
1364 2849 1484 2897 testatur
1499 2844 1528 2896 lt.
1542 2843 1739 2914 Hieronymus.
1749 2861 1795 2899 ve·

156 2919 249 2990 phetis
287 2917 418 2982 eculiare,
444 2913 473 2968 τὸ
496 2916 539 2981 τὴν
562 2916 675 2985 γλῶτταν
695 2920 813 2985 παρέ-χειν
832 2909 953 2983 ὑπουργὸν
996 2931 1058 2968 rum
1073 2915 1255 2985 eJuscemoai,
1269 2922 1300 2968 ut
1313 2931 1412 2969 sensus
1423 2913 1512 2983 magis
1526 2920 1646 2984 tangant
1657 2915 1732 2985 quod
1744 2933 1793 2971 cx·

258 2934 404 3058 [litigarem
421 2986 514 3058 χάριτι.
531 2986 593 3049 Quo
609 2986 640 3038 sit
658 2992 690 3039 ut
702 2977 853 3056 prophetas
873 3001 956 3037 cnar-
997 2986 1111 3056 plicent.
1126 2985 1391 3056 cedei-umquoque
1406 2985 1491 3039 libros
1501 2984 1528 3038 in
1541 2985 1690 3056 prophetas
1698 2986 1797 3058 Orige-

154 3010 183 3043 ῒῐ
200 3008 242 3042 ibit

156 3032 221 3115 rare
235 3076 319 3114 nemo
354 3057 432 3121 ossit,
447 3056 499 3110 nisi
515 3056 608 3109 divino
619 3057 739 3126 quodam
750 3058 846 3109 aillatu
857 3056 956 3109 excite·
998 3073 1047 3110 nes
1063 3066 1089 3110 et
1114 3056 1261 3127 llidymus,
1278 3057 1326 3110 sed
1342 3057 1413 3110 tales
1428 3063 1460 3111 ut
1475 3057 1505 3109 13.
1522 3055 1686 3128 Hieronymi
1701 3059 1795 3128 palato

156 3139 205 3186 tur
245 3077 361 3201 perinrfe
381 3146 414 3182 ae
439 3144 520 3181 nemo
541 3127 716 3197 prophetiam
734 3128 884 3198 eloquitur,
901 3126 956 3179 nisi
999 3144 1053 3181 non
1074 3127 1256 3182 satisfaciant.
1279 3127 1345 3182 Post
1367 3128 1568 3199 llieronymum
1590 3128 1664 3198 apud
1681 3130 1797 3186 Latinos

157 3203 278 3274 Spiritus
292 3200 381 3254 sancti
393 3200 616 3253 inflammatione
631 3198 849 3269 calescatnpud
864 3199 957 3251 Plato·
999 3199 1067 3270 pleri
1090 3215 1125 3252 ue
1138 3199 1727 3269 haneprovinciamsusceperunt,«aterum
1739 3218 1797 3258 non

156 3290 220 3328 nem
234 3275 364 3326 Socrates
378 3270 491 3325 disserit
505 3267 672 3339 ἐνθουσιασμῷ
687 3270 787 3340 agitari
798 3286 852 3322 non
864 3270 955 3322 solum
1000 3216 1110 3340 sequtili,
1121 3286 1211 3340 neque
1226 3269 1383 3324 eruditione
1397 3278 1426 3324 et
1436 3270 1551 3341 judicio,
1568 3286 1659 3342 neque
1672 3273 1798 3343 auspicio

155 3349 300 3413 poetasut
314 3343 429 3413 egregia
439 3342 565 3394 carririna
574 3340 784 3396 conllciantsed
796 3341 880 3393 etiam
893 3321 984 3410 poe-¹⁸
997 3347 1026 3394 et
1039 3349 1149 3395 eventu.
1167 3344 1244 3394 lnter
1255 3342 1472 3412 hosestllaymo
1482 3342 1629 3413 episcopus
1638 3343 1797 3401 llalbersta·

157 3423 252 3469 tarum
276 3413 455 3484 interpretes,
470 3418 503 3465 ut
525 3411 684 3465 reconditos
699 3428 798 3465 sensus
816 3410 954 3481 aperiant,
997 3410 1084 3465 tensis
1097 3429 1103 3472 ;
1116 3428 1197 3482 quem
1212 3412 1235 3465 si
1252 3413 1386 3483 quiscum
1403 3412 1798 3473 aliisnutrieratadmirabitur

158 3490 294 3557 figuratas
308 3485 462 3538 locutiones
481 3489 709 3541 commonstrent.
722 3483 848 3537 ordinem
867 3483 955 3535 histo·
997 3483 1048 3535 viri
1067 3483 1257 3546 sanctitatem,
1282 3483 1490 3538 commendabit
1510 3483 1696 3555 diligentiam,
1711 3488 1798 3543 susci·

157 3562 265 3612 riarum
281 3556 420 3626 digerant,
437 3566 465 3608 et
478 3560 586 3608 riaturae
601 3553 745 3607 miracula.
763 3554 824 3607 ritae
836 3554 954 3616 cultum,
996 3553 1055 3625 piet
1073 3553 1270 3615 eruditionem,
1292 3555 1500 3610 deosculabitur
1520 3555 1663 3625 pietatem,
1685 3559 1799 3615 olfaciet

159 3631 508 3698 morumqueornamenta.
518 3625 675 3679 tabularum
690 3625 835 3678 lenociniis
846 3632 874 3677 et
883 3625 955 3677 inte·
997 3624 1126 3695 spiritum
1139 3626 1400 3723 propheticumque
1411 3626 1533 3680 imbutos
1545 3644 1605 3682 esse
1615 3634 1727 3700 oportet
1737 3647 1800 3701 pro·

200 3697 301 3754 mentis
315 3697 491 3756 adumbrata,
500 3696 649 3765 diligenter
658 3696 794 3749 acsedulo
805 3701 954 3766 exponant.
997 3697 1145 3767 phalarum
1157 3696 1324 3767 papaioleet
1337 3705 1513 3752 enarratores
1535 3697 1615 3762 Quod
1626 3700 1661 3753 ad
1673 3701 1798 3758 historias

158 3717 214 3835 {bi
232 3786 299 3840 ergo
312 3769 371 3823 sieri
382 3774 523 3850 potestat
537 3768 675 3838 interpres
690 3767 808 3821 sineDei
819 3766 958 3848 praecipuo
999 3767 1145 3842 veritatem
1166 3767 1289 3838 pertinet
1318 3772 1457 3839 sagaciter
1475 3770 1640 3842 vestigavit3
1665 3774 1739 3845 quod
1761 3775 1798 3830 ad

161 3844 261 3896 atilatu
273 3841 506 3910 sitexphcaturus
516 3838 639 3892 divinum
648 3838 959 3907 oraculum,quodcrtra
1000 3839 1175 3908 allegoriam,
1187 3839 1355 3894 tirmissimis
1371 3840 1521 3911 Scripturae
1542 3843 1711 3900 testimoniis
1720 3863 1799 3901 com·

161 3913 308 3984 praesentis
321 3910 605 3980 numinisimpulsum
615 3909 751 3980 propheta
760 3911 837 3963 ellari
848 3926 903 3963 non
915 3925 961 3980 po·
1000 3909 1121 3963 munivit
1132 3928 1138 3976 3
1156 3910 1230 3980 quod
1245 3910 1278 3963 ad
1289 3910 1415 3964 ordinem
1428 3912 1631 3981 perturbatum,
1643 3915 1800 3972 clarissima

161 3985 239 4039 tuit?
250 3983 338 4038 isaias
345 3981 595 4036 testaturrrsiones
605 3997 666 4034 esse
673 3981 755 4035 verba
764 3980 826 4033 libri
836 3980 939 4053 signati
953 3998 960 4043 ,·
1001 3980 1249 4046 serieillustrarit;
1262 3981 1335 4050 quod
1345 3981 1380 4034 ad
1392 3998 1484 4035 rerum
1495 3986 1796 4052 gestaruminvolocra,

164 4072 247 4127 quem
258 4054 279 4107 si
288 4051 868 4124 quisdederitscientilitteras.dixeritque:
880 4053 962 4120 Lege,
1003 4051 1074 4104 miro
1095 4051 1216 4121 quodam
1236 4051 1354 4105 artificio
1369 4052 1487 4119 ei¹olvit3
1508 4053 1581 4124 quod
1601 4061 1743 4126 postremo
1762 4058 1800 4114 ad

165 4125 347 4197 respondebit
358 4143 363 4176 :
373 4125 436 4177 Non
446 4139 559 4193 possum
587 4123 719 4192 Signatus
729 4121 963 4177 estenimsinde·
1003 4120 1150 4174 verborum
1162 4121 1246 4175 tricas
1255 4128 1283 4176 et
1294 4122 1496 4177 sententiarum
1513 4125 1698 4187 nodos,docte
1713 4129 1800 4184 simul

165 4199 239 4251 derit
250 4196 384 4250 nescienti
394 4195 510 4255 litteras,
528 4200 556 4247 et
570 4193 673 4247 dixerit
692 4212 699 4247 :
716 4195 797 4264 Lege,
810 4192 963 4263 responde·
1004 4201 1032 4246 et
1046 4192 1164 4246 feliciter
1177 4193 1316 4248 enodavit.
1338 4194 1801 4256 Seereritcoinminationesacon·

165 4268 208 4322 bit
222 4287 228 4320 :
245 4267 345 4321 Nescio
366 4264 483 4318 litteras.
507 4265 629 4318 loannes
643 4276 673 4318 se.
688 4265 788 4319 vidisse
803 4264 904 4318 librum
923 4263 964 4317 ait
1004 4263 1198 4321 solationibus.
1208 4265 1412 4321 consolationes
1422 4266 1574 4338 dispescuit
1587 4286 1603 4323 a
1618 4271 1801 4327 revocationi·

166 4335 754 4410 scriptumintusetlorissignatumsigillis
764 4342 870 4405 septem
880 4351 963 4405 quem
1004 4335 1066 4399 bus,
1080 4335 1281 4389 discriminavit
1294 4352 1328 4390 ea
1337 4338 1514 4408 quaduabus
1528 4339 1657 4395 tribubus
1669 4343 1734 4407 thoe
1747 4349 1800 4409 est,

165 4427 278 4466 nemoa
302 4409 384 4465 erire.
401 4409 480 4476 eujus
494 4407 639 4476 signacula
649 4423 731 4460 nemo
741 4406 847 4460 solvere
863 4406 961 4476 potuit.
1004 4423 1039 4478 po
1062 4407 1107 4460 ulo
1126 4406 1242 4460 ludaico
1273 4407 1481 4478 impendebant,
1501 4409 1536 4464 ab
1553 4411 1607 4465 illis
1623 4429 1684 4482 quae
1704 4415 1802 4469 decem

166 4483 238 4537 Osee
248 4427 398 4534 voluminis
407 4479 451 4533 sui
459 4477 657 4531 obscuritatem
669 4477 961 4547 agnoscensscripsit:
1004 4424 1104 4554 tribus,
1120 4478 1177 4532 sive
1197 4413 1274 4548 plebs
1293 4480 1455 4546 lsraelitiea,
1473 4481 1679 4553 exspectabant.
1696 4485 1804 4541 Intera-

166 4553 235 4617 Quis
249 4552 362 4622 sapiens
374 4558 402 4604 et
416 4549 555 4618 intelliget
570 4549 632 4611 ista,
649 4548 809 4618 intelligens
820 4556 849 4602 et
859 4565 963 4618 eogno-
1004 4550 1087 4603 tmxit
1097 4550 1254 4604 luculenter
1268 4566 1329 4619 queo
1341 4551 1375 4603 ad
1391 4567 1492 4622 carpus
1504 4553 1608 4608 Christi
1623 4571 1718 4610 verum
1728 4557 1802 4612 resa·

167 4631 226 4678 stet
234 4624 287 4677 ea?
302 4623 352 4676 Cui
367 4622 486 4676 surcinit
499 4621 645 4682 ieremias,
661 4620 757 4674 dicens
768 4637 773 4672 :
784 4618 852 4683 Quis
866 4627 908 4673 est
923 4619 964 4672 vir
974 4650 996 4711 G
1006 4621 1341 4680 runturinearnationem
1352 4621 1759 4708 scilicetnatiritatem,lugam
1772 4627 1804 4682 in

167 4695 280 4766 sapiens
292 4693 340 4764 qui
359 4693 497 4763 intelligat
514 4692 575 4755 hoc,
591 4691 667 4746 etad
702 4707 766 4744 uem
783 4690 897 4744 verbum
908 4689 964 4743 oris
1006 4691 1155 4762 AEgyptum
1176 4692 1413 4763 praedicationem,
1424 4698 1801 4765 passionenr.ascensronem‚

166 4765 280 4822 Domini
298 4767 355 4820 liat.
373 4771 404 4818 ut
418 4763 568 4818 annuntiet
582 4761 656 4817 istud
667 4709 768 4827 ibiuod
779 4761 802 4816 si
813 4761 965 4833 prophetiae
1006 4763 1110 4825 etc.,ab
1121 4763 1154 4816 iis
1169 4781 1230 4834 qua·
1245 4764 1279 4817 de
1292 4780 1408 4834 corpore
1423 4765 1525 4819 Christi
1544 4769 1804 4840 mysticopradicta

168 4838 271 4892 librum
282 4836 423 4907 signatum
435 4851 517 4889 nemo
528 4834 620 4893 solvit.
633 4834 686 4888 nisi
697 4836 740 4888 leo
752 4834 870 4888 detribu
882 4833 965 4896 luda,
1006 4839 1081 4887 sunt.
1098 4834 1132 4887 de
1144 4834 1273 4892 Ecclesia.
1288 4834 1323 4888 de
1338 4836 1480 4889 vocatione
1491 4838 1628 4906 gentium,
1643 4839 1678 4894 de
1695 4841 1804 4897 insultu

168 4909 247 4963 radix
259 4907 381 4964 David.si
390 4905 699 4976 prophetia,Scr·ipturae
711 4904 967 4976 propriaiqterpre·
1008 4904 1214 4964 haereticorum.
1227 4906 1262 4959 de
1272 4906 1388 4959 extremi
1399 4907 1494 4976 judicii
1504 4909 1704 4975 severitasque
1711 4912 1806 4970 beato·

167 4981 329 5038 tationelut
343 4979 372 5032 B.
387 4977 463 5031 Petri
478 4975 591 5030 verbum
603 4982 655 5032 esti
671 4977 778 5037 nonsit,
791 4975 814 5030 si
826 4976 968 5029 voluntate
1008 4992 1070 5028 rum
1097 4977 1221 5046 praemio,
1248 4977 1283 5030 de
1312 4976 1509 5033 damnatorum
1531 4988 1635 5036 aterno
1656 4985 1804 5055 supplicio.
1864 5009 1869 5023 ·

168 5053 294 5105 hainone
308 5065 452 5120 nunquam
466 5047 551 5101 allata
564 5054 607 5101 est
624 5048 781 5129 prophetia,
797 5046 844 5100 scd
861 5046 967 5116 Spiritu
1009 5047 1183 5118 Quemquam
1195 5048 1807 5171 igiturnonaudebitpigebltveisthaeeexmi·

169 5120 405 5190 sanctoinspirati
420 5118 505 5173 locuti
516 5124 582 5172 sunt
596 5127 685 5171 sancti
704 5119 751 5171 liei
764 5116 968 5188 hominesqnis
1009 5119 1124 5172 naribus
1136 5137 1202 5189 prop
1225 5119 1277 5172 etis
1290 5118 1458 5190 perdiscere.
1476 5123 1498 5176 is
1514 5124 1588 5177 huno
1603 5123 1705 5180 librum
1719 5144 1805 5198 parvo

170 5211 228 5248 non
249 5193 325 5245 ridet
347 5191 583 5262 quemadmodum
609 5189 748 5260 imprimis
775 5190 905 5250 arduum,
928 5188 969 5242 sic
1011 5190 1182 5244 numismate
1191 5197 1362 5244 coematzet
1371 5193 1484 5247 sordida
1494 5194 1640 5265 pecuniola
1650 5204 1807 5270 aucupetur

170 5281 283 5337 quoqne
299 5263 485 5334 periculosum
509 5278 579 5322 esse,
598 5261 625 5315 in
642 5261 790 5331 prophetas
805 5259 970 5314 elucubrare
1012 5264 1055 5328 (ut
1065 5263 1111 5315 me
1125 5261 1172 5327 aitt
1189 5261 1274 5332 σοφίας
1287 5269 1369 5333 κτῆμα
1381 5268 1538 5335 τιμιώτατον.
1555 5266 1631 5321 Vale.

170 5333 510 5404 commentarialNcrnpe
518 5333 546 5386 in
554 5332 702 5403 quibus,ut
716 5332 882 5386 inconcinna
893 5348 968 5402 quee-

209 5490 222 5516 ³
236 5477 406 5533 Recudimus
426 5478 508 5548 Juxta
525 5475 676 5531 editionem
694 5476 888 5532 Coloniensem
903 5477 970 5532 anni
1010 5476 1112 5548 tarpio,
1129 5478 1187 5532 cire
1202 5484 1230 5533 et
1251 5478 1403 5552 bibliopola
1423 5480 1591 5543 Coloniensi.
1608 5485 1698 5554 pridie
1712 5486 1807 5540 Nonas

174 5547 253 5631 ista.
270 5550 312 5605 ad
327 5549 431 5631 calcem
445 5548 509 5602 libri
519 5548 622 5620 legitur
638 5566 644 5603 :
662 5566 674 5600 a
691 5548 823 5612 Colonia,
834 5551 906 5632 apud
919 5550 971 5604 Eu·
1010 5552 1152 5620 Augustas
1167 5550 1234 5605 anni
1251 5549 1329 5618 1529,
1343 5550 1471 5623 Adolpho
1486 5552 1602 5620 Rincho,
1618 5555 1741 5610 ltrnoldo
1757 5558 1807 5610 Se·
1864 5604 1872 5621 ,

173 5623 301 5678 charrum
311 5621 691 5692 Cervieornum‚procurante
700 5621 737 5676 lt.
750 5618 899 5676 Godetnda
909 5621 970 5676 Hit·
1009 5620 1092 5692 genio
1106 5637 1181 5679 coss.
1200 5640 1214 5676 x
1687 5662 1691 5668 .

293 5720 429 5803 exesa,
450 5717 568 5785 exvu.
1672 5722 1688 5788 t
1757 5682 1759 5686 ’

103 6008 108 6079 l
131 5860 239 6036 Nc>
