3818 6104
128 245 183 302 153
599 242 812 304 ENARRA'I'IO
827 245 867 303 IN
880 243 1062 304 MlOHAEAbI
1075 241 1307 305 PROPHETAM.
1718 234 1769 295 let

128 385 266 443 prospera
278 370 334 425 sibi
348 370 384 425 de
393 370 930 442 ejuselementiapollicentur,dicentes:
939 374 963 433 Α
972 373 1069 429 hastas
1083 389 1149 429 suas
1163 372 1192 427 in
1207 370 1323 441 ligones.
1339 368 1403 422 Neu
1416 366 1510 420 sumet
1526 378 1596 434 gens
1618 361 1767 416 advsrmm

131 459 216 515 «Neu
228 459 343 515 venient
357 475 443 531 super
451 475 503 515 nes
516 461 599 515 mala.
613 477 628 515 r
970 466 1082 532 gentem
1097 461 1232 532 gladium,
1247 464 1275 513 ct
1289 472 1345 511 neu
1367 455 1475 510 dissent
1497 453 1572 507 ultra
1590 450 1765 520 belligerare.

971 550 1006 606 Et
1020 550 1128 605 sedebit
1141 550 1183 602 vir
1192 547 1290 604 subtus
1304 545 1414 600 vineam
1428 558 1520 605 suam,
1535 545 1563 595 et
1572 538 1671 594 subtus
1681 538 1767 593 ficum

441 603 560 661 CAPUT
571 604 621 662 Ν·
970 655 1061 706 suam,
1074 644 1104 693 et
1116 653 1172 693 nen
1182 637 1236 691 erit
1249 635 1298 707 qui
1307 634 1474 689 deterreat.»
1489 629 1579 686 Omne
1588 625 1700 699 (inquit)
1709 631 1768 682 stu·

165 748 179 783 s
195 731 232 785 Et
245 730 321 785 erit:
336 730 366 784 in
380 729 532 784 novissime
546 729 656 784 dierum
671 728 725 784 erit
740 728 929 784 menedemus
969 728 1047 782 dium
1061 725 1243 797 belligerandi
1258 741 1291 780 ee
1306 722 1437 778 veniente
1451 717 1582 781 cessabit,
1597 722 1626 772 et
1642 714 1766 771 transic-

126 819 251 885 Domini,
272 825 447 891 praeparatus
456 818 486 872 in
494 818 598 873 vertice
612 818 792 883 mentium,et
802 817 929 872 sublimis
969 823 1048 872 retur
1059 816 1093 870 ad
1113 831 1220 886 pacem,
1232 818 1368 883 tantaque
1382 809 1436 865 erit
1448 807 1663 879 requiesutnen
1674 805 1766 860 selum

127 924 215 979 super
230 908 327 970 celles,
339 914 369 962 et
377 907 578 962 fluentadeum
586 906 724 978 pepuli,et
737 905 930 978 properabunt
968 905 997 958 in
1008 903 1134 969 urbibus,
1146 902 1195 957 sed
1208 908 1238 956 et
1250 901 1280 955 in
1293 899 1366 954 villis
1383 903 1412 952 et
1425 896 1502 968 agris
1516 895 1555 950 sit
1567 909 1679 994 summa
1689 909 1767 948 secu·

126 997 344 1066 Sffiissssmustaes
360 1002 389 1050 θῐ
410 995 520 1050 dicent:
541 994 651 1049 Venite.
668 1018 680 1044 a
695 995 768 1059 Quia
785 994 927 1067 principes
968 994 1045 1056 ritas,
1067 993 1150 1047 itaut
1173 990 1270 1045 sedeat
1282 986 1474 1058 unusquisque
1502 982 1554 1039 sub
1577 988 1632 1037 vrte
1659 998 1720 1047 sua,
1734 987 1768 1037 ut

125 1083 290 1138 iudeorum
309 1083 463 1138 abominati
481 1089 548 1139 sunt
564 1084 714 1155 judicium,
725 1088 753 1138 et
773 1084 927 1138 edificave-
967 1098 1062 1152 supra.
1078 1100 1089 1131 s
1108 1079 1180 1144 Quia
1191 1076 1343 1132 osDemini
1356 1073 1528 1130 exercituum
1543 1073 1666 1127 locutum
1681 1074 1733 1124 est.
1749 1088 1763 1123 u

126 1177 194 1227 runt
205 1171 276 1226 Sion
297 1171 327 1226 in
341 1171 537 1244 sanguinibus,
552 1171 655 1227 idcirce
671 1189 722 1243 pre
745 1178 839 1227 mente
859 1172 928 1227 Sion
968 1170 1107 1240 Legamus
1121 1165 1263 1227 historias,
1279 1169 1309 1220 et
1331 1162 1506 1217 inveniemus
1532 1159 1597 1232 quia
1624 1164 1690 1213 ante
1717 1157 1766 1212 ad·

126 1257 253 1313 elevatus
262 1264 307 1314 est
315 1277 396 1316 mons
402 1260 523 1328 Domini,
540 1260 569 1315 id
584 1265 627 1315 est
641 1261 779 1315 christus.
788 1261 926 1316 Hiemem
967 1263 1080 1312 ventum
1091 1256 1194 1311 Christi
1204 1258 1280 1309 totus
1294 1257 1392 1307 centra
1405 1267 1435 1304 se
1449 1248 1594 1320 pugnabat
1606 1246 1681 1301 erbis
1690 1265 1697 1313 3
1706 1247 1764 1300 fer-

126 1350 257 1402 esteusus
274 1348 361 1402 estin
375 1348 532 1403 novissimis
553 1347 662 1413 diebus,
676 1349 729 1402 hec
753 1349 847 1415 est,in
869 1350 925 1403 fine
966 1345 1069 1400 vebant
1082 1345 1177 1400 emnia
1189 1349 1249 1397 tam
1274 1340 1397 1395 externis
1418 1353 1503 1409 quam
1524 1336 1650 1390 civilibus
1671 1334 1762 1402 bellis,
1863 1351 1866 1357 ·

126 1435 306 1503 saeculorum,
323 1436 435 1508 quande
449 1437 479 1491 in
495 1437 647 1491 novissima
659 1436 755 1491 saculi
777 1442 860 1493 atate
876 1455 926 1509 per
967 1451 1019 1489 nec
1030 1435 1178 1505 quisquam
1189 1433 1304 1503 impune
1317 1430 1352 1484 de
1369 1432 1453 1498 gente
1465 1426 1494 1481 iu
1509 1431 1623 1496 gentem
1643 1423 1766 1523 trausire

125 1521 412 1579 bestiamsalutarem
425 1525 553 1580 Salvator
569 1524 713 1596 apparuit,
726 1524 774 1594 qui
785 1525 852 1580 tulit
865 1543 927 1598 pec-
967 1529 1087 1597 poterat.
1104 1522 1256 1593 Postquam
1280 1535 1347 1573 vere
1365 1519 1395 1572 in
1414 1517 1536 1571 adventu
1560 1530 1611 1569 sue
1636 1512 1766 1567 Chnstus

127 1616 187 1666 cata
200 1612 312 1667 mundi.
330 1613 507 1686 Praparatus
526 1613 638 1684 (inquit)
652 1613 716 1678 erit,
732 1612 761 1666 id
777 1619 820 1669 est
833 1616 926 1670 mani·
966 1613 1124 1667 &manum
1137 1610 1287 1681 imperium
1303 1605 1479 1679 praedicando
1493 1602 1674 1673 Evangelium
1690 1617 1767 1672 prae·

127 1700 222 1767 festus,
236 1701 286 1772 qui
295 1706 362 1757 ante
369 1718 421 1774 per
427 1701 563 1757 totmillia
569 1717 708 1757 annonam
718 1702 843 1757 eccultus
853 1710 923 1758 erat.
933 1723 956 1782 B
967 1703 1078 1775 paravit
1090 1699 1247 1772 apostolica
1268 1693 1469 1769 predicationi,
1486 1692 1598 1764 pervius
1616 1692 1706 1745 fuctus
1721 1694 1766 1745 est

127 1786 185 1841 Non
199 1789 403 1843 solumautem
417 1788 925 1860 inmentibus,sedetsupervertices
966 1791 1051 1848 erbis.
1065 1785 1374 1861 Trepelegicecencisie
1383 1783 1541 1854 gladiorum
1549 1786 1578 1835 et
1589 1781 1762 1846 lancearum,
1819 1786 1822 1791 '

127 1876 265 1931 montium
277 1883 453 1949 praeparatus
462 1878 524 1933 erit.
540 1879 648 1933 Montes
663 1878 766 1950 quippe
784 1883 925 1951 suntpre·
966 1880 1031 1934 finis
1045 1886 1089 1934 est
1101 1879 1149 1933 ira
1164 1883 1193 1932 et
1214 1873 1427 1948 persecutionis,
1451 1888 1506 1942 qua
1528 1870 1607 1942 prius
1625 1866 1763 1923 increduli

128 1965 214 2037 pbetra
228 1966 332 2030 sancti,
349 1967 397 2037 qui
407 1967 573 2022 lieetemnia
581 1973 679 2022 sancta
687 1967 926 2024 etadhumanam
966 1974 1064 2024 centra
1087 1971 1198 2023 sanctos
1222 1964 1418 2037 predicatores
1439 1958 1598 2015 seviebant.
1610 1957 1678 2021 Quae
1695 1971 1764 2010 cen·

129 2055 247 2110 salumin
260 2057 433 2127 pertinentia
454 2057 680 2129 conscripserint,
706 2063 765 2112 tam
787 2060 824 2113 ed
848 2077 926 2114 cem·
965 2057 1162 2114 versasuntin
1176 2055 1282 2110 ruralia
1296 2053 1492 2116 instrumenta,
1505 2054 1538 2104 ut
1551 2046 1680 2104 eonllstis
1695 2061 1764 2100 cen·
1825 2056 1830 2065 ·

131 2143 308 2215 parationem
321 2144 408 2215 hujus
417 2146 582 2217 prophetiae,
597 2147 628 2202 iu
646 2147 752 2218 quade
775 2147 926 2206 Salvaleris
966 2147 1146 2203 tumeliarum
1153 2144 1265 2217 jaculis,
1282 2138 1759 2211 fructusspiritalessucerescerent

131 2232 247 2287 adventu
274 2234 523 2305 prophetaverunt,
539 2234 659 2289 humilia
687 2239 755 2290 sunt
773 2242 883 2304 caetera,
898 2244 928 2294 et
967 2237 1139 2292 Haecautem
1155 2235 1232 2299 ssent,
1249 2232 1316 2304 quia
1329 2230 1465 2286 Dominus
1481 2228 1591 2282 locutus
1607 2230 1660 2292 est,
1682 2224 1764 2294 cuius

130 2336 214 2393 usque
228 2321 267 2377 ad
280 2323 399 2378 vertices
410 2324 546 2378 mentium
557 2340 614 2379 nen
627 2325 827 2395 pertingentia.
837 2325 928 2397 Super
967 2327 1062 2381 omnia
1071 2323 1156 2380 verba
1165 2328 1232 2378 sunt
1245 2337 1320 2387 vera,
1335 2325 1364 2374 ει
1376 2321 1458 2389 cujus
1471 2316 1583 2380 dixisse,
1598 2314 1697 2369 secisse
1709 2318 1763 2414 est.

132 2408 209 2464 eolles
222 2410 365 2466 exaltatus
379 2415 422 2464 est
435 2426 516 2465 mens
530 2411 592 2476 iste,
609 2411 674 2482 quia
686 2411 926 2468 emniumsancte·
969 2436 982 2469 a
997 2415 1067 2481 Quia
1077 2430 1174 2470 omues
1190 2411 1286 2484 pepuli
1310 2408 1504 2472 ambulabunt.
1520 2404 1714 2475 fluminisque
1735 2418 1766 2458 ¹¹²

132 2513 188 2552 mm
198 2499 335 2569 gratiam,
347 2515 429 2554 omne
439 2499 572 2555 meritum
581 2515 780 2571 supergressus
794 2503 926 2558 esthemo
967 2505 1080 2560 nomine
1095 2503 1146 2558 Dei
1155 2500 1207 2567 aui,
1226 2516 1276 2554 nes
1295 2505 1390 2553 autem
1404 2491 1765 2565 ambulabimusinuemine

133 2585 240 2641 sverbo
254 2587 308 2642 Dei
327 2592 500 2658 assumptus.
517 2588 589 2652 Quia
608 2588 685 2642 enim
708 2606 738 2643 se
767 2589 927 2646 humiliavit
967 2593 1021 2649 Dei
1040 2592 1127 2647 nestri
1138 2590 1167 2645 in
1188 2595 1325 2644 aternum
1340 2592 1369 2641 et
1382 2587 1467 2641 ultra.
1484 2604 1496 2635 ι
1514 2583 1627 2639 Ceteris
1651 2582 1763 2653 (inquit)

133 2689 214 2747 usque
228 2677 266 2730 ad
281 2682 410 2742 mertem,
426 2677 561 2731 exaltavit
570 2693 634 2731 eum
645 2678 720 2732 Deus
733 2679 826 2743 Pater,
844 2681 927 2735 etde·
966 2682 1097 2752 gentibus
1109 2680 1216 2735 cunctis
1231 2682 1294 2749 pest
1306 2691 1431 2731 errorem
1442 2690 1536 2736 suum,
1552 2689 1604 2727 nes
1618 2671 1766 2743 quiescen-

134 2763 204 2818 earit
216 2763 259 2818 illi
272 2780 376 2819 nemen
392 2765 466 2836 qued
486 2770 530 2819 est
548 2781 634 2836 super
652 2782 734 2820 omne
758 2783 870 2822 nomen.
884 2766 927 2821 ad
968 2771 1060 2826 dimus
1074 2771 1109 2825 ad
1126 2772 1249 2823 mentem
1264 2764 1377 2820 Domini
1391 2761 1598 2818 ambulabimus
1606 2759 1637 2814 in
1650 2759 1765 2814 nemine

135 2849 201 2907 leuc
214 2860 342 2909 mentem
356 2853 611 2925 congregabuntur,
622 2855 665 2908 vel
680 2856 724 2921 (ut
743 2855 928 2928 Septuaginta
969 2860 1079 2917 Domini
1093 2858 1143 2915 Dei
1159 2855 1248 2912 nostri
1269 2855 1339 2911 Jesu
1361 2851 1475 2916 christi,
1505 2850 1572 2922 quia
1595 2848 1656 2919 ipse
1680 2863 1765 2902 verus

136 2939 233 2997 dicunt)
252 2943 447 2998 llueutomnes
458 2947 567 3014 gentes,
577 2947 605 2997 et
614 2942 645 2997 in
657 2959 765 2997 merem
777 2944 926 3001 tluvierum
968 2955 1011 3005 est
1024 2965 1105 3003 mens
1119 2952 1149 3003 et
1162 2950 1245 3014 Deus,
1258 2951 1286 3000 et
1300 2962 1333 3000 ex
1345 2944 1407 3014 ejus
1422 2941 1535 2997 nomine
1548 2936 1700 2995 Christiani
1715 2952 1764 2991 ve·

137 3028 347 3086 innumerabiles
365 3031 462 3103 populi
484 3031 651 3086 convenient
670 3032 828 3089 credentes.
843 3035 925 3090 Vide·
966 3055 1073 3094 camur.

140 3132 192 3172 nus
200 3120 261 3188 jam
280 3136 315 3173 ex
332 3118 462 3174 omnibus
483 3118 623 3190 gentibus,
637 3136 708 3191 quas
734 3122 925 3178 Rornanorum
1004 3127 1066 3183 eIn
1076 3127 1121 3182 die
1135 3126 1191 3192 illa,
1205 3145 1219 3178 s
1234 3125 1287 3178 hee
1294 3127 1346 3188 est,
1358 3138 1423 3177 cum
1433 3136 1517 3175 verus
1529 3119 1572 3175 sel
1579 3116 1763 3191 splenduerit,

142 3206 404 3279 aevitimperium‚in
416 3208 559 3263 Christum
567 3209 774 3278 credidissse,et
781 3228 832 3283 per
841 3213 925 3268 fidem
968 3238 980 3269 ι
996 3216 1063 3271 dicit
1078 3216 1223 3279 Dominus,
1236 3210 1414 3283 congregabo
1422 3209 1670 3277 claudicantem,et
1679 3224 1765 3279 quam

143 3293 170 3347 ad
182 3294 252 3351 bunc
261 3302 388 3352 mentem
398 3296 632 3353 ceulluxisseSed
647 3300 714 3370 quid
729 3301 872 3356 venientes
882 3302 925 3356 di·
966 3307 1102 3378 ejeceram
1116 3305 1256 3374 colligam,
1271 3308 1300 3357 et
1314 3317 1399 3373 quam
1424 3299 1579 3354 afflixeram
1589 3297 1763 3366 consolabor,

145 3383 237 3437 “uniit
252 3384 445 3440 mendam&
455 3385 624 3441 admonism
634 3387 756 3442 DOmini·
774 3389 927 3460 ‘Opuseti
967 3401 997 3452 et
1008 3412 1112 3468 penam
1124 3392 1329 3448 claudicantem
1346 3389 1525 3461 inreliquias,
1542 3392 1570 3443 ει
1582 3405 1644 3443 eam
1655 3388 1766 3460 quala·

146 3474 299 3538 mensione,
315 3475 339 3529 εἱ
353 3475 482 3530 volumus
496 3476 531 3529 ad
546 3475 689 3531 Christum
700 3477 804 3544 venire,
822 3484 879 3534 «et
890 3480 926 3535 ad
966 3487 1123 3550 beraverat,
1132 3483 1279 3553 ingentem
1293 3479 1448 3533 robustam.
1468 3499 1479 3530 r
1503 3481 1562 3535 Hoc
1581 3484 1635 3547 est,
1654 3479 1765 3553 plebem

148 3558 242 3617 demum
251 3563 303 3618 Dei
313 3562 428 3628 Jacob»
439 3565 469 3618 id
484 3570 536 3630 est,
554 3565 716 3631 Ecclesiam,
733 3583 795 3637 quae
810 3574 853 3622 est
874 3569 926 3623 (10-
965 3576 1111 3631 Judaieam
1126 3570 1285 3635 contritam,
1300 3572 1329 3622 et
1350 3573 1426 3623 reete
1440 3584 1538 3638 gressu
1564 3569 1694 3623 incedere
1707 3584 1765 3624 non

148 3661 194 3703 uus
202 3652 260 3716 Dei,
274 3654 429 3707 secundum
444 3653 620 3724 Apostolum,
632 3654 763 3710 columna
777 3662 806 3711 et
823 3657 921 3712 firma-
960 3664 1110 3727 valentem,
1126 3666 1155 3714 et
1178 3661 1298 3730 ejectam
1316 3673 1348 3714 ac
1366 3661 1554 3732 reprobatam.
1570 3656 1764 3728 Congrcgabi-

149 3744 252 3795 ffltssium
266 3741 404 3803 veritatis.
420 3743 509 3797 Deum
520 3747 615 3796 autem
630 3743 716 3798 Jacob
730 3745 872 3801 Christum
880 3747 922 3802 di·
960 3758 1009 3808 tur
1022 3760 1116 3808 autem
1132 3753 1167 3807 ad
1182 3753 1244 3817 hec,
1261 3755 1293 3806 ut
1304 3750 1475 3821 suscipiatur
1489 3754 1517 3804 et
1529 3755 1651 3820 ponatur
1662 3749 1692 3803 in
1701 3752 1767 3807 reli·

149 3824 280 3893 titQuare
296 3831 419 3897 veniant,
434 3830 584 3885 adducta
603 3835 630 3886 et
659 3832 771 3887 docebit
789 3851 842 3889 nes
867 3836 926 3892 vias
967 3841 1048 3913 quias
1069 3842 1139 3897 etin
1153 3847 1266 3912 gentem
1279 3839 1434 3912 robustam.
1451 3840 1510 3894 Hoc
1526 3845 1569 3895 est
1588 3840 1662 3912 qued
1677 3842 1765 3898 lsaias

149 3928 204 3984 tuas,
217 3935 230 3970 ι
243 3935 295 3990 per
306 3919 436 3975 dectores
450 3924 479 3974 et
492 3925 629 3991 pastores,
646 3920 695 3993 qui
708 3923 860 3993 praesident
875 3926 925 3980 Ec·
967 3931 1043 3993 dicit,
1059 3930 1113 3983 nisi
1124 3930 1260 3983 Dominus
1268 3929 1385 3983 sabaotb
1395 3928 1554 3999 reliquisset
1562 3930 1643 3984 nobis
1653 3947 1760 3997 semen,

150 4002 227 4075 daie,
241 4008 350 4079 quosin
372 4007 540 4080 Apocalypsi
558 4010 681 4065 loannes
699 4011 815 4082 angelos
835 4019 923 4081 vocat,
967 4017 1046 4089 quasi
1060 4017 1182 4072 Sodoma
1194 4017 1352 4081 fuissemus,
1369 4021 1397 4070 et
1410 4016 1483 4070 sicut
1497 4016 1765 4075 Gomorrhasimiles

151 4090 192 4148 tite
200 4112 246 4167 per
259 4097 431 4168 Scripturas,
442 4113 504 4169 qua
514 4099 666 4153 ostendunt
681 4099 753 4154 viam
769 4100 925 4168 Domini,id
966 4121 1102 4160 essemus.
1114 4105 1173 4158 Hoc
1186 4104 1292 4158 laetum
1306 4106 1350 4157 εει
1371 4102 1589 4174 predicantibus
1618 4106 1763 4177 apostolis,

153 4184 337 4252 atllbristum,
352 4185 401 4257 qui
410 4185 493 4241 dicit:
514 4208 525 4236 ι
542 4187 600 4257 Ege
614 4204 678 4243 sum
695 4190 747 4243 via.
764 4208 803 4243 rs
820 4191 854 4245 Et
867 4208 926 4245 am·
965 4194 1079 4265 quande
1094 4193 1122 4246 in
1138 4193 1250 4248 Actibus
1264 4197 1427 4263 apostorum
1437 4193 1559 4264 legitur:
1574 4194 1638 4250 Una
1649 4194 1695 4251 dic
1705 4213 1764 4252 cre·

152 4265 283 4329 latebimus
297 4275 327 4329 in
336 4275 445 4330 semitis
457 4275 528 4345 ejus,
544 4275 598 4330 »id
608 4283 852 4349 est,sequemu1·et
863 4281 956 4364 imi-D
965 4283 1099 4337 diderunt
1111 4283 1166 4337 tria
1181 4282 1279 4348 millia,
1300 4281 1390 4336 altera
1407 4282 1453 4337 die
1467 4283 1592 4356 quinque
1615 4284 1713 4354 millia,
1734 4292 1763 4342 ει

153 4357 250 4417 utimur
261 4363 405 4436 apostoles
418 4364 490 4434 eius,
503 4364 551 4436 qui
576 4372 643 4419 sunt
656 4366 763 4420 semita
775 4367 860 4434 illius,
875 4387 926 4441 per
965 4372 1096 4444 deinceps
1107 4373 1197 4426 multa
1207 4371 1305 4425 millia.
1318 4371 1432 4427 Plenius
1446 4378 1541 4427 autem
1555 4375 1583 4427 in
1595 4374 1652 4429 fine
1668 4375 1763 4431 saculi

154 4459 203 4514 ques
213 4452 347 4506 credimus
361 4451 392 4506 in
405 4468 499 4507 eum.»
515 4452 587 4517 Quia
601 4453 635 4508 de
650 4454 746 4517 Sien,»
764 4455 816 4509 bec
826 4462 880 4523 est,
890 4458 924 4512 de
964 4459 1138 4531 implebitur,
1149 4460 1217 4530 quia
1230 4475 1293 4513 eum
1304 4459 1449 4530 plenitude
1463 4461 1591 4531 gentium
1605 4461 1762 4532 intraverit,

154 4534 266 4600 punitiva
280 4541 414 4608 Ecclesia,
428 4559 441 4593 a
457 4540 544 4596 exibit
557 4542 600 4596 lex
615 4543 860 4615 »spiritualisbec
870 4551 923 4614 est,
966 4554 1034 4603 tunc
1043 4550 1135 4603 omnis
1147 4550 1233 4605 lsrael
1244 4549 1337 4604 salvus
1349 4550 1413 4606 erit.
1430 4570 1443 4602 a
1464 4552 1499 4606 Et
1517 4553 1647 4623 regnabit
1667 4556 1763 4611 Demi·

154 4629 457 4701 emgelicapredimtio
468 4629 504 4685 ad
517 4636 626 4700 gentes.
647 4652 658 4683 ι
675 4632 711 4687 Et
731 4631 847 4688 verbum
868 4635 936 4690 θοι
965 4654 1112 4710 nussuper
1122 4656 1179 4705 ees,
1195 4660 1207 4691 v
1223 4639 1252 4694 id
1267 4644 1309 4695 εει
1323 4657 1408 4712 super
1416 4647 1607 4713 congregatos,
1614 4644 1658 4697 sin
1667 4648 1762 4698 mente

155 4710 212 4781 mini,
225 4737 237 4770 v
252 4718 280 4772 id
299 4722 352 4784 est,
377 4718 466 4773 Filius
481 4717 533 4773 Dei
555 4719 658 4788 Patris,
671 4720 718 4791 qui
736 4726 780 4776 est
800 4721 924 4778 Verbum
967 4727 1045 4797 Sion,
1063 4728 1113 4782 »id
1132 4734 1175 4783 εει
1189 4728 1219 4782 in
1245 4728 1377 4794 Ecclesia,
1391 4745 1453 4800 qua
1481 4731 1567 4784 estin
1586 4732 1762 4803 contempla·

155 4797 204 4868 eius,
219 4825 229 4857 v
241 4807 275 4862 de
289 4807 477 4874 Hierusalem,
495 4827 507 4860 r
524 4808 576 4862 hee
588 4813 640 4875 est,
655 4808 691 4863 de
705 4809 811 4877 Judaea,
824 4811 859 4866 de
869 4829 924 4884 qua
965 4818 1043 4873 tiene
1052 4818 1115 4873 vitae
1128 4818 1308 4889 spiritualis«
1320 4819 1499 4873 Exboenuuc
1511 4825 1636 4893 etusque
1645 4821 1762 4877 inseter-

155 4900 241 4949 amem
254 4895 417 4967 assumpsit.
965 4923 1045 4976 num,
1063 4907 1175 4962 »idest
1200 4924 1217 4961 a
1234 4907 1335 4961 saeculo
1363 4909 1496 4978 presenti
1521 4925 1610 4981 usque
1631 4910 1662 4965 in
1688 4910 1763 4966 futu-

178 4981 452 5054 ‹litjudicabitinter
464 4985 583 5056 populos
594 4987 726 5042 multos.»
739 4988 830 5054 Quia«
841 4993 925 5046 Pater
965 5011 1038 5050 rum.

153 5077 193 5122 len
200 5070 301 5140 judicat
314 5088 495 5144 quemquam,
516 5075 566 5128 sed
579 5090 662 5129 omne
684 5076 819 5146 judicium
847 5079 925 5134 dedit
1002 5102 1016 5135 o
1027 5084 1060 5138 Et
1072 5084 1208 5147 tu,turris
1220 5084 1314 5154 gregis
1325 5083 1530 5151 nebulosa,liliu
1545 5087 1714 5161 Sien,usque
1726 5089 1762 5145 ad

153 5148 233 5212 lilio.»
252 5180 263 5213 ι
284 5161 461 5231 Etcerripiet
473 5163 762 5237 gentessertesusque
774 5166 803 5221 in
816 5167 925 5238 longia·
964 5177 992 5227 te
1004 5173 1105 5237 reniet,
1123 5177 1152 5226 et
1172 5173 1264 5227 veniet
1287 5181 1410 5245 potestas
1438 5177 1539 5247 prima,
1555 5193 1674 5248 regnum
1697 5179 1762 5235 iilia

153 5257 226 5312 qaum,
242 5250 316 5305 »boc
326 5255 378 5315 est,
394 5251 534 5321 sapientes
562 5259 591 5307 et
616 5254 796 5326 philosophos
817 5260 921 5325 saculi,
965 5259 1150 5315 Hierusalem.
1164 5282 1175 5312 ι
1188 5262 1305 5316 Turrem
1315 5265 1410 5334 gregis
1422 5265 1596 5333 nebulosam,
1610 5267 1702 5322 lecum
1717 5268 1763 5322 di·

153 5343 203 5398 lues
214 5338 420 5410 comprehendit
429 5339 458 5393 in
471 5341 575 5395 astutia
588 5358 696 5398 eorum.
707 5345 818 5400 iudicat
828 5354 923 5402 autem
963 5350 1010 5414 cit,
1026 5349 1074 5420 qui
1085 5348 1120 5402 eb
1134 5356 1302 5406 conventum
1318 5361 1474 5424 pasterum,
1490 5356 1575 5409 selber
1588 5355 1628 5426 (id
1644 5361 1761 5423 est,tur-

152 5426 253 5493 nouos,
271 5428 454 5484 discernende
465 5430 513 5501 qui
523 5431 581 5485 sint
592 5433 684 5487 salute
703 5434 791 5504 digni,
809 5435 857 5505 qui
876 5436 922 5491 in·
964 5438 1003 5493 ris
1011 5438 1114 5508 gregis)
1127 5438 1238 5495 dieitur.
1251 5442 1343 5498 Distat
1356 5450 1450 5498 autem
1463 5460 1519 5498 une
1532 5444 1662 5498 milliario
1677 5460 1695 5498 a
1709 5445 1762 5500 Be·

150 5505 217 5580 luni.
232 5515 291 5573 «Et
303 5517 452 5573 concident
463 5519 573 5589 gladios
591 5536 659 5575 euos
684 5522 714 5576 in
742 5538 878 5592 vomeres,
895 5530 924 5581 et
963 5527 1088 5582 thlehem
1102 5528 1295 5585 adorientem.
1312 5533 1344 5587 ln
1361 5533 1486 5588 hocloco
1497 5532 1587 5586 tribus
1600 5530 1760 5603 pasteribus
