3818 6104
66 184 133 245 1201
524 187 716 247 expostum
730 184 773 243 IN
785 182 1047 243 moenalusm.
1065 211 1099 228 -·
1112 182 1182 239 utu.
1197 181 1260 241 Vll.
1638 184 1708 245 ltus

65 320 126 368 tum
139 327 226 385 super
237 311 433 375 lundomenta.
447 311 515 386 quia
530 318 559 367 et
572 311 626 384 ipsi
642 315 751 367 montes
764 309 897 370 lunda-A
908 311 988 380 parte
998 303 1114 376 equalis
1123 308 1166 358 est
1182 303 1274 362 Tanta
1284 313 1328 363 est
1337 308 1589 382 itaquelongitudo
1599 314 1706 383 quante

65 410 162 457 menta
176 418 236 457 esse
254 407 418 458 noscuntur,
908 401 937 449 et
950 393 1070 448 latitudo
1086 411 1092 446 :
1115 394 1180 464 quia
1195 402 1300 466 quanta
1318 403 1362 453 est
1381 399 1460 464 tides,
1474 404 1555 454 tanta
1573 407 1617 455 est
1628 416 1703 472 spes,

101 492 134 546 Et
161 496 212 560 que·
230 494 392 560 loquebatur
421 507 539 556 mesura,
567 489 681 544 babebat
704 503 866 543 mensuram
906 493 987 543 tenta
1002 487 1706 563 charitas.tantanibilominusetoperstio.Quan-

66 583 390 642 amnemamnem,
401 585 432 633 ut
442 581 745 634 metireturcicitutem.
756 578 807 631 llic
817 592 866 630 an·
906 582 966 631 turn
987 576 1062 630 enim
1082 576 1350 635 credimus.tantum
1368 595 1507 647 eieramus,
1524 589 1553 636 et
1567 589 1705 653 quantum

65 670 147 738 gelus
154 675 252 739 typum
264 668 313 722 filii
323 667 373 721 Dei
384 667 507 732 tenebat,
516 667 583 737 qnia
590 665 686 720 emnia
695 681 828 719 mensura
837 671 866 719 et
906 681 1045 723 amamus.
1061 669 1172 718 tantum
1189 665 1224 719 de
1238 682 1287 737 spe
1302 667 1514 738 praesumiums3
1530 675 1560 724 et
1574 670 1604 725 in
1618 686 1707 741 qaan-

65 771 186 810 numero
200 756 331 827 disponit.
344 756 416 810 Nam
428 772 478 827 per
491 754 670 817 arundinem,
684 754 806 808 divinam
819 753 866 808 de·
905 759 965 808 tum
981 769 1031 824 per
1044 768 1123 824 spem
1137 753 1174 807 ad
1187 770 1310 825 superna
1324 755 1469 826 erigimur.
1482 761 1593 813 tanturn
1606 775 1657 829 per
1665 759 1707 815 di·

64 843 165 898 bemus
178 845 335 914 intelligere
349 844 594 915 pradicationem
610 844 679 914 quia
691 843 766 897 enim
781 858 865 897 arun·
904 841 1053 896 lectionem
1064 842 1138 896 circa
1144 842 1233 896 Deum
1242 849 1271 897 ct
1281 844 1439 913 proximum
1450 846 1636 912 extendimur,
1643 853 1707 904 tan·

67 933 132 987 dine
144 933 286 997 scribitur,
303 939 378 988 recte
393 950 444 1005 per
458 933 625 987 arundinem
642 932 787 1003 Scriptura
798 947 865 985 san·
904 937 1022 1001 tumque
1038 931 1128 1001 ipsam
1143 931 1238 997 fidem,
1254 948 1331 1002 spem
1348 940 1377 987 et
1390 934 1558 989 charitatem
1574 935 1707 1007 operibus

66 1026 111 1074 cta
126 1021 304 1092 intelligitur.
316 1021 351 1076 ab
361 1021 499 1076 efficiente
514 1021 644 1075 videlicet
654 1021 724 1075 illud
739 1020 811 1091 quod
823 1020 865 1075 el·
905 1035 1041 1074 exornare
1059 1018 1215 1073 studemus.
1232 1020 1370 1076 Similiter
1381 1023 1574 1094 unusquisque
1594 1028 1707 1080 tantum

66 1110 171 1165 ficitur.
189 1111 247 1164 Hac
261 1111 357 1182 itaque
371 1111 519 1170 arundine.
536 1110 565 1164 id
588 1115 631 1163 est
645 1109 739 1163 divisio
753 1109 865 1180 eloquio
906 1109 1028 1179 prudens
1042 1113 1095 1174 est,
1114 1113 1251 1178 quantum
1271 1115 1441 1181 temperans,
1457 1111 1538 1166 fortis
1554 1117 1582 1167 et
1593 1114 1701 1184 J'nstus.

67 1199 159 1268 tangit
169 1205 198 1253 et
214 1200 355 1254 illuminat
367 1200 441 1255 Deus
452 1200 537 1253 corda
550 1199 686 1263 fidelium,
698 1197 792 1268 ibique
805 1214 868 1268 per·
906 1196 1027 1251 Tantum
1043 1201 1215 1266 temperans,
1233 1205 1370 1268 quantum
1385 1201 1607 1271 prudens‚fortin
1622 1207 1649 1256 et
1661 1204 1707 1274 ju·

65 1288 165 1358 pendit
174 1289 328 1343 etmetitur
337 1289 413 1343 facta
420 1287 597 1358 singulorum
608 1293 694 1357 atque
704 1287 864 1358 proiectus:
908 1292 978 1338 stus.
994 1285 1115 1338 Tantum
1136 1285 1226 1351 lorus,
1244 1293 1379 1356 qnantum
1395 1289 1528 1360 prudens,
1544 1294 1707 1361 temperans

68 1378 137 1431 dum
148 1378 195 1431 alii
204 1377 303 1431 tribuit
314 1393 472 1431 sermonem
484 1376 638 1447 sapientia,
647 1375 696 1430 alii
704 1375 868 1446 generaliu-
908 1378 936 1428 et
948 1375 1051 1443 justus.
1063 1374 1184 1428 Tantum
1193 1376 1298 1444 justus,
1308 1384 1445 1447 quantum
1457 1378 1591 1448 prudens,
1600 1386 1707 1451 tempe·

63 1481 185 1535 guarum
198 1473 249 1520 etc.
263 1466 330 1530 Qua
341 1481 475 1519 mensura
485 1465 642 1518 arundinea
655 1479 742 1518 aurea
751 1463 863 1525 dicitnr,
905 1477 982 1526 rans,
995 1460 1075 1514 fortis
1089 1461 1183 1515 luerit.
1196 1463 1230 1516 ls't
1246 1479 1356 1517 mensns
1368 1470 1407 1518 est
1421 1468 1561 1519 civitatem
1572 1467 1605 1520 de
1618 1482 1708 1521 arun·

66 1561 182 1624 propter
193 1555 349 1608 claritatem
365 1553 465 1607 divinae
481 1552 636 1623 sapientise,
649 1568 710 1622 quae
725 1553 754 1605 in
766 1552 867 1622 pleris-
908 1551 974 1602 diere
987 1564 1075 1602 aurea
1087 1564 1138 1616 per
1152 1551 1243 1603 stadio
1257 1552 1400 1605 duodecim
1414 1555 1518 1608 mittio.
1532 1553 1595 1607 Jam
1609 1554 1707 1609 civitas

65 1659 120 1713 que
136 1642 202 1696 locis
213 1658 283 1696 auro
296 1641 444 1711 liguratur.
462 1641 543 1694 Unde
558 1644 618 1694 est:
633 1643 751 1707 Accipite
761 1622 898 1708 septen-B
910 1636 1032 1691 Ecclesia
1054 1637 1231 1706 intelligitur,
1251 1640 1360 1694 arundo
1386 1640 1514 1695 doctrina
1535 1642 1707 1713 evangelice.

76 1732 145 1782 tium
160 1732 230 1782 sicut
244 1743 359 1781 curum.
376 1727 428 1781 Hic
442 1727 537 1798 itaque
550 1726 688 1781 arundine
701 1727 820 1780 metitur
833 1726 870 1780 ci·
910 1726 998 1779 Porro
1012 1741 1062 1796 per
1071 1726 1163 1779 stadia
1175 1726 1322 1781 duodecim
1338 1727 1427 1782 millia
1436 1745 1534 1783 omnes
1548 1731 1710 1802 exprimun-

73 1817 200 1873 vitatem.
219 1816 247 1871 id
272 1821 316 1871 est
337 1815 523 1870 universalem
547 1815 709 1869 Ecclesiam.
726 1816 758 1869 Et
775 1820 870 1882 portas
910 1819 958 1868 tur
969 1813 1128 1868 laborantes
1138 1814 1167 1868 in
1177 1813 1312 1870 Ecclesia.
1324 1816 1377 1871 Per
1388 1818 1511 1872 stadium
1522 1818 1625 1890 quippe
1636 1819 1708 1874 illud

74 1908 142 1973 ejus,
159 1906 187 1959 id
200 1910 241 1959 cet
253 1904 380 1959 doctores
390 1911 419 1959 et
433 1904 597 1975 prepositos
609 1903 747 1958 Ecclesiae.
761 1904 793 1956 et
806 1920 869 1957 mu-
910 1902 1080 1973 intelligitur
1089 1903 1162 1973 quod
1177 1904 1207 1958 in
1221 1904 1312 1959 stadio
1327 1906 1430 1976 agitur,
1443 1906 1471 1960 id
1485 1911 1537 1968 eet,
1552 1923 1603 1977 per
1614 1907 1707 1963 locum

74 2009 151 2058 rnen,
163 1993 294 2059 civitatis,
311 1993 339 2048 in
354 2009 409 2063 quo
424 1993 493 2047 nihil
506 1992 583 2046 eliud
599 2008 683 2063 quam
698 1991 759 2062 ipsa
772 1991 870 2046 ciritae
911 1991 1027 2046 laboret
1040 1993 1187 2062 praemium
1203 1993 1402 2049 laborantium.
1412 1995 1482 2049 llinc
1498 1994 1604 2051 Paulus
1619 1997 1707 2052 dicit:

72 2081 214 2152 intelligit.
910 2081 1026 2134 Nescitis
1036 2082 1147 2148 quodni
1156 2084 1206 2149 qui
1215 2085 1345 2137 lastadio
1355 2089 1485 2147 uerrunt,
1495 2087 1707 2153 omnesquidem

108 2172 143 2225 Et
152 2175 249 2225 ciuitas
259 2174 291 2225 in
301 2173 408 2240 quadro
417 2175 562 2239 posilnest.
575 2171 607 2225 ln
621 2169 759 2241 quadrata
767 2170 868 2239 ligura,
910 2174 1041 2234 currunt,
1052 2171 1098 2223 sed
1113 2185 1186 2223 cerras
1200 2173 1300 2239 occipit
1314 2172 1442 2226 trecium
1454 2175 1481 2243 (l
1490 2173 1551 2229 Gor.
1560 2183 1601 2238 ut.
1616 2173 1709 2230 Lebo-

73 2275 129 2313 non
142 2259 219 2314 aliud
232 2260 307 2314 latus
323 2261 415 2330 maius
429 2266 481 2325 est,
497 2259 574 2313 aliud
589 2259 691 2319 minus,
704 2260 754 2312 sed
769 2263 871 2312 cuncta
911 2263 976 2310 rant
990 2257 1087 2328 itaque
1101 2257 1182 2311 electi
1195 2258 1225 2311 in
1239 2258 1341 2323 stadio,
1356 2260 1409 2314 hoc
1422 2267 1473 2325 est,
1486 2261 1517 2315 in
1528 2261 1709 2334 laborepree·

71 2348 156 2402 simul
170 2356 292 2419 quatuor
304 2349 404 2413 latera,
420 2348 520 2419 oeqnali
537 2348 628 2418 spatio
640 2347 870 2401 tenduntn1·.Per
909 2346 998 2399 sentis
1012 2345 1086 2410 vita,
1101 2352 1134 2400 ut
1152 2345 1278 2401 bravium
1293 2364 1422 2418 supernae
1436 2348 1628 2405 retributionis
1641 2367 1708 2422 pos-

69 2437 130 2491 haec
148 2443 243 2491 autem
270 2441 392 2508 quatuor
417 2438 516 2502 latera,
537 2436 671 2490 debemus
698 2435 866 2505 intelligere,
908 2434 965 2488 sint
979 2434 1207 2506 percipere.Nam
1222 2440 1251 2490 et
1265 2452 1316 2506 per
1329 2436 1476 2491 duodecim
1490 2438 1580 2492 millia
1594 2455 1707 2496 summa

69 2543 158 2596 spem,
191 2526 286 2592 fidem,
316 2525 484 2580 charitatem
516 2531 545 2579 et
574 2524 775 2595 operationem,
806 2540 868 2595 quae
908 2522 1061 2578 electorum
1078 2524 1245 2594 exprimitur
1270 2525 1465 2580 Duodenarius
1480 2526 1555 2580 enirn
1570 2543 1706 2584 numems

71 2614 279 2685 aequaliesunt:
291 2615 358 2686 quis
367 2612 801 2685 unusquisquefidelisquantum
810 2628 869 2667 cre·
908 2610 1012 2666 idcirco
1022 2613 1161 2682 perlectus
1173 2612 1303 2679 habetur,
1312 2615 1379 2685 quia
1389 2631 1421 2669 ex
1432 2616 1547 2671 denario
1558 2622 1589 2672 et
1596 2617 1706 2674 binario

70 2702 112 2755 dit
126 2708 236 2757 tantum
249 2710 354 2774 sperat,
362 2707 473 2757 tautum
484 2708 563 2756 amat
573 2708 602 2757 et
611 2709 754 2774 operatur.
765 2700 869 2756 Simili·
908 2704 1033 2763 constat;
1043 2701 1176 2756 denarius
1186 2703 1309 2772 pertinet
1317 2704 1352 2758 ad
1363 2703 1458 2758 decem
1471 2707 1704 2778 praeceptalegis:

70 2795 115 2843 ter
128 2797 264 2860 quantum
278 2796 382 2862 sperat,
394 2794 505 2844 tantum
520 2789 620 2850 credit.
631 2795 742 2845 tantum
752 2795 830 2844 amat
839 2794 869 2844 et
908 2788 1036 2843 binarius
1047 2789 1083 2843 ad
1093 2790 1149 2844 duo
1162 2790 1321 2846 dilectionis
1333 2798 1483 2864 precepta,
1492 2794 1522 2848 in
1532 2795 1634 2866 quibus
1645 2800 1708 2853 tota

71 2886 213 2948 operatur.
235 2877 352 2939 Iterum,
376 2884 487 2933 tantum
510 2883 588 2932 amat
609 2884 745 2950 quantum
768 2876 865 2944 credit,
908 2878 952 2932 lex
966 2878 1070 2949 pendet
1083 2882 1112 2931 et
1125 2879 1277 2950 prophetae.
1300 2878 1365 2935 Sive
1378 2880 1483 2936 idcirco
1498 2882 1638 2953 perfectus
1652 2884 1706 2939 ha·

72 2972 209 3038 quantum
224 2961 327 3038 sperat,
341 2970 477 3038 quantum
487 2974 628 3038 operatur.
635 2968 757 3023 Tantum
768 2928 1000 3038 ορονο-Οδοὶιιν,
1016 2965 1083 3037 quia
1107 2981 1140 3020 ex
1160 2965 1287 3037 partibus
1306 2969 1460 3038 septenarii
1479 2971 1626 3026 coniicitur
1643 2988 1706 3044 ques

69 3054 367 3126 tnrquantumcredit.
376 3063 511 3126 quantum
520 3060 865 3127 amat.quautumsperat.
908 3060 975 3108 sunt
985 3054 1042 3108 tria
1056 3059 1085 3110 et
1099 3062 1229 3125 quatuor.
1242 3054 1393 3111 'Pecuarius
1406 3057 1481 3112 enim
1494 3059 1529 3113 ad
1544 3059 1628 3115 tidem
1642 3077 1706 3117 san·

72 3143 151 3198 Bene
160 3150 255 3198 autem
264 3144 386 3198 Ecclesia
396 3144 425 3199 in
435 3144 543 3216 quadro
555 3144 646 3216 posita
655 3160 715 3199 esse
725 3158 865 3198 memora·
907 3147 958 3198 ctae
976 3143 1123 3198 Trinitatis
1148 3143 1288 3209 refertum
1310 3146 1508 3215 quaternarius
1527 3149 1562 3203 ad
1582 3155 1705 3220 quatuor

63 3239 120 3291 tur.
131 3233 247 3302 quinest
257 3233 374 3287 robusta
382 3249 433 3304 per
442 3231 863 3304 ildemlonganimisperspem,
906 3231 1067 3303 Evangelia.
1087 3231 1264 3288 millenarius
1286 3249 1398 3304 quoqne
1413 3234 1552 3305 perlectus
1569 3254 1704 3296 numerus

63 3321 159 3393 ampla
185 3337 235 3392 ρον
257 3320 436 3386 charitatem,
460 3320 557 3375 efficax
579 3337 630 3393 per
653 3321 858 3392 operationem.
904 3320 1071 3384 ostenditur,
1083 3321 1150 3393 quia
1159 3321 1269 3376 denarii
1278 3322 1389 3377 numeri
1400 3324 1570 3394 quadratum
1581 3327 1704 3384 solidum

63 3410 177 3466 Habent
190 3411 276 3466 etiam
298 3411 401 3482 singuli
416 3411 541 3467 fidelium
563 3412 659 3472 tidem.
675 3429 730 3484 qua
743 3413 864 3468 crodunt
903 3409 1012 3477 reddin
1034 3409 1126 3464 decies
1140 3410 1216 3465 enim
1231 3410 1341 3466 centeni
1360 3413 1433 3466 liunt
1451 3413 1537 3469 mille.
1553 3417 1646 3487 Atque
1659 3416 1704 3472 id·

64 3516 126 3571 quae
144 3499 238 3554 videre
257 3515 313 3553 non
332 3507 459 3571 possunt.
477 3499 569 3555 Deum
588 3500 696 3556 scilicet
713 3501 819 3556 trinum
833 3501 862 3555 in
903 3497 978 3552 circo
993 3498 1168 3553 millenarius
1179 3514 1314 3552 numerus
1327 3499 1467 3568 perfectus
1481 3506 1533 3555 est.
1544 3502 1626 3557 Unde
1633 3504 1704 3560 dici·

63 3589 190 3660 personis
198 3594 226 3643 et
237 3604 324 3643 unum
334 3588 363 3643 in
374 3589 530 3658 majestate.
539 3587 649 3643 Habent
659 3597 688 3643 et
697 3589 863 3659 spem‚quia
902 3590 971 3640 tur:
994 3586 1070 3640 Verbi
1088 3588 1161 3653 quod
1179 3586 1324 3639 mandauit
1347 3589 1380 3640 in
1406 3589 1484 3641 mitte
1501 3595 1700 3660 persecutiones,

64 3684 178 3748 sperant
195 3693 275 3748 posse
296 3693 326 3731 ee
344 3677 503 3748 pertingere
518 3675 553 3729 ad
568 3675 638 3730 illud
653 3675 727 3746 quod
741 3675 861 3730 necdum
901 3689 953 3743 ρον
963 3688 1033 3742 quas
1043 3672 1256 3742 generationum
1269 3672 1437 3728 universitas
1446 3676 1619 3748 exprimitur,
1629 3678 1704 3744 Quia

63 3765 168 3820 vident.
186 3766 296 3820 Habent
315 3780 427 3836 quoque
447 3763 624 3827 chantatem,
647 3762 675 3816 id
698 3767 742 3816 est
764 3762 813 3818 Dei
834 3767 863 3817 et
902 3760 990 3830 igitur
1016 3760 1206 3814 duodenarius
1233 3760 1292 3815 sive
1319 3760 1494 3818 millenarius
1517 3780 1653 3823 numerus
1671 3767 1702 3825 iu

63 3854 182 3925 proximi
196 3855 384 3909 dilectionem.
399 3851 506 3917 Quibus
519 3850 678 3917 virtutibus,
694 3855 727 3905 ut
739 3850 863 3922 perfecta
902 3863 981 3902 sacro
1010 3849 1122 3919 eloquio
1150 3865 1200 3919 pro
1229 3849 1399 3921 perfectione
1424 3853 1548 3923 ponitur,
1567 3860 1643 3911 recte
1671 3857 1701 3913 in

62 3943 100 3996 sit
118 3942 173 3995 sita
187 3943 310 4007 illorum,
323 3941 489 4012 adjungitur
501 3940 636 4011 operatio,
648 3938 709 3994 sine
723 3955 780 4010 qua
793 3939 863 3994 sides
903 3935 1049 3991 duodecim
1065 3937 1189 3993 millibus
1206 3954 1317 3994 summa
1330 3939 1510 4010 perfectionis
1524 3942 1638 3998 illorum
1652 3960 1702 3999 οι-

63 4037 238 4094 mortuaest,
252 4032 327 4085 unde
339 4030 459 4085 lacobus
468 4029 612 4099 apostolus
623 4048 629 4083 :
642 4030 719 4082 Fides
731 4031 790 4082 sice
803 4043 863 4096 ope·
903 4027 1044 4098 primitur,
1063 4027 1111 4098 qui
1129 4027 1295 4098 decalogum
1315 4028 1385 4099 legis
1403 4044 1466 4083 cum
1486 4029 1636 4085 dilectione
1649 4031 1701 4088 Dei

62 4122 141 4174 ribus
163 4122 254 4176 otiosa
276 4127 320 4175 est
335 4123 402 4186 (loc.
418 4124 463 4187 ιι).
484 4119 547 4174 Sise
566 4118 653 4172 etiam
672 4134 723 4189 per
741 4123 863 4188 quatuor
903 4121 930 4170 et
942 4116 1062 4187 pmximi
1076 4117 1204 4187 implent.
1221 4116 1362 4188 iidemque
1376 4123 1479 4172 sanctae
1491 4117 1639 4174 Trinitatis
1650 4136 1701 4176 cu-

63 4209 153 4263 latera
167 4210 447 4280 civitatispossumns
460 4207 620 4278 intelligere
635 4212 756 4279 quatuor
769 4205 1038 4301 virtu-Detodinnt,
1061 4210 1090 4260 et
1108 4205 1160 4259 hoc
1182 4205 1337 4259 secundnm
1362 4206 1560 4261 anctoritatem
1580 4213 1702 4279 quatuor

62 4304 104 4351 tes
114 4298 291 4370 principales.
299 4297 477 4368 prudentiam
486 4295 859 4366 videlicettemperantiam,
903 4292 1127 4365 Evangeliorum.
1140 4294 1198 4348 llos
1210 4294 1326 4349 metitur
1338 4295 1413 4349 Deus
1425 4295 1601 4368 omnipotens
1615 4313 1702 4353 ernn-

61 4385 255 4440 l'ortitndinem
277 4390 362 4456 atque
380 4384 530 4455 justitiam.
547 4383 615 4448 Quae
629 4383 670 4437 ita
683 4382 787 4438 debent
800 4400 861 4438 esse
902 4383 977 4449 dine,
992 4383 1058 4454 quia
1073 4381 1223 4454 unicuique
1236 4383 1390 4439 secundum
1403 4385 1588 4457 capacitatem
1602 4387 1646 4442 sui
1658 4388 1702 4443 in-

60 4474 89 4528 in
107 4474 211 4536 electis,
229 4479 261 4528 ut
275 4491 332 4529 una
355 4475 472 4528 alteram
496 4488 552 4527 non
567 4473 692 4527 excedat.
708 4473 863 4528 Prudentia
902 4472 1030 4526 tellectus
1040 4470 1183 4527 distribuit
1190 4472 1346 4527 doctrinam
1353 4473 1700 4532 scientia-Omnestsmen

60 4563 164 4633 quippe
183 4568 227 4617 est
241 4563 357 4618 scientia
371 4563 401 4617 in
424 4561 590 4634 appetendis
604 4561 685 4617 bonis
699 4566 729 4616 et
742 4561 861 4617 vitandis
903 4576 972 4631 quos
979 4561 1071 4630 tangit
1078 4560 1106 4614 in
1117 4560 1162 4615 his
1168 4576 1230 4632 quae
1239 4566 1407 4632 acceperunt
1414 4562 1551 4633 perfectos
1560 4564 1698 4633 ostendit3
1774 4613 1776 4617 .

60 4651 152 4705 malis.
170 4651 222 4706 cui
236 4651 321 4706 debet
333 4651 466 4722 conjungi
482 4667 533 4706 scu
549 4650 689 4723 coaequari
703 4657 862 4722 temperan·
902 4654 931 4703 et
940 4648 1134 4720 unusquisque
1145 4650 1220 4721 quod
1229 4665 1286 4704 non
1295 4649 1701 4721 accepitinse,perchsritatis

64 4739 115 4802 tia,
132 4740 198 4810 qnia
217 4755 274 4795 non
295 4744 339 4794 est
362 4740 487 4811 perlecta
503 4739 663 4811 prudentia,
680 4739 735 4794 nisi
749 4739 863 4795 studeat
903 4738 1027 4794 studium
1043 4737 1169 4810 possidet
1190 4738 1220 4792 in
1240 4737 1340 4803 altero,
1356 4743 1389 4792 ut
1404 4754 1437 4791 ex
1456 4738 1554 4793 multis
1567 4739 1701 4797 membris

64 4827 150 4881 homo
178 4829 357 4899 semetipsum
380 4832 550 4900 temperare,
573 4832 603 4882 et
628 4843 646 4882 a
673 4827 863 4899 voluptatibus
903 4842 992 4881 unum
1008 4826 1147 4881 efficiatur
1159 4841 1271 4897 corpus.
1281 4825 1344 4891 Vel,
1354 4826 1427 4880 sicut
1440 4825 1632 4896 supradictum
1645 4833 1700 4898 est,

64 4916 149 4970 istius
169 4916 263 4970 saculi
285 4916 439 4972 retrahere.
461 4915 542 4981 Quod
564 4931 628 4970 cum
652 4915 760 4982 fecerit,
780 4915 864 4972 debet
904 4914 952 4969 alii
960 4913 1096 4970 tribuitur
1104 4929 1197 4969 sermo
1207 4913 1342 4983 scientia,
1353 4912 1401 4968 alii
1411 4929 1518 4984 genera
1527 4913 1699 4986 linguarum,

64 5005 169 5059 habere
183 5003 386 5067 fortitudinem,
402 5003 519 5059 utillud
532 5004 605 5075 quod
619 5003 761 5075 intelligit.
778 5020 863 5077 opere
904 5009 958 5059 etc.
975 5003 1010 5057 Et
1021 5002 1050 5057 hi
1064 5002 1129 5057 licet
1141 5018 1198 5057 non
1212 5002 1367 5073 aqualiter,
1383 5001 1451 5074 quia
1464 5006 1496 5056 ut
1508 5001 1647 5059 Dominus
1660 5005 1702 5061 di-

63 5093 201 5164 perficiat.
224 5089 331 5145 Deinde
353 5090 438 5146 etiam
456 5091 540 5146 debet
554 5092 697 5163 possidere
708 5092 861 5163 justitiam,
903 5090 956 5146 cit:
971 5093 1004 5147 la
1013 5093 1192 5146 domoPatn'e
1200 5093 1255 5144 met
1263 5093 1420 5145 masteces
1430 5092 1524 5145 multe
1531 5097 1599 5147 sunt
1606 5094 1696 5161 (leun.

65 5191 207 5249 quatenus
225 5188 306 5234 actus
325 5194 391 5233 suos
403 5179 445 5234 ita
458 5185 607 5252 temperet.
623 5198 659 5236 ne
673 5182 759 5236 nimie
770 5184 865 5253 justus
904 5183 974 5248 xlv),
997 5185 1094 5235 tamen
1112 5195 1210 5234 omnes
1229 5194 1356 5250 supernae
1374 5179 1610 5236 remunerationis
1627 5198 1701 5254 pras·

64 5273 94 5319 et
109 5269 257 5339 plusquam
271 5271 401 5338 oporteat
413 5267 525 5339 sapiens
539 5267 595 5323 sibi
609 5269 744 5325 videatur.
761 5271 861 5338 denqi-
903 5268 989 5323 mium
1002 5267 1161 5339 percepturi
1170 5275 1246 5323 sunt.
1256 5267 1310 5322 Sed
1321 5283 1385 5323 cum
1396 5283 1467 5322 noro
1476 5269 1593 5325 consilio
1603 5276 1702 5326 auctor

67 5357 131 5408 tudo
144 5360 203 5424 ejus
217 5361 296 5411 tanto
309 5361 348 5410 est
361 5361 469 5424 quanto
480 5362 506 5410 et
522 5358 649 5412 latitudo.
662 5358 773 5427 Repetit
787 5358 862 5430 quod
902 5362 932 5413 et
944 5357 1122 5428 dispensator
1131 5363 1227 5410 noster
1238 5355 1303 5410 huic
1314 5356 1364 5411 illa
1374 5356 1585 5429 largiatur‚qure
1595 5357 1643 5411 elii
1653 5357 1701 5414 de·

66 5442 259 5512 supradictum
282 5451 334 5502 est.
359 5444 426 5517 quie
448 5445 586 5516 quadrata
609 5447 702 5517 ligura
726 5463 759 5501 ex
786 5446 864 5502 omni
902 5452 1094 5516 negeaextra
1106 5460 1269 5499 mensuram
1284 5445 1433 5506 arundinis
1447 5444 1542 5516 egredi
1555 5460 1612 5500 non
1625 5444 1704 5503 vide
