3818 6104
125 302 180 361 297
594 300 802 358 Ennhhnl'lo
822 297 862 351 IN
881 297 1038 352 coh't'ltht
1057 300 1300 355 cantaturum.
1711 303 1764 360 298

128 426 158 482 id
173 434 217 484 est
227 428 411 483 tabernacula
422 427 639 498 Salomonisqui
651 425 783 496 pacificus
793 423 959 492 ihterpre·ll
970 424 1218 491 persecutionibus.
1239 424 1367 478 obsecrat
1375 441 1507 494 sponsum
1523 442 1604 480 suum
1616 433 1647 481 ut
1659 425 1765 482 sidicat

128 521 215 577 tatur,
229 518 523 589 quoniamdignaerat
538 516 729 570 risitatmneet
739 511 928 567 consolatione
969 509 996 562 in
1010 529 1128 581 quorum
1139 512 1278 566 tractatibus
1289 515 1455 584 requiescat.
1466 516 1537 569 Nam
1546 515 1648 569 cubare
1659 516 1763 584 sponsi,

131 608 225 676 sponsi
240 607 285 660 sui
301 603 649 673 Christiinterangnstias.
664 603 696 655 Et
711 600 782 654 sicut
797 604 926 653 tcrlrerna·
970 601 1144 669 requiescere
1154 608 1205 662 est,
1216 601 1288 654 sicut
1303 603 1362 672 ipse
1375 602 1443 656 dicit
1458 621 1464 654 ι
1488 624 1498 652 o
1518 604 1608 673 Super
1622 620 1704 674 quem
1720 620 1764 656 re-

132 695 192 748 cula
202 713 235 750 ex
247 695 368 767 pellibus
379 701 553 746 mortuorum
565 694 635 745 huot
645 691 819 749 aninmlium,
833 689 872 742 ita
883 689 930 741 lic·
971 688 1088 758 quiescit
1111 690 1225 760 spiritus
1246 707 1333 754 incus,
1352 710 1362 741 a
1381 697 1433 744 etc.
1451 692 1492 745 Ne
1504 692 1579 745 enim
1592 692 1681 746 sancti
1696 698 1766 746 aestu
1824 692 1835 705 ’

134 783 224 841 alesia.
237 783 451 837 tabernaculum
465 781 592 834 videlicet
602 780 697 842 Deles
707 777 931 833 hisconstruitur
971 778 1278 839 tentauionisaresrant,
1288 779 1382 849 ipsein
1393 797 1490 833 eorum
1503 780 1632 834 cordibus
1647 780 1731 834 cubat
1739 788 1768 834 et

136 872 179 940 qni
189 871 454 942 seipsoscumritiis
464 876 492 923 et
502 868 732 939 concupiscentiis
748 869 927 921 mortificant.
970 865 1121 941 requiescit
1148 873 1231 936 atque
1252 867 1288 919 ah
1304 868 1379 920 enini
1406 868 1513 921 terrore
1536 870 1722 922 tentationum
1739 875 1768 923 et

170 962 286 1015 cNolitc
297 978 341 1014 me
354 959 532 1013 considerare
542 957 614 1028 quod
625 956 839 1025 luscasimquin
849 955 929 1007 deco·
972 955 1197 1022 persecutionum
1210 958 1339 1024 protegit.
1352 957 1524 1020 Quarehoc?
1541 976 1553 1007 c
1564 958 1606 1011 Ne
1616 958 1711 1027 rugari
1726 957 1767 1011 in-

142 1049 233 1103 lorarit
255 1050 399 1103 mosol.»
426 1048 564 1102 Oanimae
580 1047 675 1099 fideles
688 1052 717 1099 et
730 1046 835 1098 derotae
864 1045 930 1108 heo,
972 1041 1768 1116 cipiampostgregessodaliumtuormn.»Gregcssoda

147 1140 247 1192 «nolite
259 1155 304 1191 me
314 1137 492 1191 considerare
502 1136 573 1205 quod
587 1135 738 1192 susensim,
749 1133 794 1186 rid
805 1131 929 1202 estquod
974 1130 1040 1183 lium
1055 1132 1177 1201 appellnt
1192 1133 1383 1187 conventicula
1393 1135 1768 1206 haereticorumquisodales

148 1225 565 1295 tribulationibusalliciar.quod
582 1222 822 1295 persecutionibus
836 1221 930 1292 oppri·
972 1219 1232 1291 Clirrstisuut,quia
1244 1229 1272 1274 et
1286 1222 1337 1292 ipsi
1353 1239 1454 1292 greges
1469 1239 1535 1276 suos
1547 1229 1673 1293 pascunt.
1686 1223 1769 1278 ldest

152 1319 296 1388 nunquia
311 1315 482 1370 decolorarit
493 1331 536 1368 me
549 1314 656 1367 soloid
672 1321 714 1366 est
729 1310 931 1383 persecutionis
972 1324 1072 1362 seusus
1122 1310 1274 1380 Osponse,
1293 1311 1594 1365 indiamihisanclos
1617 1318 1645 1365 et
1666 1313 1769 1366 electos
1849 1348 1861 1367 .

154 1407 227 1460 lerror
242 1422 333 1458 meum
349 1404 525 1475 splendorem
541 1401 747 1472 quodammodo
767 1399 928 1453 obfuscavit.
972 1401 1046 1461 tuos,
1070 1415 1104 1451 ne
1120 1401 1191 1452 lorte
1206 1400 1344 1453 ollenclam
1368 1407 1396 1453 et
1410 1399 1551 1453 incurram
1569 1401 1597 1454 in
1614 1401 1769 1465 haereticos,

159 1495 316 1549 hcsidieeret
335 1493 519 1548 :Interiorem
537 1490 774 1561 pulchritudinem
787 1506 876 1542 ineam
888 1505 932 1541 co·
973 1491 1076 1555 putans
1092 1494 1119 1539 te
1134 1504 1176 1540 me
1190 1487 1226 1540 ibi
1241 1505 1322 1558 posse
1338 1489 1472 1542 invenire.
1491 1490 1571 1543 llunc
1586 1506 1696 1543 versum
1709 1506 1771 1543 ma·

160 1585 233 1654 gitate.
250 1590 277 1637 et
287 1583 362 1635 illam
374 1581 522 1641 attendite,
534 1596 589 1633 non
606 1580 682 1633 illam
698 1595 782 1649 quam
798 1577 864 1630 soris
875 1577 931 1648 pati
974 1573 999 1626 lc
1015 1574 1139 1628 haeretici
1150 1574 1369 1646 distinguebant,
1386 1583 1520 1647 tamquam
1537 1577 1772 1647 sponsainterro-

162 1673 240 1726 videor.
248 1672 313 1727 Tale
328 1677 369 1725 cst
379 1671 453 1740 quod
463 1677 491 1722 et
501 1669 649 1739 Apostolus
663 1669 730 1720 dicit
747 1686 752 1720 2
765 1667 858 1721 Nolite
866 1666 932 1720 dcli·
973 1668 1054 1732 garet
1071 1681 1078 1717 :
1093 1664 1145 1719 Ubi
1159 1681 1266 1734 pascas,
1280 1664 1326 1719 ubi
1341 1665 1447 1719 cubes?
1460 1673 1488 1718 ct
1499 1667 1558 1736 ipse
1569 1667 1751 1737 responderet
1763 1685 1768 1718 :

164 1778 209 1816 carc
221 1761 245 1814 in
257 1758 483 1813 tribulationibus
492 1757 561 1810 meis
573 1774 622 1826 pro
633 1756 719 1820 robis,
737 1773 797 1826 qtue
813 1764 856 1809 est
871 1755 931 1824 glo·
945 1733 1008 1806 Bln
1025 1751 1143 1805 meridie
1160 1754 1230 1807 cubo
1243 1760 1271 1807 et
1284 1753 1312 1807 in
1328 1755 1445 1808 australi
1466 1763 1555 1825 parte.

165 1851 195 1904 ria
203 1856 289 1903 restra.
307 1849 369 1902 Non
385 1848 458 1900 enim
475 1853 542 1900 sunt
552 1845 698 1915 condigna
713 1845 866 1914 passiones,
877 1850 929 1897 etc.
1015 1867 1022 1888 ·
1040 1841 1068 1896 Si
1083 1841 1197 1912 ignoras
1208 1851 1245 1906 te,
1258 1844 1401 1914 opulchra
1412 1844 1771 1914 intermulieres,egredere

167 1939 199 1993 Sol
210 1946 290 1992 autem
307 1937 334 1990 in
354 1935 505 2007 Scripturis
521 1935 622 1988 multos
647 1934 729 1987 habet
751 1950 849 1987 sensus
873 1933 932 1986 nli·
975 1935 1004 1983 ct
1017 1929 1062 1984 abi
1077 1937 1141 2002 post
1156 1932 1271 2002 vestigia
1287 1948 1415 2002 gregum.
1434 1953 1446 1981 a
1463 1932 1518 1985 llos
1532 1931 1627 2002 sponsi
1642 1933 1771 2001 adspon·

168 2024 545 2096 quandosignihcatipsumDei
555 2023 736 2076 mediatorem
749 2022 931 2076 etheminnm
975 2035 1034 2072 sam
1051 2036 1130 2073 suam
1148 2021 1297 2074 Ecclesiam
1315 2023 1372 2075 :hc
1382 2021 1405 2075 si
1421 2021 1541 2075 diceret:
1553 2023 1594 2076 Tu
1609 2021 1734 2092 quereris
1745 2027 1772 2076 te

169 2115 222 2167 unde
233 2116 361 2185 seriptum
374 2120 416 2167 est
426 2126 449 2164 :c
459 2112 544 2166 Vobis
556 2110 719 2165 timentibus
730 2127 832 2164 nomen
841 2126 933 2163 meum
976 2108 1083 2178 quasia
1099 2126 1142 2162 me
1153 2109 1324 2169 derelictam.
1338 2116 1363 2163 ct
1380 2111 1604 2180 persecutionum
1618 2110 1773 2164 semoribus

170 2201 248 2256 orietur
260 2203 297 2256 sol
306 2201 433 2272 justitiae,
453 2224 462 2245 ι
479 2199 506 2252 id
520 2209 562 2253 est
576 2201 713 2253 Christus.
725 2199 867 2269 Signilicat
885 2198 935 2251 Ec·
976 2197 1151 2266 denigratam
1180 2214 1231 2251 nec
1246 2199 1405 2252 consideras
1427 2199 1500 2269 quod
1518 2199 1632 2266 pulchra
1647 2199 1685 2253 sis
1700 2198 1774 2254 inter

171 2287 254 2342 alesiam
269 2290 339 2344 sicut
355 2288 442 2342 David
455 2287 526 2340 dixit
542 2305 547 2338 :
566 2307 576 2337 c
602 2288 623 2340 F
625 2287 761 2357 algebunt
780 2286 847 2356 justi
863 2285 936 2338 sicut
978 2286 1120 2342 mulieres,
1137 2286 1165 2339 id
1180 2293 1223 2340 est
1237 2303 1291 2340 nou
1304 2287 1425 2341 attendis
1437 2288 1570 2342 virtutum
1583 2288 1774 2358 spiritualium

91 2398 94 2435 ;
172 2376 208 2429 sol.
220 2397 228 2426 ι
242 2377 397 2448 Aliquando
409 2377 545 2430 terrorem
563 2376 777 2446 persecutionis,
794 2376 866 2428 sicut
880 2375 934 2436 hic,
977 2374 1285 2445 pulchritudinemque
1295 2393 1351 2445 pra
1361 2377 1469 2430 caeteris
1481 2377 1631 2440 decoraris,
1640 2377 1774 2430 licetten·

173 2465 221 2518 ctio
234 2465 383 2536 Evangelio,
400 2463 447 2518 ubi
469 2464 573 2517 dicitur
585 2464 619 2517 de
635 2463 742 2516 semine
756 2463 830 2533 quod
845 2461 937 2516 accidit
977 2462 1131 2516 lotionibus
1150 2464 1316 2533 denigreris.
1341 2464 1369 2518 Si
1390 2465 1580 2535 ignorassrgo
1594 2470 1632 2529 tc,
1649 2464 1676 2518 id
1694 2472 1734 2519 est
1750 2464 1774 2519 si

174 2566 355 2623 suprapetram,
371 2560 401 2607 et
424 2558 485 2605 orto
506 2553 566 2605 sole
586 2552 757 2606 exaestuavit.
780 2551 859 2615 Quod
876 2550 936 2620 ipse
978 2551 1224 2622 hancdignitatem
1236 2560 1263 2606 et
1276 2553 1479 2606 formositatem
1491 2561 1567 2607 tuam
1578 2570 1632 2607 nun
1644 2569 1776 2623 recogno-

174 2637 536 2712 hunricusaperitexponens.
546 2630 733 2695 Faclaautem
744 2639 937 2710 persecutione
978 2640 1042 2703 scis,
1058 2642 1191 2711 egredere
1205 2642 1238 2694 de
1255 2659 1316 2695 nico
1328 2643 1479 2701 consortio,
1494 2642 1576 2695 ctabi
1587 2641 1774 2712 postrestigia

174 2736 258 2799 propter
270 2731 393 2785 uerbum.
410 2730 668 2783 scandalizantur«
686 2729 746 2782 Filii
759 2728 856 2782 matris
870 2743 937 2781 mem
977 2746 1094 2799 gregum
1108 2750 1114 2797 3
1132 2731 1183 2783 hoc
1197 2738 1249 2794 est,
1261 2747 1378 2801 sequere
1393 2739 1422 2784 et
1437 2730 1546 2784 imitare
1561 2731 1718 2784 doctrinam
1733 2746 1775 2783 er·
1797 2755 1801 2761 ¹

176 2827 338 2886 pugnarerunt
361 2824 458 2872 contra
473 2836 528 2881 me,
548 2827 613 2883 etc,
630 2835 724 2886 asqrre,
744 2840 754 2870 c
772 2819 833 2871 Non
848 2823 937 2871 custo·
978 2819 1101 2872 rantium
1117 2820 1321 2873 haeretieorum.
1337 2819 1384 2890 qui
1408 2827 1567 2889 contempto
1583 2835 1648 2872 vero
1663 2825 1775 2889 pastore

176 2901 214 2957 {liri
231 2933 239 2956 ι
255 2909 331 2963 Unde
345 2907 461 2976 coeperit
481 2908 539 2961 haec
554 2907 722 2977 persecutio,
738 2906 862 2960 ostendit
873 2923 937 2961 curn
979 2908 1062 2960 unius
1075 2908 1285 2978 gregismultos
1295 2908 1585 2964 sibicoacarrareront
1594 2924 1727 2978 greges.o
1741 2908 1776 2962 Et

177 2992 938 3067 subditnl'iliimatrismeaepugnai·erunt‚eet‹:.Voxest
979 2996 1290 3069 pasce'haedostuoso
1316 2996 1343 3050 id
1369 3003 1412 3051 est
1430 3003 1776 3068 peccatoreseterroneos

176 3082 289 3148 primitirae
301 3086 591 3156 Ecclesiae.Synagoga
601 3092 691 3138 mater
701 3084 801 3138 estcni
813 3101 862 3155 per
870 3084 937 3138 l‘ro-
979 3084 1121 3138 auditores
1129 3086 1210 3155 juxta
1221 3085 1402 3139 tabernacula
1410 3092 1564 3156 pastorum,
1577 3084 1605 3139 id
1620 3092 1662 3138 est
1676 3100 1775 3138 secun·

113 3184 116 3195 ·
176 3169 405 3236 pletamdiciturzc
418 3173 706 3227 Etrocaberisciritas
717 3173 940 3226 tidelisetmater
980 3172 1046 3225 dum
1063 3173 1197 3243 dogmata
1212 3175 1415 3228 haereticorum.
1436 3175 1511 3228 Unus
1531 3174 1606 3227 enim
1622 3177 1719 3245 pastor
1733 3179 1777 3228 est

176 3258 444 3331 ciritatum‚hliaSion.
460 3262 816 3330 ollujushliisuntludaei.
834 3262 940 3331 quipu-
981 3261 1119 3324 Christus,
1136 3263 1183 3332 qui
1199 3279 1285 3316 unum
1302 3263 1388 3317 habet
1400 3279 1524 3333 gregem,
1541 3262 1624 3316 idest
1638 3261 1777 3316 unitatem

176 3359 405 3416 gnareruntcontra
414 3350 562 3405 Ecclesiam
583 3350 879 3421 primitivamquundo
894 3368 939 3404 ex·
979 3351 1122 3405 catholiea
1138 3352 1275 3406 Ecclesiae.
1294 3352 1424 3405 Pastores
1440 3367 1502 3404 roro
1519 3350 1599 3405 rrrulti
1614 3351 1778 3405 sunthaere·

174 3437 297 3495 obierunt
306 3439 528 3511 persecutionem
540 3440 831 3505 eontracredentes,et
840 3456 937 3493 omnes
978 3440 1206 3510 tici.quigregem
1218 3442 1398 3510 deceptorum
1409 3441 1552 3493 hominum
1563 3439 1613 3493 sibi
1621 3444 1777 3509 aggregant

174 3523 260 3596 dispersi
274 3536 340 3584 sunt
354 3544 403 3599 per
414 3528 542 3598 regiones
553 3527 688 3582 Samariae
704 3550 714 3580 ι
728 3529 884 3582 Posuerunt
893 3545 937 3582 me
979 3529 1171 3597 quosdiabolo
1184 3538 1318 3600 pascunt:
1331 3528 1477 3600 dequibus
1492 3537 1519 3581 et
1530 3528 1678 3582 Psalmista
1691 3528 1774 3581 :·Sic-
1863 3540 1866 3547 '

175 3618 284 3672 custodem
300 3619 330 3673 in
342 3617 440 3671 tineis.
453 3642 463 3665 ν
477 3617 565 3670 Vinea
582 3616 696 3671 unciluit
713 3616 834 3687 primum
843 3617 937 3671 liccle·
980 3623 1010 3669 ut
1025 3634 1090 3670 ores
1106 3618 1134 3671 in
1158 3618 1266 3672 inferno
1286 3618 1368 3688 positi
1391 3624 1464 3671 sunt.
1482 3635 1495 3668 a
1512 3618 1583 3671 Ores
1597 3622 1733 3670 vocantur
1745 3616 1774 3669 in

175 3701 407 3778 siallierosolymis,
425 3705 472 3759 sed
496 3705 531 3760 ob
548 3706 693 3759 ludaieam
712 3707 936 3776 persecutionem
978 3705 1103 3760 hocloco
1121 3707 1197 3768 mali,
1212 3723 1267 3760 non
1284 3713 1399 3777 propter
1412 3706 1618 3775 simplicitatem
1633 3705 1676 3758 rel
1690 3705 1774 3759 inno·

91 3778 94 3797 '
175 3790 275 3862 dispersis
295 3795 474 3850 credentibus
488 3795 630 3854 omnibus,
647 3795 741 3848 nrultee
758 3794 843 3849 vincae
858 3796 937 3850 laeta
979 3795 1110 3857 centiam,
1127 3795 1174 3847 scd
1191 3802 1304 3864 propter
1327 3794 1535 3856 hebetudinem,
1562 3795 1629 3866 quia
1646 3794 1776 3848 nesciunt

175 3891 228 3945 suot,
240 3885 265 3939 id
278 3892 322 3939 est
336 3885 432 3939 multae
444 3884 570 3939 Ecclesiae
584 3891 750 3939 constructae
767 3903 816 3955 per
830 3886 938 3939 unirer·
979 3882 1109 3935 resistere
1131 3898 1220 3952 prarae
1243 3883 1386 3943 doctrina,
1402 3884 1451 3936 sed
1468 3882 1562 3936 ornnia
1577 3899 1639 3954 quae
1654 3882 1707 3935 sibi
1721 3881 1773 3935 im-

176 3983 219 4022 smn
231 3975 356 4028 mundum
385 3973 459 4027 Dicit
472 3990 539 4043 ergo
555 3974 681 4028 Ecclesia
696 3974 836 4045 primitiva
851 3994 872 4026 :a
888 3975 939 4028 Po·
979 3979 1123 4039 ponuntur
1138 3969 1259 4040 apraris
1272 3969 1442 4035 doctoribus,
1459 3970 1600 4024 sustinent
1621 3986 1678 4023 nou
1702 3969 1775 4023 bona

176 4067 263 4114 suerunt
272 4078 314 4116 me
325 4060 441 4125 (scilicet
452 4061 571 4130 apostoli
581 4068 610 4114 et
619 4062 935 4130 doctoreslcustoderii.r
979 4059 1125 4129 patientia.

91 4202 94 4213 ,
177 4141 196 4195 id
207 4159 368 4204 mutassem
383 4156 477 4203 custos
487 4150 760 4205 ecclesiarumUnde
771 4157 799 4203 et
808 4151 937 4205 inGraeco
1017 4168 1027 4198 ι
1045 4148 1187 4218 Equitatui
1204 4165 1266 4202 meo
1277 4147 1426 4202 assimilari
1438 4155 1475 4213 te,
1490 4146 1580 4203 arnico
1592 4166 1665 4213 mea,
1675 4148 1703 4202 in
1714 4164 1775 4203 cur·

91 4244 93 4249 ·
176 4228 327 4291 benedicitur
342 4255 365 4290 t·
379 4237 558 4291 llisseminati
569 4244 644 4301 sunt,
658 4238 726 4292 ouhi
742 4255 793 4292 nos
807 4239 936 4308 legimus,
948 4273 971 4331 ὓ
981 4238 1058 4292 ribus
1074 4239 1237 4293 Pharaonis.
1258 4264 1267 4285 ·
1286 4238 1448 4309 Equitatum
1460 4256 1542 4293 suum
1562 4241 1685 4311 appellat
1701 4255 1777 4294 erer-

176 4320 373 4394 ‹dispersisunt.
386 4324 441 4378 »hd
453 4325 585 4379 hocenim
594 4325 850 4397 divinitusdispersi
862 4337 936 4392 sunt,
982 4330 1068 4381 citum
1084 4329 1207 4382 liliorum
1220 4326 1318 4382 Israel.
1335 4327 1461 4382 videlicet
1475 4336 1605 4382 sexcenta
1619 4329 1717 4392 millia,
1729 4328 1777 4398 qui

175 4412 284 4480 utplures
300 4414 428 4470 Ecclesiae
443 4415 543 4468 fierent
558 4415 775 4482 peruniversum
791 4416 936 4470 mundum.
980 4417 1197 4487 egressisuntde
1205 4418 1543 4487 AEgyptoettransierunt
1553 4435 1630 4471 mare
1638 4417 1776 4472 Rubrum.

174 4497 290 4558 illineam
305 4519 407 4565 ineam,
424 4503 451 4556 id
470 4509 514 4557 est
530 4519 613 4556 unam
628 4503 703 4557 illam
718 4505 866 4558 Ecclesiam
879 4522 940 4577 quae
981 4507 1142 4576 Equitatum
1162 4512 1257 4560 aulem
1277 4523 1358 4560 suurn
1386 4506 1461 4559 illam
1477 4506 1686 4560 multitudinem
1698 4506 1775 4568 dicit,
1843 4570 1851 4586 ,

169 4585 195 4641 ia
208 4589 395 4664 Hierosolymis
407 4591 466 4654 luit,
486 4608 541 4644 non
554 4592 698 4646 custodivi.
714 4593 833 4647 llocnon
849 4595 882 4647 ad
893 4611 939 4648 ro·
982 4594 1047 4664 quia
1061 4594 1134 4648 sicut
1147 4595 1245 4663 auriga
1254 4596 1349 4649 currui
1360 4600 1471 4666 praeest,
1483 4595 1522 4649 ita
1534 4595 1608 4647 Deus
1623 4591 1696 4664 plebi
1709 4609 1777 4664 prae-

160 4688 213 4732 tum
225 4682 347 4751 nequead
357 4687 479 4735 mentem
490 4689 533 4735 est
542 4680 727 4743 referendum,
738 4683 827 4736 sedad
836 4685 937 4736 locum.
981 4690 1206 4754 crat,protegens
1217 4684 1293 4737 illam
1303 4694 1329 4736 et
1340 4683 1501 4745 defendens,
1517 4689 1546 4736 et
1558 4683 1591 4735 ad
1608 4688 1713 4735 terram
1730 4697 1777 4735 re·

161 4786 172 4815 a
187 4766 240 4821 Non
253 4768 398 4832 custodivi,
417 4791 428 4815 ι
442 4767 575 4823 subaudis
591 4776 622 4823 ut
632 4779 706 4824 esset
726 4769 761 4823 ibi
776 4770 821 4824 ubi
837 4772 933 4842 erepit.
980 4773 1174 4844 promissionis
1187 4773 1367 4827 introducens
1390 4771 1461 4826 lluic
1471 4770 1725 4841 summaequitatui
1736 4787 1778 4826 as·

192 4878 202 4908 ι
215 4854 304 4912 Indica
318 4858 386 4911 mihi
398 4873 480 4927 quem
492 4858 686 4928 diligitanima
697 4859 818 4919 meaubi
832 4877 938 4929 pascas,
982 4862 1115 4916 similavit
1127 4861 1244 4915 amicam
1261 4876 1351 4922 suain,
1366 4860 1498 4930 quoniam
1514 4859 1587 4913 sicut
1602 4859 1648 4913 ille
1658 4861 1780 4931 populus

156 4943 200 5002 obi
215 4945 329 5000 cubcsin
342 4945 469 5000 meridie.
485 4947 559 5000 iil-'ox
572 4948 698 5001 Ecclesiae
707 4956 750 5002 est
763 4948 799 5001 ad
807 4966 939 5018 sponsum
983 4967 1033 5021 per
1048 4967 1124 5003 marc
1140 4949 1265 5003 Rubrum
1283 4949 1406 5001 sulcatus
1420 4953 1464 5001 est
1479 4947 1626 5002 Pharaone
1638 4948 1779 5018 demerso,

151 5051 232 5090 suum
242 5035 381 5089 Christum
391 5033 629 5106 :Osponsequem
639 5036 942 5106 diligitanimamea,id
985 5039 1023 5091 ita
1039 5038 1159 5093 Ecclesia
1173 5038 1299 5108 gentium
1315 5054 1364 5106 per
1375 5035 1544 5107 baptismum
1556 5037 1590 5092 de
1605 5038 1710 5094 diaboli
1725 5057 1782 5094 ser·

152 5132 280 5196 estquem
290 5123 887 5195 tutamentisintentionediligoindicamihi
897 5126 943 5180 ubi
984 5127 1050 5181 vitio
1065 5126 1192 5186 liberata,
1205 5135 1233 5179 et
1245 5127 1278 5180 ad
1292 5142 1383 5178 reram
1397 5126 1622 5196 repromissionis
1635 5133 1737 5182 terram
1754 5135 1784 5184 et

150 5229 256 5287 pascas.
278 5213 303 5266 id
317 5211 415 5267 estubi
427 5229 491 5266 ores
505 5219 568 5267 luas
584 5231 696 5284 pascere
711 5214 809 5280 sacias;
827 5215 885 5285 ipse
902 5222 945 5270 est
985 5216 1171 5285 evangelicam
1198 5215 1356 5268 libertatem
1371 5214 1532 5270 introducta
1543 5223 1594 5277 est,
1611 5216 1705 5288 sicque
1722 5235 1783 5289 quaa

151 5305 226 5358 enim
238 5307 332 5373 pastor
347 5301 446 5363 bonus,
472 5301 544 5355 sicut
571 5302 630 5372 ipse
656 5303 723 5357 dicit
738 5304 767 5355 in
784 5304 941 5374 Evangelio.
985 5317 1047 5359 crat
1057 5304 1159 5357 ancilla
1171 5303 1301 5356 vitiorum
1317 5303 1391 5357 sacta
1405 5305 1548 5359 estamica
1559 5306 1673 5369 Christi,
1683 5323 1782 5360 emun-

152 5390 272 5448 «ludia
282 5390 350 5444 mihi
361 5389 407 5444 ubi
418 5391 609 5459 pascasetuhi
619 5391 712 5449 cubes,
726 5413 737 5441 ι
749 5392 776 5445 id
788 5395 945 5464 ostroquie-
986 5395 1052 5448 data
1068 5402 1096 5447 et
1107 5393 1202 5445 abluta
1217 5408 1267 5462 per
1283 5391 1452 5463 baptismum
1469 5410 1486 5448 a
1509 5394 1638 5449 sordibus
1654 5401 1784 5466 peccato·

147 5498 224 5539 scas.
238 5488 267 5533 et
280 5477 331 5534 hoc
353 5479 382 5532 in
405 5479 531 5540 meridie,
554 5481 581 5535 id
596 5487 639 5536 est
653 5481 682 5535 in
696 5481 803 5537 fervore
820 5499 946 5553 persecu·
987 5498 1060 5537 rum.

147 5568 236 5628 donis
256 5567 301 5624 vel
324 5567 498 5625 tentationis.
525 5567 667 5626 Laborem
689 5570 764 5625 enim
781 5571 946 5626 Ecclesiam
1027 5569 1404 5642 cl‘ulchraesuntgentetuae
1417 5569 1624 5628 sicutturturis.
1635 5568 1785 5624 r'l'urturis

273 5664 405 5730 Panos.
424 5667 542 5732 vall.
1629 5668 1667 5727 lo
