3818 6104
140 281 194 344 967
385 282 574 339 ttsthonls
591 282 833 351 lamentastis.
851 281 965 337 EPlSG.
981 281 1060 337 OPP.
1077 281 1169 336 PARS
1182 280 1193 336 l
1209 311 1243 322 -
1257 278 1447 339 COMMENT.
1463 281 1558 338 utut.
1733 279 1779 338 968

138 409 331 467 thesaurizare
341 409 483 474 videmas3
501 407 565 477 quid
582 407 657 461 enini
673 407 787 463 stultius
802 424 864 462 asse
884 408 968 480 p0-A
979 423 1033 478 qua
1041 406 1154 461 dicitur:
1164 405 1333 477 Spiritusest
1340 405 1425 460 Deus.
1439 403 1568 476 Ideoque
1577 405 1650 459 darn
1660 404 1780 460 Christus

28 508 30 512 ’
139 501 204 566 test,
222 515 306 570 quam
319 515 351 552 eo
365 497 426 551 loco
446 495 622 550 tutamentis
637 496 793 551 intentione
808 497 940 568 pecunias
980 494 1116 564 loquitur,
1131 494 1161 547 in
1180 509 1213 548 eo
1235 493 1343 564 pariter
1366 493 1494 564 loquitur
1515 493 1603 548 Pater
1618 496 1650 547 et
1670 491 1780 563 Spiritus

137 588 301 652 recondere,
319 603 373 658 quo
394 601 449 640 non
464 584 530 637 licet
544 584 573 637 in
594 591 761 656 perpetuum
782 585 941 639 sustineret
981 589 1109 639 sanctus:
1128 582 1193 653 quia
1209 581 1281 637 sicta
1296 587 1362 636 sunt
1384 581 1590 652 inseparabiles
1616 580 1734 645 unitate,
1746 582 1780 637 sic

138 677 219 732 Unde
231 675 368 731 Dominus
389 672 540 744 discipulos
560 673 701 740 hortatur,
718 674 834 728 dicens:
852 675 940 728 Nolite
980 671 1206 743 inseparabiliter
1219 673 1416 742 loquuntur‚et
1431 671 1535 726 docent
1549 676 1716 726 sanctorum
1729 671 1781 726 uni·

140 765 329 819 ilresanrr'care
339 764 411 815 vohis
427 749 568 814 thesauros
581 765 612 815 in
629 767 705 816 terra
718 763 828 834 (llatth.
839 770 897 830 ru).
906 762 940 816 ln
980 766 1078 815 tatem.
1091 761 1241 816 Sciendum
1262 777 1337 827 raro,
1354 760 1402 832 qui
1417 761 1446 815 in
1460 760 1516 815 bac
1530 760 1708 815 revelatione
1719 759 1781 815 sicut

140 852 192 906 hoc
205 857 300 906 autem
316 849 469 904 stultorum
484 865 602 904 numero
617 857 798 922 computatur
818 851 876 918 ille,
892 849 940 920 qui
980 849 1217 922 insequentibus,
1234 855 1332 921 aperte
1350 855 1546 904 monstratur:
1568 849 1725 920 aliqnando
1745 849 1781 904 lo·

138 957 202 995 cum
216 940 337 995 diceret:
353 941 501 993 destruam
517 939 617 993 lmrrea
632 955 702 1001 mea.
720 945 744 994 et
767 941 876 1009 iaajoro
895 941 939 1007 sa·
982 939 1078 1010 quitur
1092 939 1179 994 Filius
1193 955 1226 993 ex
1241 955 1360 1010 persona
1375 954 1435 1002 sua,
1453 938 1530 1009 quod
1545 938 1588 992 illi
1610 937 1780 993 solummodo

137 1031 306 1098 clemquia
327 1043 383 1081 non
403 1027 550 1095 habeoque
564 1029 675 1096 ferretus
688 1045 761 1082 nicos
782 1044 941 1096 conprepem
981 1028 1126 1082 courenit:
1153 1027 1304 1099 aliquando
1329 1044 1393 1082 vero
1418 1044 1451 1081 cx
1475 1043 1603 1099 persona
1627 1026 1779 1082 Trinitatis.

140 1120 215 1186 (istc.
241 1115 461 1185 xii),audivita
487 1116 632 1171 Domino:
658 1117 756 1182 Stulte,
787 1118 838 1170 hac
866 1123 941 1171 nocte
981 1114 1781 1187 Ideoquesingulaelocutionesconsiderandaesuntque

137 1209 266 1261 animam
282 1211 360 1259 taam
376 1209 498 1274 repetam
513 1220 530 1257 a
546 1210 584 1268 te,·
594 1222 654 1273 atta
667 1210 760 1259 autem
767 1209 943 1276 congregasti
984 1205 1091 1260 scilicet
1105 1205 1256 1259 referendae
1267 1205 1325 1258 sint
1336 1203 1511 1259 solummodo
1525 1203 1563 1257 ad
1580 1201 1781 1258 humanitatem

136 1299 217 1365 cujas
233 1298 340 1350 erunt?
356 1294 452 1362 (ibid.)
471 1293 539 1356 Quae
562 1292 669 1348 scilicet
695 1294 774 1349 lucra
800 1294 944 1349 hominum
985 1293 1047 1348 Filii
1059 1293 1119 1355 Dei,
1135 1309 1196 1363 qoae
1209 1300 1302 1346 autem
1314 1291 1349 1345 ed
1360 1296 1447 1346 totam
1460 1290 1647 1347 Trinitatem.
1670 1291 1783 1344 Vincenti

137 1383 346 1456 insipientium,
362 1381 542 1436 solummodo
557 1387 672 1437 terrena
680 1383 876 1454 quarentium,
894 1398 945 1454 pa·
985 1382 1144 1435 delectere
1162 1382 1193 1434 de
1219 1384 1293 1448 liano
1308 1383 1379 1444 vita,
1399 1383 1471 1450 qaod
1495 1384 1533 1435 est
1548 1383 1582 1434 in
1597 1380 1783 1448 paradisollet

136 1473 217 1528 rinnt
231 1473 260 1527 in
275 1471 332 1526 illis
347 1469 492 1542 genimina
515 1470 642 1526 omnium
664 1471 808 1537 vitiorum,
829 1471 896 1544 quia
915 1474 945 1526 et
987 1472 1048 1522 inei.
1067 1469 1185 1539 Lignum
1207 1469 1278 1531 vitae,
1295 1468 1432 1541 sapientia
1454 1473 1498 1523 est
1514 1467 1568 1523 Dei
1589 1468 1697 1535 Patris,
1711 1466 1782 1522 Salo·

136 1560 291 1617 secundum
305 1559 489 1631 Apostolum:
505 1561 785 1615 lladiaestamniam
800 1563 940 1615 erratorum
983 1573 1066 1611 mone
1079 1563 1240 1623 attestante,
1258 1557 1306 1629 qui
1320 1558 1361 1611 ait
1377 1575 1382 1610 :
1400 1559 1518 1626 Lignum
1539 1560 1606 1611 vita
1624 1557 1669 1610 liis
1682 1562 1782 1626 quiap-

135 1651 273 1720 capiditas
289 1650 313 1718 (l
328 1649 400 1703 Tim.
415 1651 464 1716 v1);
484 1648 550 1719 quia
562 1647 691 1703 videlicet
705 1665 755 1720 per
778 1649 851 1702 hauc
866 1649 938 1704 alius
982 1646 1177 1714 preitenderint
1187 1662 1259 1705 earm
1270 1651 1294 1699 et
1307 1648 1357 1713 ptri
1371 1647 1490 1699 tenuerit
1504 1660 1580 1710 eam,
1593 1645 1693 1697 heatus
1703 1643 1781 1713 (Prot.

97 1716 102 1734 ⁵
136 1737 416 1810 adrapinam‚alius
443 1736 478 1791 ad
508 1736 608 1792 falsum
638 1737 843 1803 testimonium,
868 1725 1034 1800 aliusBml·
1046 1733 1118 1797 Quia
1141 1734 1239 1805 utique
1250 1733 1399 1805 Apostolus
1414 1731 1561 1788 Christum
1578 1748 1643 1787 0⁸8⁶
1660 1736 1781 1800 testatur,

134 1827 246 1899 rapitur
266 1826 301 1880 ad
326 1824 492 1897 periurium,
509 1831 595 1896 atque
616 1826 651 1879 ad
677 1831 777 1881 caetera
800 1827 937 1881 crimina:
982 1822 1077 1877 dicens
1093 1823 1235 1878 Christum
1249 1823 1300 1879 Dei
1327 1823 1459 1877 virtutem
1486 1827 1514 1877 et
1529 1821 1583 1877 Dei
1608 1821 1779 1893 sapientiam.

135 1916 204 1982 Quae
218 1916 304 1971 etiarn
319 1915 421 1970 ludam
445 1914 480 1968 ad
505 1915 556 1968 hoc
571 1914 713 1986 perduxit,
727 1921 760 1970 ut
772 1915 864 1987 ipsum
887 1915 939 1970 Do·
982 1909 1051 1977 Quae
1067 1918 1142 1966 recte
1166 1912 1273 1983 lignum
1290 1913 1350 1967 ritae
1374 1912 1488 1976 dicitur,
1502 1910 1572 1982 quia
1585 1911 1721 1966 tidelibns
1733 1911 1781 1966 suis

134 2005 243 2061 minum
265 2004 351 2059 morti
379 2003 515 2058 traderet.
530 2003 603 2057 Nam
628 2009 656 2057 et
685 2020 736 2075 per
760 2003 832 2058 hanc
856 2004 939 2060 horno
980 2001 1067 2054 sitam
1083 2006 1216 2055 aternam
1237 2001 1345 2066 tribuit,
1363 2017 1433 2072 quos
1446 1999 1476 2055 in
1489 2000 1628 2071 praesenti
1641 2000 1779 2055 satiatem

134 2094 252 2167 cupidus
265 2093 390 2148 animam
412 2108 493 2147 suam
509 2091 635 2146 venalem
657 2091 733 2158 lacit,
747 2096 776 2146 et
792 2092 940 2147 idololatra
980 2106 1106 2161 corpore,
1134 2090 1163 2144 in
1188 2091 1283 2146 tuturo
1311 2089 1425 2145 satiabit
1454 2106 1506 2145 sua
1534 2090 1777 2161 contemplatione.

134 2183 264 2250 eflicitur,
280 2182 344 2252 plus
357 2181 478 2235 amando
488 2185 649 2235 creaturam
663 2197 747 2252 quam
763 2180 938 2237 Creatorem.
980 2179 1060 2235 Unde
1074 2180 1318 2235 psalmistadicit:
1333 2180 1541 2236 Satiabordam
1557 2180 1778 2246 amnisestattinr

134 2270 297 2336 Quodenim
308 2269 377 2324 dicit
389 2269 541 2339 Apostolus
551 2268 586 2322 de
596 2269 714 2339 gulosis,
731 2285 850 2337 quartam
867 2271 938 2325 lieres
981 2270 1072 2337 pluria
1096 2274 1144 2323 tac
1166 2271 1252 2339 (Psal.
1275 2272 1338 2336 xvi).
1355 2269 1430 2324 Bene
1445 2268 1557 2339 lignum
1573 2268 1640 2323 vitae
1661 2274 1773 2332 vocstn,

135 2364 229 2414 center
249 2363 287 2412 est
313 2359 426 2426 (Philip.
442 2361 497 2426 in),
514 2363 606 2428 potest
631 2357 752 2429 intelligi
770 2358 805 2412 de
832 2358 940 2431 cupidis
981 2357 1047 2428 quia
1060 2357 1090 2412 in
1106 2362 1135 2413 te
1149 2359 1281 2430 praesenti
1301 2358 1359 2413 vita
1382 2358 1486 2413 electos
1511 2374 1581 2412 suos
1600 2357 1641 2411 ab
1660 2362 1729 2412 aestu
1745 2357 1775 2411 ri·

140 2447 281 2509 similiter,
303 2462 424 2518 quorum
446 2447 522 2501 Deus
549 2461 682 2501 nummus
699 2452 742 2501 est
760 2447 822 2502 auri
838 2446 881 2501 uel
897 2464 940 2501 ar·
984 2446 1088 2500 tiorum
1106 2446 1206 2501 umbra
1220 2446 1400 2518 protectionis
1419 2444 1556 2511 defendit,
1574 2450 1604 2500 et
1634 2444 1664 2500 in
1693 2445 1773 2499 lumn

136 2537 225 2609 genti.
247 2536 313 2591 llaec
336 2540 403 2591 sunt
422 2534 495 2589 lacta
509 2534 722 2600 Nicolaitarum,
739 2535 767 2590 id
785 2541 829 2590 cst
843 2536 942 2591 stulto·
982 2534 1158 2590 beatitudine
1173 2535 1265 2590 cibum
1280 2541 1391 2591 eternae
1409 2534 1663 2606 contemplationis
1682 2533 1772 2588 deside

136 2641 200 2680 rurn
219 2624 377 2690 hominum,
393 2639 568 2696 paganorum
583 2622 699 2689 scilicet,
717 2627 941 2695 ceterorumque
981 2623 1109 2680 rantibus
1122 2625 1236 2697 prabet.
1252 2624 1485 2694 Dicaturitaqne:
1497 2623 1635 2679 Vincenti
1647 2623 1771 2678 incentiva

140 2711 793 2784 insidehumetialsorumChristianorum‚quae
802 2713 940 2768 Dominus
981 2713 1075 2768 carnis
1101 2730 1168 2778 suae,
1198 2713 1369 2768 tentationes
1396 2712 1569 2776 damonum,
1599 2712 1771 2769 adversitates

137 2808 166 2858 et
185 2820 247 2875 quas
266 2818 300 2857 ex
318 2806 399 2874 parte
419 2800 495 2855 illius
509 2805 585 2866 sunt,
602 2801 680 2856 odire
695 2801 861 2872 probantur.
882 2802 938 2857 No·
979 2818 1128 2873 pravorum
1156 2802 1313 2866 hominum,
1331 2801 1403 2857 dabo
1417 2801 1501 2857 edere
1519 2801 1653 2872 deligno
1668 2800 1768 2866 viteid

138 2891 257 2946 tandum
273 2893 380 2957 autem,
395 2889 461 2961 quia
483 2904 540 2944 non
561 2894 705 2954 naturam,
721 2890 770 2944 sed
785 2906 871 2961 opera
886 2889 938 2944 ho·
980 2897 1033 2956 est,
1047 2892 1185 2962 meipsum
1211 2891 1283 2946 dabo
1306 2891 1347 2946 illi
1374 2891 1402 2946 in
1428 2891 1703 2954 remunerationem,
1714 2906 1768 2946 cun
1800 2879 1803 2885 ’

136 2980 244 3035 minum
255 2978 392 3034 Dominus
407 2995 437 3032 se
449 2978 514 3033 odio
529 2977 632 3033 habere
646 2978 724 3034 dicit.
736 2978 817 3033 Unde
826 2995 881 3033 non
893 2979 937 3033 di·
979 2997 1043 3035 eum
1058 2981 1214 3052 perduxero
1229 2981 1264 3036 ad
1284 2997 1376 3035 meam
1397 2980 1679 3051 contemplationem.
1692 2981 1767 3034 Para·

128 3068 188 3123 εἰει
207 3067 297 3123 Odisti
311 3067 473 3133 Nicolaitas,
488 3083 558 3138 quos
583 3083 635 3138 ego
660 3067 729 3134 odi;
750 3067 817 3122 sed:
845 3040 1166 3124 Odisticdisusautem
1194 3070 1236 3124 vel
1260 3087 1382 3142 presens
1406 3069 1577 3140 intelligitur
1597 3069 1728 3133 Ecclesia,
1743 3069 1764 3122 in

136 3157 213 3210 iacta
226 3154 439 3221 Nicolaitarum‚
455 3171 517 3226 qoae
530 3160 558 3209 et
568 3172 620 3225 ego
635 3155 937 3212 odi.Homoenimdili-
977 3175 1033 3231 qua
1048 3159 1174 3230 quotidie
1192 3159 1344 3214 comedunt
1366 3158 1462 3212 fideles
1480 3159 1544 3229 ejus
1557 3175 1663 3230 corpus
1676 3165 1702 3213 et
1715 3173 1767 3212 san·

132 3243 244 3314 ¹gendos
259 3243 923 3314 est,opusautemilliusmalumodiohabendum
975 3247 1091 3319 guinem
1112 3246 1230 3302 bibunt:
1248 3247 1291 3301 uel
1310 3247 1367 3302 vita
1390 3251 1505 3309 aterna,
1530 3263 1595 3318 quaa
1622 3247 1683 3318 ipse
1696 3247 1764 3301 chri·

171 3333 225 3400 θυι·
238 3331 316 3385 babet
331 3347 438 3397 aurern,
454 3332 553 3385 audiat
571 3334 639 3399 qaid
653 3333 776 3402 Spiritus
800 3335 936 3389 dieatla'e·
976 3343 1036 3392 stus
1064 3341 1117 3401 est,
1145 3335 1299 3406 sicutipse
1324 3335 1460 3391 Dominus
1474 3335 1766 3392 nanturiacensem

135 3422 234 3477 aleriis.
251 3420 322 3475 Cum
337 3418 366 3472 in
381 3419 517 3491 principio
537 3419 687 3475 locutionis
709 3421 793 3491 hujus
813 3423 862 3477 uni
882 3439 933 3477 an·
975 3429 1032 3480 vita
1043 3429 1156 3489 eterna,
1173 3429 1203 3477 at
1214 3428 1376 3492 cognoscant
1393 3429 1426 3487 le,
1440 3428 1558 3492 atquem
1573 3426 1764 3478 nahatilamu

134 3511 209 3583 gelo,
237 3508 344 3581 unique
372 3508 475 3580 Ephesi
499 3508 623 3564 ecclesiae
648 3509 771 3565 scribere
798 3511 935 3567 Dominus
975 3513 1118 3569 Christum
1136 3513 1224 3580 (teari.
1250 3517 1333 3577 arii).
1359 3510 1439 3576 Quod
1454 3516 1551 3565 autem
1578 3511 1671 3566 Deum
1684 3511 1765 3565 seha·

132 3600 260 3671 jusserit,
280 3597 327 3654 hic
351 3603 446 3652 autem
461 3614 516 3652 non
531 3614 620 3654 unum
644 3599 833 3670 angelumvel
848 3616 934 3656 unam
974 3601 1042 3657 bere
1056 3600 1134 3667 dicit,
1150 3601 1179 3654 in
1200 3601 1279 3670 cuius
1301 3599 1432 3672 paradiso
1448 3600 1500 3654 hoc
1515 3615 1579 3655 esse
1608 3600 1765 3672 lignumas·

133 3687 281 3744 ecclesiam
295 3686 331 3740 ad
347 3685 489 3742 audienda
503 3687 577 3741 dicta
596 3686 841 3758 spiritusinvitet3
857 3694 935 3760 patet
975 3689 1052 3750 serit,
1071 3689 1225 3743 secundnm
1238 3687 1445 3742 humanitatem
1467 3687 1607 3758 loquitur,
1632 3703 1713 3759 quani
1730 3702 1766 3740 as·

133 3778 268 3850 prolecto,
282 3775 348 3847 quia
363 3776 436 3847 quod
453 3776 501 3830 uni
516 3776 594 3843 dicit,
610 3776 742 3832 omnibus
756 3777 833 3844 dicit,
854 3784 883 3833 et
903 3779 933 3834 in
974 3777 1096 3848 sumpsit
1109 3793 1160 3848 pro
1175 3776 1263 3831 nobis.
1277 3776 1344 3842 Quae
1358 3793 1425 3848 ergo
1439 3776 1555 3831 vincunt
1569 3775 1765 3832 oblectamenta

132 3882 189 3922 uno
203 3865 304 3937 angelo
318 3881 430 3936 unaque
446 3865 630 3936 Ephesiorum
649 3866 775 3932 ecclesia,
795 3867 931 3923 unitatem
974 3867 1080 3939 peccati
1094 3867 1123 3922 in
1135 3867 1187 3921 hoc
1203 3867 1332 3938 paradiso
1346 3866 1482 3930 Ecclesia,
1494 3866 1545 3921 illa
1561 3867 1599 3922 ad
1615 3864 1764 3939 accipienda

132 3954 263 4012 Ecclesia
290 3952 427 4025 depingit.
450 3952 553 4008 Verum
582 3953 692 4025 quoties
716 3954 776 4010 haec
802 3956 931 4011 admoui·
972 3957 1097 4027 corporis
1112 3955 1484 4026 ctsanguinissacramenta
1498 3955 1586 4026 digne
1600 3955 1763 4028 pertingunt,

132 4043 387 4116 tiunctdaponitur
405 4043 463 4098 sire
484 4042 513 4097 in
537 4043 589 4099 hoc
614 4043 696 4111 libro,
713 4045 771 4099 sire
789 4045 817 4099 in
840 4046 930 4100 Euan·
972 4051 1001 4099 et
1014 4044 1048 4098 ad
1072 4042 1124 4098 Dei
1145 4043 1410 4115 contemplationem
1425 4043 1604 4114 pervenient,
1624 4043 1761 4115 ipsumque

132 4134 216 4206 gelio,
231 4131 306 4204 quod
321 4132 450 4203 sequitur
473 4132 516 4187 rei
530 4132 672 4204 praecedit,
687 4132 872 4205 spiritualiter
886 4142 930 4191 est
970 4132 1078 4203 lignum
1099 4132 1161 4188 sitae
1180 4133 1209 4186 in
1223 4132 1481 4187 remunerationem
1495 4131 1651 4203 accipient,
1665 4131 1761 4203 quiaet

132 4219 346 4293 intelligendum
358 4239 364 4286 ;
381 4220 448 4292 quia
461 4237 518 4275 non
531 4220 656 4292 corporis
675 4222 720 4277 hic
740 4223 817 4278 auris
831 4226 927 4296 requi·
937 4239 960 4297 D
969 4222 1029 4295 ipse
1042 4227 1085 4276 est
1099 4221 1206 4293 lignum
1219 4221 1282 4277 ritae
1296 4221 1371 4293 quod
1386 4220 1445 4285 dat,
1455 4227 1483 4276 et
1498 4221 1559 4293 ipse
1572 4222 1611 4277 dc
1626 4220 1763 4293 lignariae

131 4311 214 4377 ritur,
231 4309 280 4365 sed
301 4308 404 4373 cordis,
419 4325 503 4380 quarn
517 4309 644 4364 videlicet
666 4327 763 4366 aurem
785 4313 840 4367 nisi
864 4315 926 4385 quis
973 4310 1149 4367 vincentibus
1161 4311 1219 4377 dat,
1234 4315 1262 4365 et
1280 4311 1340 4381 ipse
1361 4309 1469 4365 leuans
1488 4309 1559 4382 ligni
1569 4316 1616 4366 est
1629 4309 1702 4382 quod
1712 4308 1761 4363 dat

131 4397 271 4463 habuerit,
289 4396 402 4469 eloquia
415 4397 531 4468 spiritus
556 4414 656 4469 capere
670 4415 727 4454 uon
754 4402 867 4472 poterit.
883 4404 928 4459 Sic
1008 4400 1041 4454 lit
1060 4401 1157 4467 angela
1172 4398 1299 4466 Sanprna
1310 4400 1425 4454 ecclesia
1444 4401 1539 4453 serite.
1556 4400 1680 4470 Smyrna
1689 4399 1764 4452 inter

129 4487 267 4545 Dominus
281 4487 399 4558 loquens
411 4485 502 4541 turbis
513 4485 544 4541 in
559 4486 710 4558 parabolis,
725 4506 789 4545 cum
804 4490 861 4545 illic
872 4509 930 4547 om·
973 4493 1101 4560 pretatur
1110 4488 1250 4543 canticum
1259 4486 1515 4553 eorum,canticum
1524 4488 1560 4543 ad
1577 4489 1763 4558 laetitiamper·

129 4594 180 4634 nes
207 4575 255 4650 qui
278 4576 397 4631 aderant
419 4591 502 4631 aures
519 4575 664 4642 habereut,
681 4584 777 4634 monet
791 4582 931 4652 apostolos
972 4586 1054 4654 tinet,
1081 4587 1157 4657 quod
1179 4591 1276 4658 aperte
1299 4587 1430 4658 congruit
1452 4585 1594 4651 euentus,
1619 4585 1717 4658 quibus
1737 4583 1762 4636 in

130 4668 238 4724 dicens:
255 4665 339 4722 llobis
354 4665 416 4720 dico
431 4665 480 4738 qui
493 4665 617 4734 auditis,
634 4682 667 4721 ac
689 4667 714 4721 si
731 4667 824 4726 dicat:
839 4670 932 4726 Verba
973 4690 1092 4747 persona
1104 4675 1184 4731 istius
1193 4675 1315 4731 ecclesiae
1326 4675 1452 4747 loquitar
1465 4674 1616 4731 Dominus.
1628 4672 1762 4730 Nenenim

130 4757 285 4814 coelestium
300 4759 541 4810 sacramentorum
555 4754 611 4809 illis
627 4755 734 4827 aperio,
749 4773 820 4829 quos
834 4760 933 4815 eadem
973 4765 1032 4819 haec
1046 4765 1130 4819 verba
1143 4765 1193 4820 uni
1206 4770 1318 4820 tantum
1338 4764 1479 4829 dicuntur,
1494 4763 1545 4818 sed
1565 4764 1657 4835 magis
1671 4759 1763 4818 uniat

129 4845 344 4902 internecardis
358 4861 428 4901 aure
443 4845 587 4917 percipere
605 4860 754 4916 cognosco.
766 4847 866 4902 Carnis
882 4848 934 4904 ita·
973 4859 1145 4908 sanctorum.

131 4950 185 5006 que
204 4934 279 4989 auris
304 4934 339 4988 ad
355 4934 482 4990 auditum
497 4934 609 5001 transit,
634 4936 725 4990 cordis
745 4952 809 4991 vero
833 4938 931 4994 auditu
1009 4945 1068 4998 llac
1081 4945 1149 4997 dicit
1166 4945 1276 5012 primus
1289 4949 1313 4998 et
1335 4946 1513 4999 noonsimur.
1529 4943 1652 5009 Primus,
1669 4941 1762 4998 scilian

131 5021 216 5076 simul
238 5026 268 5076 et
286 5022 430 5078 intellectu
451 5024 532 5095 viget·
548 5024 721 5080 Intuendum
744 5042 861 5098 quoque
877 5034 930 5082 esti
973 5037 1040 5087 ante
1054 5045 1137 5104 quem
1152 5032 1262 5087 nullus:
1276 5033 1762 5106 norissimusperquenirestaurata

131 5109 198 5183 quia
212 5126 276 5164 cnm
286 5111 402 5180 angelus
412 5112 440 5166 in
455 5113 697 5185 principioharum
707 5115 880 5171 locutionum
892 5133 925 5171 ex
973 5126 1041 5174 sunt
1051 5120 1156 5175 omnia.
1172 5122 1226 5188 Oai
1233 5122 1289 5189 {att
1300 5126 1426 5176 rnortaus
1438 5124 1462 5174 el
1475 5120 1686 5186 uiritQuiaetsi
1696 5133 1761 5173 mor·

104 5268 112 5279 ·
128 5214 252 5275 persona
269 5198 332 5253 Filii
346 5199 406 5262 Dei,
424 5200 479 5256 imo
505 5210 581 5257 certe
607 5220 657 5275 per
684 5204 815 5276 angelum
836 5204 924 5260 Filius
966 5211 1031 5263 tuus
1050 5208 1103 5263 luit
1116 5226 1148 5264 aa
1162 5211 1337 5278 infirmitate,
1354 5215 1387 5264 ut
1398 5210 1552 5281 Apostolus
1567 5210 1637 5266 dicit
1651 5211 1689 5272 lli
1701 5208 1757 5264 Car.

129 5289 181 5347 Dei
195 5288 336 5360 loquatur,
361 5302 417 5341 non
444 5288 548 5343 dicitur
562 5291 625 5347 hic:
647 5291 701 5357 Qui
716 5292 800 5347 habet
815 5310 922 5361 aurem,
965 5305 1036 5363 ruti,
1052 5300 1121 5351 uiuit
1136 5315 1169 5352 aa
1192 5301 1294 5352 virtute
1312 5300 1370 5353 Dei.
1386 5299 1446 5353 Hac
1466 5298 1544 5353 enim
1561 5305 1607 5354 est
1623 5298 1725 5370 primns
1736 5300 1761 5350 et

129 5377 225 5436 audiat
240 5376 307 5448 quid
320 5374 408 5429 Filius
431 5375 480 5429 Dei
496 5377 570 5432 dicat
585 5398 592 5446 3
609 5381 668 5446 sed,
693 5381 759 5452 quid
781 5383 901 5454 Spiritus
915 5401 923 5451 ;
965 5386 1214 5458 novissimus,quia
1223 5386 1271 5458 qui
1281 5387 1467 5458 sempervivit
1484 5387 1515 5442 in
1528 5404 1582 5443 sus
1599 5385 1758 5447 substantia,

128 5469 196 5544 qnia
210 5465 338 5522 videlicet
351 5463 434 5518 verba
448 5463 520 5529 Filii,
537 5466 621 5521 rerba
639 5474 706 5524 sunt
720 5471 842 5543 Spiritus
856 5489 923 5527 san·
964 5475 1071 5549 primus
1081 5475 1234 5543 existendo,
1247 5481 1376 5531 mortuus
1391 5477 1618 5534 inhumanitate
1632 5473 1759 5533 nostraiu

127 5551 178 5620 cti.
197 5554 260 5626 Quo
273 5553 387 5614 nominc
400 5553 486 5610 etiam
499 5557 561 5609 tota
570 5554 691 5613 Trinitas
704 5558 880 5633 intelligitur,
888 5562 924 5619 de
964 5565 1020 5621 fine
1035 5570 1206 5638 temporum,
1222 5570 1255 5622 ut
1272 5566 1358 5622 homo
1372 5565 1527 5622 nascendo.
