3818 6104
128 269 182 336 663
335 277 788 344 HAYMONIS‘HALBERSTAT.
810 283 923 342 EPISC.
947 284 1026 341 OPP.
1046 282 1150 340 PARS.
1170 282 1193 339 1.
1213 309 1244 322 -
1261 275 1449 337 mammet.
1469 275 1563 336 BIBL.
1696 277 1733 339 tlt

129 398 207 455 sonis
220 404 249 456 et
262 401 356 458 unitas
369 403 398 459 in
413 403 587 466 substantia:
603 409 676 465 sieut
688 411 823 466 videndus
835 415 879 466 est
890 409 1049 473 abAnibus
1062 408 1167 464 electis.
1188 407 1256 472 Quae
1270 403 1339 460 visio
1352 408 1412 459 tam
1435 403 1550 460 evidens
1571 408 1676 476 tamque
1694 423 1735 463 na-

131 490 263 546 omnibus
289 492 393 549 sanctis
415 501 479 566 post
500 499 660 567 generalem
680 500 925 556 resurrectionem.
968 499 1070 553 nilesta
1082 497 1145 563 fuit,
1158 502 1190 551 ut
1201 496 1260 567 ipse
1269 494 1421 566 Apostolus
1431 493 1635 565 seprosrteatur
1646 497 1733 564 nemin,

132 577 254 642 Quaestio
273 598 339 636 vero
353 598 409 638 non
430 585 537 640 modica
549 586 603 643 isto
617 588 646 643 in
661 589 721 645 loco
745 591 844 658 oritur,
856 606 927 662 quo·
968 593 1063 643 utrum
1077 585 1188 657 quando
1203 587 1301 655 raptus
1310 587 1354 637 est
1367 582 1397 636 in
1411 581 1531 637 tertium
1545 582 1682 648 coelum,in
1691 600 1734 639 cor·

132 667 215 723 modo
229 671 290 740 ipsa
303 671 354 725 Dei
364 670 521 729 substantia
536 692 554 729 a
572 676 739 748 quibusdam
759 679 789 734 in
804 681 855 734 hac
872 679 929 735 vita
969 694 1036 750 pore
1050 675 1145 735 fuerit,
1166 672 1306 746 quomodo
1330 675 1374 726 est
1396 670 1493 725 anima
1513 671 1545 726 in
1563 687 1678 743 corpore,
1691 689 1734 728 mn

131 755 322 826 positisvideri
332 761 465 831 potuerit,
479 765 757 839 propterilludquod
768 768 928 824 dictumest
968 782 1069 838 corpus
1083 764 1174 819 vivere
1188 761 1301 828 dicitur,
1317 761 1375 815 sive
1389 759 1543 830 vIgilantis,
1557 761 1614 814 sive
1630 760 1736 816 dormien-

131 844 167 900 ad
180 845 295 918 Moysen
308 848 403 911 (Euod.
417 850 474 922 xx),
490 867 573 908 uerno
584 860 677 927 potest
702 856 802 914 faciem
824 873 926 922 meam,
968 854 1015 920 tis,
1031 854 1088 909 sive
1103 853 1132 907 in
1147 851 1276 907 exstasis
1293 849 1423 906 sensibus
1444 848 1571 920 corporis
1586 849 1737 916 alienatam

131 933 219 989 idest
240 935 462 995 invisibilitatem
487 958 590 1010 meam,
608 945 702 1002 videre
719 952 747 1002 et
768 948 877 1002 vivere:
901 950 930 1001 et
970 944 1095 999 omnimo
1109 942 1144 996 de
1159 955 1276 1012 corpore
1288 938 1396 1003 exierit,
1411 942 1444 993 ut
1457 942 1603 993 manuum
1617 940 1738 1009 corpusja·

131 1027 248 1095 propter
259 1023 338 1094 iilud,
356 1028 442 1083 Deam
458 1047 536 1086 nemo
549 1032 695 1090 hominum
714 1037 784 1090 sidit
803 1053 929 1106 tanquam
971 1040 1056 1096 cerat,
1072 1032 1284 1102 donecperacta
1306 1028 1355 1082 illa
1374 1027 1618 1082 demonstratione
1636 1026 1739 1083 membris

132 1112 162 1168 in
173 1113 285 1168 mortali
299 1115 356 1171 vita
378 1133 411 1171 en
427 1123 487 1174 toto
502 1121 632 1192 positus:
658 1124 724 1188 Qum
741 1123 782 1179 ita
803 1124 929 1192 solvitur,
972 1120 1091 1177 mortuis
1102 1120 1196 1175 anima
1210 1118 1395 1173 redderetur:
1411 1120 1440 1171 et
1451 1132 1509 1170 non
1524 1116 1606 1187 quasi
1626 1115 1739 1170 dormiam

132 1201 198 1273 quia
210 1208 304 1274 potest
319 1205 444 1262 humana
458 1225 546 1274 mens,
563 1211 592 1265 id
606 1217 650 1267 est
662 1213 822 1269 intellectus
836 1218 864 1269 et
884 1231 931 1268 ra·
973 1210 1119 1282 evigilaret
1133 1214 1184 1263 aut
1204 1206 1307 1261 exstasi
1324 1205 1474 1271 alienatus,
1501 1203 1596 1259 denuo
1616 1203 1740 1260 rediretin

131 1291 304 1349 tionabilitas
315 1294 415 1351 animae
430 1297 562 1354 divinitus
576 1301 637 1373 rapi
651 1317 685 1356 ex
698 1302 751 1358 hac
763 1303 820 1358 vita
833 1303 869 1357 od
883 1319 931 1358 an·
971 1316 1080 1366 sensus,
1090 1290 1146 1353 ‘sed
1164 1300 1293 1352 mortuus
1306 1294 1421 1350 omnino
1428 1295 1615 1350 revivisceret.

132 1380 252 1451 gelisam
259 1382 345 1437 vitam
356 1390 507 1458 antequam
518 1405 568 1460 per
577 1389 846 1447 istamcommuncm
855 1408 931 1447 mor·
1007 1390 1040 1444 lit
1054 1392 1108 1443 scia
1122 1386 1284 1456 hujusmodi
1295 1385 1446 1448 bominem,
1458 1387 1516 1438 sive
1538 1387 1571 1438 in
1587 1397 1689 1450 corpore
1705 1385 1743 1437 rio

135 1474 193 1524 tem
214 1486 298 1526 carne
311 1472 445 1542 solvatur,
461 1475 533 1532 sicut
547 1479 849 1537 credendumdebeato
860 1483 931 1553 Apo·
972 1483 1052 1533 ostra
1065 1491 1173 1545 corpus
1190 1477 1287 1540 nescio,
1305 1475 1373 1528 Deus
1387 1476 1447 1539 scit,
1468 1475 1604 1542 quoniam
1623 1476 1744 1539 raptaret

135 1557 217 1621 stolo,
233 1557 281 1613 ubi
299 1576 317 1614 a
338 1561 394 1616 Deo
415 1563 489 1619 facta
507 1571 549 1622 est
564 1565 600 1622 ab
613 1568 697 1640 hujus
710 1569 773 1625 vitea
793 1570 931 1637 sensibus,
973 1567 1005 1619 in
1016 1565 1193 1634 paradisum,
1207 1567 1232 1616 et
1244 1562 1352 1616 aredioit
1362 1560 1559 1615 arcanaoerba
1573 1574 1633 1627 pas
1646 1560 1746 1613 nantia

137 1645 264 1718 quaetlam
277 1648 442 1706 intentionis
456 1655 573 1710 aversio.
590 1657 660 1712 Tam
684 1658 797 1713 stridens
819 1663 934 1731 tamquo
975 1656 1083 1708 tramine·
1099 1651 1351 1721 loqutliisraptum
1365 1647 1747 1719 sedicitApastolus:primvu

137 1734 287 1791 manifesta
300 1737 354 1794 tuit
368 1740 466 1796 eadem
481 1743 551 1799 visio
566 1745 774 1815 intellectualis,
789 1753 822 1803 ut
835 1749 893 1803 sive
904 1749 964 1828 inss
975 1743 1010 1797 ad
1021 1741 1137 1796 tertium
1149 1741 1261 1806 coelum,
1277 1743 1375 1810 postca
1387 1738 1416 1792 in
1435 1736 1610 1809 paradisum,
1625 1753 1678 1791 non
1691 1735 1747 1790 inil·

137 1840 263 1895 corpore,
279 1826 336 1881 sive
350 1835 429 1884 extra
443 1848 543 1904 corpus
557 1834 653 1901 suerit,
662 1836 690 1890 id
701 1842 745 1891 est
757 1841 852 1892 utrum
862 1839 936 1893 sicut
976 1831 1035 1886 lum
1047 1830 1209 1902 paradisum
1220 1833 1375 1893 terrenum,
1392 1824 1440 1882 Ubi
1455 1826 1599 1897 (tumidam
1612 1825 1665 1880 fuit
1677 1830 1746 1896 proto·

137 1914 209 1968 solet
227 1914 257 1968 in
272 1917 473 1974 vehementiori
484 1924 585 1978 exstasi
599 1925 642 1978 vel
652 1942 766 1981 excessu
776 1926 811 1981 ab
820 1927 936 1982 liacvits
976 1921 1094 1992 plotius,
1105 1919 1154 1973 ted
1168 1919 1197 1973 iss
1209 1919 1349 1973 coelesiem
1358 1916 1532 1988 pamdisum.
1546 1916 1618 1970 Nam
1629 1913 1747 1985 Pflffldiilt

136 2018 217 2058 mens
231 2003 347 2061 inillam
362 2007 448 2063 vitam
462 2010 548 2065 fuerit
562 2013 693 2080 alienata,
719 2020 850 2070 manente
872 2031 935 2068 cor·
977 2009 1180 2079 interpretatur
1194 2007 1290 2061 borlas
1304 2007 1481 2070 deliciarum,
1498 2008 1526 2058 et
1549 2002 1684 2074 siguificat
1700 2000 1747 2055 bea·

137 2091 214 2162 poris
229 2092 348 2161 vinculo,
363 2095 457 2151 anima
472 2099 601 2155 videlicet
613 2101 642 2155 in
657 2118 783 2173 corpore,
800 2120 835 2157 an
847 2101 937 2157 omni·
977 2097 1128 2152 titudinem
1142 2096 1305 2160 electorum,
1318 2094 1459 2148 eoelestem
1470 2093 1579 2147 scilicet
1592 2089 1746 2163 requiemad

137 2179 254 2250 iiojtalis
265 2183 401 2238 resolutio
419 2185 493 2241 iacta
503 2187 597 2252 fuerit,
610 2190 701 2260 qualis
710 2190 739 2244 in
751 2191 833 2262 plena
846 2196 937 2246 morte
978 2203 1062 2259 quam
1078 2191 1190 2257 raptum
1203 2202 1233 2239 se
1247 2184 1317 2239 dicit
1329 2184 1480 2254 Apostolus
1503 2197 1537 2236 eo
1560 2181 1642 2235 moda
1657 2196 1703 2252 quo
1722 2177 1746 2233 ad

138 2270 286 2342 contingit,
303 2271 398 2327 anima
411 2276 559 2333 recedente
573 2279 632 2350 ipse
647 2296 677 2335 se
687 2282 794 2336 nescire
808 2282 937 2353 proiitea-
977 2274 1092 2332 tertium
1108 2275 1218 2337 coelum,
1231 2274 1337 2329 audivit
1348 2271 1552 2335 arcanarerba,
1564 2271 1591 2324 id
1602 2274 1645 2325 est
1657 2268 1745 2333 occulta

139 2361 204 2414 tur:
222 2359 401 2432 Quapropter
411 2358 788 2439 necnobi'sestquaerendum
803 2387 854 2424 nec
870 2386 936 2424 con·
978 2371 1085 2421 secreta
1093 2370 1177 2436 atque
1188 2362 1351 2431 ineffabilia,
1362 2378 1423 2432 quae
1433 2360 1528 2416 nonlic
1537 2359 1674 2415 ethomini
1681 2356 1744 2429 loqui.

138 2450 184 2501 tra
193 2446 261 2503 illud
270 2464 387 2520 agamus
398 2452 673 2529 quoddiciturOEcel-v'
684 2455 725 2529 ιιι)
736 2478 742 2514 :
755 2460 861 2514 ditiora
873 2464 896 2513 te
905 2475 938 2514 ne
978 2455 1055 2511 Inter
1065 2453 1140 2524 ipsos
1154 2452 1295 2525 spiritales
1306 2452 1379 2505 viros
1388 2449 1529 2505 coelestem
1537 2450 1623 2504 vitam
1632 2449 1747 2511 duoetitb

139 2541 278 2590 scrutatus
287 2539 385 2605 saeris.
402 2542 444 2596 lta
454 2543 484 2596 nt
494 2547 560 2598 utet
569 2543 637 2599 illud
648 2562 743 2600 verum
754 2547 777 2600 si
788 2547 863 2617 quod
872 2546 939 2601 dici·
979 2549 1045 2600 sunt
1058 2543 1157 2614 utique
1171 2541 1219 2595 alii
1232 2541 1295 2594 aliis
1303 2540 1472 2612 capaciores,
1493 2544 1581 2608 atque
1595 2537 1710 2591 meliores
1726 2534 1751 2588 iu

138 2629 186 2679 tur
196 2642 202 2677 :
213 2624 302 2680 Nema
312 2633 404 2699 potest
411 2630 511 2686 faciem
525 2650 617 2687 meam
628 2634 758 2689 videreet
767 2635 939 2706 viverc‚quia
978 2638 1089 2687 tantum
1103 2637 1134 2685 ut
1148 2631 1182 2685 ad
1197 2646 1229 2684 ea
1240 2629 1419 2702 pervenerint
1430 2644 1493 2699 quse
1506 2643 1564 2681 non
1578 2627 1644 2681 licet
1654 2625 1689 2680 eis
1703 2621 1756 2678 aiis

139 2729 252 2770 necesse
263 2720 307 2770 est
315 2715 350 2771 nb
360 2718 412 2773 hac
423 2719 609 2776 vitaabstrahi
617 2727 711 2777 mente
718 2723 775 2778 sive
784 2723 935 2787 intellectu,
978 2722 1066 2792 loqui.
1083 2720 1125 2775 De
1141 2720 1243 2775 talibus
1256 2723 1317 2773 erat
1331 2717 1491 2789 Apostolus,
1506 2716 1556 2787 qui
1575 2714 1676 2770 audivit
1685 2714 1759 2783 inpa-

140 2803 252 2875 quando
267 2805 297 2860 in
311 2805 386 2862 illius
397 2808 619 2865 ineffabilitatem
635 2812 748 2866 visionis
772 2813 935 2867 assumitur.
979 2811 1072 2865 radiso
1083 2808 1233 2864 inetlabiliu
1248 2806 1341 2872 verbe,
1359 2823 1420 2877 qoae
1434 2822 1491 2860 non
1501 2799 1762 2873 licethominiloqui,

140 2891 176 2946 Et
184 2907 240 2947 non
256 2894 289 2947 iit
307 2895 470 2952 incredibile
492 2899 658 2971 quibusdam
679 2902 784 2956 sanctis
811 2901 936 2956 nondum
978 2900 1007 2955 id
1020 2906 1071 2967 est,
1080 2905 1129 2953 aut
1143 2898 1189 2951 ille
1200 2897 1247 2968 qui
1256 2894 1361 2950 audivit
1370 2911 1427 2949 non
1441 2893 1651 2966 potesteaaliis
1659 2900 1766 2946 namra

140 2980 180 3034 ita
195 2998 228 3036 ex
242 2988 301 3037 toto
313 2983 462 3051 defunctis
478 2994 508 3042 ut
523 2991 684 3060 sepelienda
700 2991 834 3047 cadavera
844 3007 936 3046 remn-
979 2995 1094 3061 propter
1108 2986 1330 3041 ineffabilitatem
1347 2984 1532 3052 illorum,aut
1541 3000 1598 3038 nou
1606 2980 1768 3054 permittitur

141 3077 251 3135 nerent,
273 3072 357 3127 etiam
379 3074 462 3129 istam
487 3077 681 3133 excellentiam
712 3079 824 3134 visionis
852 3078 1015 3146 fuissecei.
1032 3077 1115 3132 autsi
1130 3081 1216 3131 tantae
1230 3074 1377 3145 dignitatis
1391 3078 1480 3129 estut
1498 3072 1678 3146 permittatur
1688 3069 1710 3124 ei
1720 3067 1764 3122 lo-

141 3173 312 3215 concessam·
981 3168 1038 3241 qui,
1053 3171 1082 3221 et
1095 3166 1183 3238 possit
1201 3164 1263 3218 aliis
1279 3180 1406 3230 narrare,
1428 3162 1484 3218 illis
1505 3163 1555 3234 qui
1577 3160 1691 3216 audiunt
1709 3168 1764 3212 non

377 3268 547 3311 surnnvoauv
563 3270 706 3312 neruosus.
979 3257 1046 3312 licet
1060 3273 1092 3310 ea
1106 3254 1193 3325 loqui,
1208 3254 1344 3324 quianon
1359 3253 1454 3309 valent
1467 3269 1501 3307 ea
1515 3267 1616 3324 cepere
1629 3241 1764 3318 obmagui·

177 3338 246 3393 Tres
253 3339 315 3394 eceli
325 3340 486 3412 significant
494 3343 549 3398 tria
557 3345 808 3415 generavisionum
819 3362 939 3418 quarum
980 3346 1108 3402 tudinem
1123 3343 1333 3416 mysteriorum.

142 3425 235 3495 primo
251 3430 462 3501 estcovporalis,
476 3449 532 3503 qua
545 3432 674 3488 videmus
684 3435 785 3488 cmlunr
798 3441 938 3491 ectcrram
1016 3437 1068 3490 Pro
1080 3434 1250 3503 lirvjasmodi,
1263 3430 1398 3486 subaudis
1413 3429 1568 3486 visionibus
1588 3428 1639 3484 Dei
1662 3422 1754 3481 mute

142 3523 298 3588 caeteraque
313 3534 447 3591 corporea
463 3525 489 3575 et
505 3520 643 3576 visibilia:
661 3522 789 3576 Secunda
803 3522 938 3594 spiritalis
979 3523 1121 3589 stissimis,
1135 3523 1286 3591 gloriabor,
1302 3519 1427 3585 laetabor,
1438 3517 1569 3589 gaudebo
1584 3522 1614 3573 et
1623 3511 1750 3573 exsultabo

143 3619 206 3675 ques
220 3605 252 3659 iit
265 3605 295 3660 in
308 3607 403 3662 anima
416 3608 477 3664 sine
488 3609 643 3679 intellectu,
660 3627 722 3665 cum
739 3611 875 3682 imagines
890 3628 938 3665 eo·
976 3629 1029 3683 pro
1045 3630 1087 3667 me
1100 3617 1204 3677 etitem,
1221 3610 1306 3665 idest
1323 3626 1373 3680 pro
1388 3624 1451 3663 mea
1465 3607 1630 3662 extollentia
1649 3612 1674 3660 et
1689 3598 1749 3658 ouo

142 3709 206 3749 rum
226 3712 287 3766 quae
301 3696 431 3765 vidimus,
449 3700 584 3755 memoria
594 3701 813 3769 recondimus‚et
824 3703 854 3756 in
864 3708 939 3757 tene·
980 3704 1024 3759 vel
1037 3719 1086 3774 pro
1097 3701 1166 3756 meis
1179 3698 1296 3766 meritis,
1308 3700 1382 3752 nibil
1392 3698 1545 3766 gloriabor,
1552 3697 1620 3768 quia
1626 3684 1746 3767 gotald

143 3780 202 3838 bris
217 3801 250 3839 ea
269 3801 324 3857 qua
338 3787 465 3843 videmus
480 3789 670 3860 imaginaliter
684 3791 843 3846 cernimus:
860 3792 939 3847 insu·
981 3809 1043 3848 sum
1058 3791 1086 3845 id
1096 3789 1169 3861 quod
1181 3805 1253 3853 sum,
1268 3790 1325 3842 atsi
1336 3787 1553 3855 infirmitatibus
1566 3790 1643 3840 mets.
1657 3775 1746 3837 introi

144 3875 350 3944 peretsomnia
364 3881 393 3932 et
406 3878 524 3933 aediticia
538 3879 940 3953 etlvnminesquosdudumvi·
982 3881 1048 3937 tntis
1067 3879 1181 3934 nomine
1202 3875 1413 3948 comprehendit
1433 3874 1529 3930 omnia
1555 3867 1746 3929 incommodas

143 3961 248 4034 dimus,
260 3964 300 4019 sic
311 3965 430 4037 spiritali
444 3968 550 4023 visione
565 3968 691 4024 videmus
705 3970 734 4023 in
745 3970 840 4024 onivnn
861 3969 940 4042 quusi
981 3969 1126 4044 passiones
1136 3984 1206 4039 quas
1229 3964 1386 4021 sustinebat
1410 3981 1461 4036 pro
1488 3963 1602 4020 Christi
1613 3954 1745 4024 nominato

144 4059 297 4123 praesentes
309 4055 364 4110 sint
383 4055 473 4112 nobis.
489 4056 554 4112 Istae
569 4059 630 4114 duae
644 4059 763 4113 visiones
778 4075 941 4113 communes
982 4059 1150 4133 quibusipse
1163 4054 1348 4128 gloriabatur.

144 4147 211 4197 sunt
225 4143 304 4198 nobis
317 4162 381 4198 cum
392 4145 539 4216 pecoribus
552 4152 580 4200 et
594 4147 762 4213 volatilibus,
771 4165 832 4219 quae
843 4153 940 4201 etcor·
1016 4149 1089 4204 Naevi
1097 4153 1121 4202 et
1131 4150 1155 4200 si
1167 4149 1276 4200 voluero
1284 4145 1415 4212 ploriari,
1431 4141 1568 4199 subaudis
1578 4131 1748 4216 propterneri·

145 4246 214 4301 pora
233 4231 328 4285 vident
343 4238 371 4286 et
384 4234 444 4288 loca
463 4235 576 4306 propria
595 4243 807 4306 recognoscunt.
825 4236 869 4291 Sic
893 4251 941 4308 pe·
980 4242 1041 4294 tum
1057 4236 1130 4308 quod
1142 4232 1231 4289 habco
1246 4232 1320 4304 apud
1331 4232 1431 4298 Deum,
1442 4248 1497 4286 non
1507 4248 1553 4287 ero
1566 4218 1748 4302 rispampini

146 4334 212 4374 cora
221 4326 377 4391 agnoscunt
391 4324 526 4394 praesepia
538 4339 589 4378 sua
601 4328 630 4378 et
643 4341 707 4379 aves
725 4326 758 4380 ad
775 4326 855 4380 nidos
875 4343 940 4380 suos
982 4323 1249 4388 narrandoQuarc?
1270 4324 1412 4377 Verrinam
1430 4323 1506 4374 eninr
1521 4322 1624 4375 dicam.
1634 4320 1685 4375 lloc
1693 4310 1764 4373 diat.

145 4408 266 4462 redeunt
279 4409 344 4480 quia
355 4411 538 4466 recordentur
551 4412 727 4468 illov·uvn.Est
740 4407 1047 4488 ette1·tinrisiquuia
1063 4414 1085 4469 si
1101 4413 1233 4467 meritum
1247 4426 1329 4465 suum
1346 4410 1513 4481 profiteatur
1527 4410 1603 4482 quod
1612 4407 1687 4464 habet
1696 4397 1749 4474 apid

145 4496 351 4563 intellectualis,
368 4516 451 4570 quam
463 4500 624 4556 nullatenus
634 4501 737 4558 habent
747 4520 848 4574 pecora
859 4510 886 4559 ct
897 4520 941 4558 vo·
981 4507 1081 4566 Deum,
1094 4519 1148 4557 non
1164 4501 1217 4555 erit
1231 4498 1633 4570 imprudens.quieveritatem
1643 4493 1747 4568 loquitu-

145 4585 245 4650 iatilin,
261 4588 310 4642 scd
327 4589 419 4660 angeli
435 4595 462 4645 ct
473 4589 601 4646 lvomines
615 4591 725 4646 ratione
739 4593 941 4649 utentes.Unde
983 4596 1055 4664 Ergo
1070 4592 1092 4647 si
1108 4591 1170 4664 quis
1183 4607 1233 4662 pro
1257 4588 1380 4643 utilitate
1403 4595 1431 4641 et
1453 4587 1638 4643 aediticatione
1658 4585 1752 4641 mono

144 4679 314 4745 intellectus,
330 4678 359 4733 id
380 4686 423 4734 est
433 4678 505 4736 ratio
522 4699 528 4748 ;
541 4684 636 4735 tamen
650 4698 704 4736 nan
716 4682 744 4736 in
755 4682 885 4736 omnibus
896 4683 942 4737 ho·
984 4683 1087 4738 bonum
1098 4680 1150 4735 sibi
1161 4678 1466 4733 divinitusconcessum
1476 4677 1753 4733 cumhumilitetentr‘

144 4767 269 4825 minibus
283 4769 429 4840 aequaliter
443 4769 525 4841 viget.
542 4770 689 4825 intellectu
705 4775 798 4825 evitem
815 4772 875 4825 sine
900 4787 943 4826 ra·
983 4778 1037 4838 rat,
1053 4787 1110 4825 non
1124 4769 1183 4840 agit
1203 4767 1378 4839 insipienter,
1395 4767 1462 4838 quia
1479 4767 1627 4822 veritatem
1643 4762 1752 4836 loquitar·

145 4857 221 4913 tione
233 4859 430 4925 discernimus,
448 4859 522 4930 quod
533 4859 601 4914 illud
617 4861 654 4914 sit
667 4877 777 4932 corpus,
792 4860 859 4914 illud
868 4860 943 4914 simi·
983 4862 1108 4926 uuir-am
1117 4858 1219 4913 bonum
1230 4854 1692 4928 quodliabet‚·'p1·optcrjactantiam
1704 4844 1756 4903 tiiis

144 4946 378 5019 litudocorporis,
396 4956 424 5004 et
439 4966 489 5020 per
502 4950 574 5005 lianc
585 4949 716 5004 visionem
732 4950 842 5005 videtur
857 4949 940 5019 justi·
983 4950 1125 5023 praedicat,
1145 4948 1283 5018 deputans
1306 4946 1374 5001 illud
1409 4946 1467 5000 suis
1495 4946 1614 5014 meritis,
1637 4944 1676 5000 vel
1696 4929 1756 5012 qlld

146 5030 195 5098 tio,
212 5034 343 5100 charitas,
356 5037 414 5106 ipsu
426 5037 509 5092 Deus.
526 5038 567 5092 nd
584 5038 666 5092 istam
682 5054 748 5107 crgo
760 5037 891 5091 visionem
903 5037 942 5089 in·
982 5055 1039 5093 non
1054 5036 1139 5092 holiet
1150 5036 1218 5089 dicit
1231 5052 1260 5089 se
1282 5033 1394 5101 habere,
1409 5034 1546 5106 insipiens
1561 5040 1589 5090 et
1601 5034 1704 5090 nimium
1718 5022 1758 5079 ⁶⁵¹

145 5118 343 5185 tellectualem,
360 5140 421 5193 quae
437 5133 478 5178 est
492 5126 585 5190 tertio,
602 5132 630 5180 et
645 5142 705 5196 qum
720 5125 943 5196 designaturper
983 5125 1146 5198 imprudens
1161 5143 1167 5189 ;
1184 5124 1251 5196 quia
1265 5123 1442 5178 mendacium
1459 5125 1605 5196 loquitur:
1628 5127 1699 5180 Pareo
1712 5128 1755 5170 Ν·

144 5207 259 5261 tertium
273 5209 382 5275 cmluvn,
398 5228 459 5280 quse
471 5213 555 5267 etiam
565 5215 740 5270 transcendit
753 5215 943 5269 sunexcellen·
984 5222 1046 5282 torn,
1062 5215 1091 5268 id
1104 5220 1146 5268 est
1158 5213 1271 5268 dimitto
1281 5230 1397 5268 narrare
1410 5213 1532 5284 gloriam
1548 5230 1640 5269 meam
1654 5201 1754 5268 etam·

145 5300 186 5354 tin
200 5299 271 5353 duas
283 5300 451 5371 praestitisses,
463 5301 502 5354 ita
513 5308 610 5372 raptus
621 5310 647 5358 et
658 5305 782 5359 elevatus
792 5307 834 5357 cst
844 5303 942 5357 divini·
983 5313 1043 5360 tuvn
1057 5311 1142 5375 atquo
1156 5303 1287 5375 gratiam,
1305 5319 1337 5357 ne
1351 5307 1411 5372 pois
1427 5320 1469 5357 inc
1481 5306 1625 5359 esistivoet
1638 5315 1708 5373 supra
1725 5284 1752 5344 ’ἵ

143 5396 190 5446 tus
205 5389 365 5462 Apostolus,
378 5395 409 5443 ut
423 5391 511 5444 Deum
525 5406 578 5444 non
595 5409 761 5465 percorpus,
778 5411 833 5448 non
848 5393 941 5464 persi·
983 5396 1054 5463 quod
1068 5394 1138 5447 evitet
1153 5395 1183 5445 in
1202 5408 1254 5449 nir.
1268 5396 1317 5445 out
1331 5393 1410 5444 audit
1425 5393 1536 5461 alv'qvvicl
1550 5409 1584 5447 ee
1595 5409 1645 5447 mc.
1660 5378 1749 5446 Nelei*t

144 5479 333 5537 militudinem
348 5479 533 5550 corporis,sed
543 5480 614 5534 sicut
629 5488 671 5536 est
685 5483 746 5554 ipsa
760 5484 870 5538 Veritas
880 5499 942 5537 cer·
983 5483 1133 5554 Apostolus
1148 5496 1264 5535 narrare
1280 5479 1401 5551 gratiam
1414 5479 1467 5534 sibi
1476 5480 1619 5552 largitam,
1631 5468 1745 5553 quitavit*

146 5575 228 5629 uerat
240 5586 246 5624 ε
256 5573 285 5627 et
298 5567 372 5644 sieut
384 5566 520 5626 videndus
530 5572 572 5624 est
585 5573 649 5645 post
662 5569 829 5630 bonevitam
837 5571 942 5632 abom-
984 5571 1031 5628 bat
1039 5573 1131 5645 major
1140 5586 1277 5650 apparere
1285 5575 1314 5626 et
1322 5569 1445 5632 sanctior
1454 5586 1542 5647 quum
1550 5556 1742 5633 eraeladet'vit
