3818 6104
128 276 181 336 807
351 273 540 333 neironis
561 273 806 332 HALBERSTAT.
824 276 936 334 EPISG.
955 279 1035 338 OPP.
1048 283 1141 340 PARS
1154 282 1177 342 1.
1194 313 1227 325 -
1243 283 1433 345 OObfflEN’l'.
1450 287 1547 348 BlBL.
1709 289 1750 351 bid

128 402 239 458 sortiter
249 403 392 475 redarguit
407 403 470 458 illos
481 401 528 473 qui
541 401 730 455 dissensiones
745 401 820 456 inter
829 401 961 465 fratresA
972 422 1032 473 qna
1043 408 1117 472 sucta
1128 410 1283 462 esttuAstu.
1297 408 1325 464 Si
1333 409 1484 466 dividimus
1504 413 1749 484 mundumpertns

129 492 315 556 seminabant,
332 499 361 546 et
376 509 424 545 eus
439 492 485 561 qui
501 507 564 544 cunr
592 490 640 544 illu
665 490 827 544 societatem
845 491 930 544 habe·
973 502 1076 564 partos.
1105 497 1262 551 invenimus
1281 499 1459 553 medietatem
1485 501 1575 556 tutius
1600 503 1749 568 mundinae

128 577 208 646 bant,
224 597 331 635 necnon
344 587 372 634 et
387 581 465 634 illum
477 579 523 649 qui
539 595 653 633 uxorem
670 579 757 648 patris
773 584 929 649 acceperat,
971 585 1077 645 Asiam.
1093 585 1175 638 aliam
1189 603 1254 639 vero
1280 587 1458 642 medietatem
1484 595 1584 645 tenere
1595 591 1668 645 inter
1684 592 1748 656 Enna

130 685 213 740 quern
232 669 357 740 praecipit
370 669 433 738 ejici
448 667 615 720 acunsortio
629 667 765 730 omnium,
776 668 891 721 tradens
901 667 932 721 il·
973 689 1036 743 pam
1050 678 1076 726 et
1088 674 1220 730 Africam.
1233 675 1261 729 Si
1279 692 1341 729 vero
1357 676 1566 748 quadripartite
1581 680 1657 733 illurn
1668 681 1745 743 divisa

131 757 188 812 lum
200 758 309 811 Satanas
320 757 354 811 ad
366 755 546 810 cruciandum
557 773 563 821 ;
577 755 605 808 in
617 771 672 824 qua
683 755 800 808 tradidit
808 756 848 808 eis
860 772 933 826 mys·
974 762 1071 826 rimus,
1080 769 1163 816 erunt
1173 771 1268 833 partes
1278 766 1338 834 ejus
1346 765 1458 837 Europa
1467 773 1497 820 et
1511 767 1608 820 Africa
1622 768 1743 830 :Asiana-

130 827 233 900 t‘erium
250 845 375 915 corporis
394 854 422 898 et
436 844 581 912 sanguinis
596 842 754 906 Domini,et
764 844 836 912 quod
847 843 932 897 debe·
971 852 1026 920 jor,
1039 852 1142 905 etAsia
1161 851 1263 915 minen
1278 853 1307 905 in
1319 869 1373 922 qua
1385 855 1490 909 multas
1500 855 1689 911 tribulationes
1698 878 1742 931 pra

128 939 193 988 rent
207 934 274 987 illud
283 950 405 995 sumere,
418 940 446 986 et
458 932 532 1002 quod
548 931 683 985 deberent
699 931 748 984 riri
762 940 790 985 et
800 932 932 986 mulieres
973 939 1039 993 tulit
1050 940 1219 1010 Apostolus:
1236 941 1310 994 dicta
1324 949 1367 995 est
1381 950 1476 997 autem
1491 945 1661 1014 generaliter
1676 951 1740 1005 unuh

128 1022 157 1076 in
170 1022 286 1076 ecclesia
300 1027 376 1075 stare
402 1022 441 1075 De
457 1020 661 1074 resurrectione
675 1036 787 1090 quoque
809 1021 932 1074 instituit
973 1028 1049 1091 Asia,
1060 1028 1125 1081 Asia
1138 1029 1273 1099 majona
1287 1030 1351 1083 Asia
1369 1030 1470 1095 minor,
1487 1031 1637 1087 „muliere
1648 1036 1738 1105 quadam

129 1109 202 1175 illos,
212 1109 285 1163 etde
300 1109 396 1164 multis
407 1109 471 1163 aliis
483 1107 575 1162 rebus.
595 1109 820 1177 Postquamreru
831 1125 933 1178 cogno·
974 1133 1035 1186 qnae
1048 1116 1135 1170 totius
1151 1117 1231 1187 regni
1246 1117 1362 1172 orientis
1386 1118 1535 1190 imperium
1552 1121 1649 1181 tenuit,
1664 1123 1738 1191 quoda

129 1197 229 1252 viteus
245 1198 438 1269 pernitentiam
455 1197 545 1266 egisse
555 1196 590 1249 de
605 1196 663 1249 suis
681 1195 834 1261 erroribus,
851 1197 930 1250 ittam
974 1221 1024 1258 sno
1040 1204 1154 1257 nomine
1171 1205 1278 1258 vucavit
1291 1205 1396 1259 Asiam.
1422 1206 1465 1261 Ab
1490 1207 1586 1262 indico
1600 1209 1739 1281 mariusque

130 1285 477 1357 qu0que8811000¹180sti⁰
498 1284 647 1338 exclusisse
668 1285 715 1356 qui
730 1285 865 1338 inceslum
883 1302 932 1356 pss·
973 1294 1008 1347 ad
1019 1292 1211 1347 Britannicum
1223 1311 1321 1348 omnes
1331 1295 1737 1357 illaeinsulae,Asianaeruuantur.

128 1381 263 1437 tlstlefflt·
291 1390 405 1427 ΠΧΟΓΘΠ]
436 1373 523 1444 Patris
550 1373 698 1442 &ciniensi
730 1374 843 1444 scripsit
857 1374 933 1427 <³188
973 1382 1011 1436 Ut
1021 1397 1087 1450 ergo
1102 1380 1240 1434 Corinthii
1250 1382 1296 1452 qui
1314 1384 1537 1453 persecutionem
1554 1385 1737 1440 sustinebantab

129 1463 238 1518 Troade
253 1462 326 1516 hanc
348 1462 500 1532 Epistulam
525 1461 711 1515 laudatoriam
737 1468 764 1516 et
779 1463 931 1517 consolato·
972 1467 1141 1530 infidelibus,
1156 1486 1211 1523 uon
1227 1470 1388 1536 deficerent,
1399 1471 1448 1526 dat
1458 1471 1498 1525 eis
1506 1473 1650 1542 Apostolus
1662 1479 1737 1526 semer.

131 1550 214 1616 riam,
228 1550 256 1603 in
272 1550 406 1620 quadicit
423 1549 484 1603 illos
506 1549 729 1603 misericordiam
745 1551 884 1605 invenisse
903 1557 932 1606 et
972 1557 1064 1627 ipsum
1080 1557 1108 1610 in
1124 1559 1293 1628 exemplum.
1310 1558 1405 1613 dicens
1421 1577 1426 1611 :
1444 1559 1561 1614 Nolunt
1575 1560 1736 1631 ignoretistri·

131 1644 244 1692 revocat
259 1637 338 1691 illurn
353 1639 555 1700 miserrimum,
575 1655 661 1709 quem
674 1646 757 1693 antea
773 1639 931 1694 tradiderat
972 1645 1132 1699 halationes
1144 1662 1214 1716 quas
1229 1662 1279 1700 nos
1294 1647 1477 1706 sustinemus.
1498 1656 1531 1703 ut
1541 1648 1736 1719 nostroerenplu

130 1730 251 1795 Satanae,
267 1729 451 1784 reconcilians
479 1730 558 1784 illum
588 1731 725 1795 Ecclesiae,
743 1711 1230 1805 hortaturquessroboreminiQuid
1240 1735 1314 1788 enim
1323 1736 1425 1789 mirum
1434 1736 1457 1789 si
1473 1735 1602 1806 discipuli
1617 1735 1734 1790 verberari·

126 1818 190 1872 illos
205 1835 317 1890 semper
329 1820 466 1889 prolicere
481 1819 516 1872 ad
532 1819 656 1874 meliora.
971 1827 1017 1875 tur
1028 1838 1092 1875 cum
1105 1821 1235 1892 magistri
1245 1823 1421 1876 decollentur
1437 1824 1646 1894 crucifigantur,
1658 1821 1736 1892 ellopi-

971 1909 1189 1977 denintunam
1205 1927 1291 1978 suipra
1302 1913 1414 1965 inodain
1423 1916 1536 1979 pracati
1543 1919 1664 1966 saturaret
1675 1925 1735 1980 supro

379 1960 496 2017 CAPUT
511 1961 670 2016 PRIMUM·
971 2001 1111 2051 uirtutem.
1129 1999 1199 2052 Cum
1222 1998 1295 2052 idem
1326 2000 1478 2070 Apostolus
1496 1999 1525 2052 in
1542 2000 1659 2071 Epistola
1671 2001 1734 2070 priua

166 2089 268 2141 Pontus
281 2088 417 2154 apostolus
427 2087 490 2139 lei-u
502 2087 614 2141 Christi,
632 2086 665 2140 Et
680 2085 731 2140 hoc
739 2086 797 2155 jum
822 2085 892 2140 satis
902 2086 930 2141 in
972 2087 1059 2140 dicat:
1073 2086 1176 2141 Fidelis
1186 2088 1261 2141 Deus
1278 2088 1392 2159 quinon
1408 2090 1534 2159 patietur
1551 2106 1599 2143 rus
1609 2089 1734 2144 mutarim

129 2175 321 2246 superioribus
335 2175 441 2228 dictum
458 2178 510 2227 est.
523 2176 574 2227 Per
587 2178 757 2228 autoritatem
772 2177 827 2228 hai.
839 2175 931 2230 Patris
972 2191 1023 2246 pra
1037 2175 1063 2228 id
1077 2175 1150 2244 qnod
1160 2176 1285 2246 potestis,
1296 2177 1477 2247 quarendum
1487 2185 1531 2232 est
1540 2194 1626 2249 quare
1636 2178 1673 2231 hic
1684 2177 1733 2230 diat

130 2269 160 2319 et
174 2264 260 2320 tutius
270 2264 426 2326 Trinitatis,
443 2265 573 2334 quoniam
596 2263 670 2317 sicut
695 2280 751 2317 una
773 2263 930 2318 substantia
971 2280 1057 2334 supra
1066 2264 1177 2319 modum
1185 2280 1214 2317 se
1221 2266 1511 2335 essegravatumlAd
1523 2267 1596 2337 quud
1607 2266 1730 2330 dicendum,

128 2353 277 2408 Trinitatis
291 2359 335 2408 est
346 2360 374 2407 et
392 2352 511 2406 indivisa
534 2354 676 2423 majestas
694 2353 773 2406 itaet
787 2353 929 2423 insepara·
971 2353 1036 2422 quia
1051 2352 1117 2405 licet
1138 2369 1224 2423 supra
1250 2353 1364 2407 modurn
1381 2353 1439 2408 siut
1459 2355 1579 2424 gravati,
1595 2355 1622 2408 id
1636 2363 1672 2408 est
1683 2354 1733 2407 ultra

131 2442 193 2495 bilis
211 2442 346 2496 voluntas
378 2443 410 2496 Et
437 2443 601 2502 Timotheus,
624 2441 757 2508 [raterin
783 2440 847 2504 side,
872 2440 929 2494 sive
970 2443 1126 2496 humanum
1142 2442 1733 2513 modum,etultraquarnhumanairaailitat

132 2531 225 2585 socius
238 2530 266 2584 in
282 2530 490 2602 praedicatione,
507 2538 667 2584 nontamen
678 2529 792 2601 aequalis
801 2529 830 2583 in
841 2529 931 2599 digni·
971 2547 1020 2584 sua
1036 2531 1139 2583 virtute
1150 2535 1242 2600 potest
1252 2530 1379 2594 sufferre,
1391 2538 1552 2586 nontamen
1563 2530 1732 2585 ultradiiinau

130 2624 199 2674 tate.
216 2621 340 2674 Ecclesia
361 2621 411 2673 Ilei
434 2636 493 2687 qne
511 2628 548 2673 cst
577 2619 713 2673 Corinthi.
732 2617 859 2672 Forsitan
874 2634 930 2671 non
971 2623 1114 2685 virtutem,
1131 2640 1193 2692 quae
1208 2624 1247 2678 eis
1257 2624 1437 2678 tolerantiam
1462 2624 1618 2678 sustinendi
1637 2624 1733 2678 etvini-

131 2708 275 2763 habebant
295 2708 387 2762 adhuc
416 2709 563 2779 praelatum
582 2708 754 2778 episcopum,
769 2705 833 2760 ideo
854 2706 930 2760 omni
971 2720 1028 2766 tem
1043 2712 1192 2783 superandi
1208 2712 1317 2777 tribuit,
1345 2715 1394 2777 itu,
1411 2713 1513 2784 inquit,
1527 2728 1624 2767 sumus
1645 2708 1732 2783 gravati

130 2798 259 2852 Ecclesia
274 2798 370 2869 dirigit
972 2806 1002 2854 ut
1019 2802 1125 2855 tederet
1138 2818 1186 2854 nos
1201 2804 1285 2856 etium
1312 2805 1409 2856 cn'ecre.
1436 2802 1562 2856 Toedium
1586 2808 1628 2856 est
1642 2799 1735 2855 arixietas

167 2888 326 2942 benedictas
336 2890 416 2953 dens,
427 2885 561 2941 subaudis
573 2887 656 2940 Pater
675 2885 793 2939 Creator
804 2884 930 2939 omnium
973 2885 1060 2939 animi
1079 2903 1084 2938 :
1106 2884 1258 2955 aliquando
1279 2901 1329 2956 pro
1351 2886 1551 2956 aggravatione
1578 2885 1688 2957 punitur,
1702 2879 1734 2934 ali

90 3017 99 3023 .
133 2977 295 3045 rerum‚qui
303 2983 345 3029 est
353 2977 552 3029 Paterlluinini'
572 2977 661 3028 nostri
674 2975 858 3037 lesicChristi,
874 2981 931 3027 tem
974 2971 1086 3041 quando
1096 2986 1145 3038 pru
1156 2968 1229 3033 odio,
1242 2969 1335 3022 uthic.
1347 2967 1493 3023 intantum
1508 2969 1653 3040 (inquiens)
1666 2980 1734 3021 sunus

135 3063 289 3117 secundum
303 3064 489 3126 divinitatem,
502 3081 585 3133 quam
607 3064 759 3116 secundum
777 3062 964 3129 humanitas,
974 3057 1082 3128 gravati
1100 3056 1247 3127 pressuris,
1260 3062 1291 3110 ut
1301 3056 1364 3110 odio
1376 3056 1545 3112 haberemus
1561 3057 1736 3128 vitampraseu·

132 3156 200 3204 tem.
213 3150 324 3205 Aliter:
354 3151 521 3205 Benedictus
545 3153 620 3205 Deus
636 3151 732 3215 Filius,
753 3154 802 3220 qui
821 3156 883 3205 erat
901 3152 931 3205 in
972 3145 1321 3215 teni.etrellemusputius
1341 3144 1411 3199 muri
1425 3161 1510 3216 quarn
1526 3147 1633 3213 virere,
1651 3138 1734 3212 sedipi

133 3238 272 3310 principio
305 3239 429 3292 Verbum
458 3240 530 3309 apud
559 3240 681 3304 Patrem,
703 3239 750 3309 qui
777 3245 818 3293 est
847 3240 932 3295 Pater
971 3237 1000 3290 iu
1015 3235 1221 3305 nobismetipsis
1232 3251 1396 3305 responsum
1410 3234 1509 3288 mortis
1520 3235 1733 3289 habuimusntnuu

132 3325 249 3381 Domini
265 3328 352 3380 nostri
366 3328 432 3380 Jesu
463 3327 578 3391 Christi,
600 3327 627 3379 id
658 3334 701 3380 est
726 3327 847 3381 hominis
866 3344 883 3381 a
901 3344 931 3381 se
972 3327 1060 3380 simus
1070 3325 1224 3379 fidentesin
1235 3322 1325 3377 nobis.
1335 3323 1382 3376 sed
1395 3322 1422 3376 in
1434 3323 1493 3378 Deu
1513 3323 1561 3394 qui
1574 3323 1734 3378 suscitetnur·

134 3416 280 3487 assumpti.
297 3417 395 3470 Tutius
409 3415 483 3469 enim
499 3414 646 3469 Trinitatis
660 3432 744 3485 opere
764 3422 875 3469 creatus
889 3421 933 3470 est
972 3420 1046 3468 tuus.
1063 3412 1141 3476 Quod
1159 3415 1250 3483 potest
1266 3428 1341 3465 mors
1355 3411 1431 3481 loqui
1447 3418 1474 3466 et
1504 3404 1733 3482 responsurudne?

134 3506 182 3561 ille
199 3506 291 3559 homo.
307 3504 414 3558 'lamen
443 3504 677 3558 considerandum
698 3503 763 3574 quia
782 3504 933 3558 dividimus
973 3504 1031 3556 Nus
1044 3502 1146 3572 inquit,
1162 3501 1215 3572 ipsi
1230 3500 1381 3554 habuimus
1395 3500 1423 3553 in
1440 3500 1593 3571 nobisipsis
1604 3506 1732 3571 responsum

132 3612 277 3667 personae,
289 3596 337 3649 sed
349 3610 403 3648 non
416 3592 803 3663 distinguimussubstantias.
813 3595 837 3647 A
847 3591 932 3647 bone-
974 3590 1117 3648 niurtis.id
1127 3595 1169 3643 est
1183 3589 1243 3660 ipsa
1256 3605 1331 3642 mors
1346 3594 1375 3641 et
1388 3588 1534 3642 tribulatio
1551 3578 1733 3659 atquemgustit

133 3684 303 3739 dictionibus
323 3690 352 3738 et
379 3682 510 3737 laudibus
531 3682 672 3736 inchoarit
685 3683 836 3752 Apostolus
855 3697 933 3736 mure
974 3678 1083 3733 dicebat
1097 3677 1176 3731 nobis
1191 3677 1219 3731 in
1235 3678 1327 3741 corde,
1358 3677 1424 3732 dum
1451 3671 1733 3731 cruciaremur5Nulitt

133 3773 368 3844 patriarcharum,
395 3780 613 3842 sanctorumque
640 3773 776 3825 Patrnm:
800 3771 932 3842 quodubi
974 3767 1152 3823 conliderein
1163 3765 1306 3828 vubis,sed
1319 3766 1346 3820 in
1357 3767 1415 3820 Deo
1438 3766 1572 3835 quoniam
1588 3757 1734 3836 nonpoiutis
1762 3791 1767 3801 ·

133 3861 284 3922 invenitur,
301 3879 333 3916 ea
348 3878 410 3933 quae
423 3871 582 3932 sequuntur
604 3877 737 3932 prospere
766 3860 930 3914 succedunt.
975 3864 1066 3910 restra
1078 3856 1180 3909 virtute
1191 3855 1365 3908 aulaliumm
1376 3854 1521 3909 hominnm
1533 3855 1639 3908 vincere
1648 3853 1737 3906 huscru·

133 3954 215 4007 Puter
225 3953 494 4014 misericordiarum,
510 3949 643 4005 subaudis
653 3949 691 4004 sit
706 3949 869 4003 benedictus
884 3949 932 4020 qui
974 3944 1072 3998 ciatus.
1090 3944 1188 3997 Ponite
1202 3944 1231 3996 in
1249 3944 1305 3996 Deo
1321 3943 1452 3996 fiduciam
1465 3950 1492 3997 et
1504 3960 1583 4014 spem
1598 3933 1740 4001 resanuit

134 4041 287 4095 secundum
302 4039 511 4094 multitudinem
527 4055 653 4092 errorum
675 4046 701 4091 et
717 4038 866 4091 criminum
882 4054 931 4091 ve·
974 4035 1033 4104 ipse
1044 4033 1092 4103 qui
1107 4033 1224 4086 suscitat
1234 4040 1368 4085 mortuos.
1377 4032 1482 4101 poterit
1494 4033 1642 4103 utiqueros
1652 4032 1742 4083 emere*

134 4135 268 4190 atrorum,
285 4128 403 4197 largitus
418 4136 459 4180 est
474 4127 550 4180 vobis
577 4127 769 4197 poenitentiam
785 4125 934 4195 agentibus
974 4121 1098 4177 sicenim
1115 4120 1261 4173 videbatur
1274 4120 1330 4173 illis
1346 4120 1426 4190 quasi
1442 4120 1477 4173 de
1499 4121 1619 4174 mortuis
1636 4117 1665 4171 ad
1677 4113 1748 4166 ritum

135 4216 304 4285 multiplices
331 4215 548 4277 misericordiae,
564 4215 736 4284 indulgendo
763 4214 932 4267 vobiscum·
974 4207 1752 4294 revocarentur.Adjuruutibusrobisinorotionuprottf'

136 4304 223 4356 missa
245 4303 360 4365 scelera,
372 4309 396 4354 ct
410 4304 478 4354 licus
490 4307 571 4354 totins
587 4306 791 4370 colluctationis,
800 4301 933 4356 subaudis
976 4302 1025 4365 bin,
1041 4297 1174 4352 subaudis
1185 4298 1266 4358 iacta,
1278 4303 1309 4350 ut
1320 4297 1475 4367 eripiamur
1484 4304 1510 4350 et
1523 4312 1573 4350 nus
1588 4297 1621 4350 de
1634 4290 1754 4363 angustfl’

135 4392 173 4445 sit
187 4390 359 4444 benedictus.
386 4391 469 4443 Recte
483 4391 556 4442 Deus
570 4390 658 4444 totius
672 4391 870 4445 consolationis
883 4407 933 4461 up-
975 4387 1176 4458 hujusmundi,
1187 4372 1257 4440 utcu
1269 4389 1426 4439 multarum
1438 4389 1565 4454 personis
1574 4377 1757 4453 sucicmnejtss

136 4479 509 4552 pellatur,quiaquicunque
523 4479 661 4532 consolari
676 4488 819 4533 merentur
829 4478 864 4532 ab
875 4480 932 4543 illo,
975 4495 1033 4547 pun
1047 4482 1076 4530 in
1093 4479 1169 4530 nobis
1184 4480 1221 4528 est
1235 4477 1460 4542 donatiour's,per
1471 4477 1573 4529 multer
1582 4470 1763 4543 quartantur·

136 4568 507 4643 etperillumconsolantur.
525 4568 934 4635 b’tpos-sunusettpsicuusoto-
976 4573 1023 4620 tur
1046 4568 1196 4636 pronubis.
1216 4565 1285 4618 Ecce
1314 4563 1431 4617 confusa
1458 4563 1608 4617 sententia.
1624 4552 1767 4631 rmpdtu‘

136 4665 165 4716 rt
178 4677 220 4715 eos
234 4663 284 4728 qai
298 4662 329 4713 in
357 4660 436 4712 omni
454 4672 587 4725 pressura
610 4662 685 4709 aurit.
697 4657 763 4710 Ideo
776 4657 935 4711 consulatur
976 4658 1049 4711 enirn
1063 4655 1276 4725 suitApostolus
1286 4651 1481 4716 sernioru·,sed
1500 4626 1773 4713 noueremusicfl‘

136 4749 357 4822 nosApostolus,
368 4746 511 4800 liberando
519 4744 757 4799 deatnictionibus
775 4750 935 4817 persecuto·
976 4747 1075 4817 ipsede
1087 4745 1178 4814 seipso
1189 4743 1265 4797 dicit.
1279 4741 1364 4796 istius
1379 4739 1508 4794 versiculi
1524 4740 1578 4794 ista
1592 4746 1633 4794 est
1647 4729 1773 4792 conns*

136 4856 210 4903 rum,
223 4847 308 4894 etnos
320 4839 423 4893 iterum
440 4843 535 4891 nostro
547 4834 630 4889 norbo
648 4843 676 4888 et
691 4834 817 4903 exemplu
839 4851 935 4889 conso·
976 4835 1030 4888 ctio
1048 4853 1053 4886 :
1071 4833 1135 4887 ideo
1155 4849 1205 4903 per
1216 4839 1322 4885 vestras
1338 4829 1480 4883 orationes
1493 4827 1622 4883 liberabit
1633 4807 1773 4910 αἰθίοψ

136 4927 228 4981 lemur
238 4929 302 4983 illos
315 4927 362 4997 qui
375 4928 403 4980 in
418 4925 495 4980 omni
507 4940 639 4997 pressura
661 4929 689 4977 ct
712 4923 842 4992 angustia
856 4928 932 4979 sunt.
975 4923 1114 4995 pressuris
1128 4925 1337 4992 persecuturum
1351 4923 1382 4972 ut
1397 4935 1429 4973 ex
1444 4917 1542 4972 inultis
1559 4899 1773 4988 personistacssf

138 5014 176 5068 Et
194 5016 355 5085 quomodo?
377 5018 428 5068 Per
437 5017 655 5069 colluctationem
671 5029 727 5079 uico
740 5015 931 5076 ertiurtuuaur,
974 5029 1049 5076 rum,
1061 5011 1087 5064 id
1099 5016 1141 5065 est
1152 5009 1309 5066 hominum,
1321 5008 1507 5079 aganturDeo
1518 5007 1617 5077 gratia
1630 5019 1675 5076 pru
1686 4988 1773 5075 nub]

138 5103 166 5156 id
177 5104 370 5162 ostdoceuiur,
384 5103 530 5163 liberandi,
541 5109 564 5156 ct
584 5105 638 5170 ipsi
655 5119 672 5155 u
690 5104 751 5155 Deo.
771 5101 932 5156 Exhortatio
975 5100 1142 5172 permultos
1157 5099 1284 5152 homines
1300 5099 1360 5167 ejus
1375 5096 1609 5166 donationisque
1622 5088 1730 5147 donatio
1754 5078 1773 5114 ¹

139 5191 245 5262 species
264 5189 457 5244 estdoctrinae.
476 5192 558 5245 Verbi
575 5192 681 5261 gratia:
699 5200 770 5244 tum
785 5197 835 5243 unt
851 5189 933 5243 verbu
976 5189 1124 5255 nobisest;
1139 5203 1238 5241 sensus
1257 5193 1351 5239 autem
1375 5184 1427 5238 iste
1437 5190 1495 5237 est:
1519 5183 1624 5239 idcirco
1638 5181 1702 5235 Deus
1712 5165 1773 5228 1¹⁴

138 5280 267 5350 simplici,
285 5288 334 5332 aut
346 5279 471 5346 exemplo
487 5297 537 5333 suo
563 5282 603 5333 vel
622 5281 741 5334 aliorum
757 5281 935 5332 consolamur
977 5278 1106 5333 liberabit
1121 5292 1171 5348 per
1185 5282 1292 5329 vestras
1302 5273 1494 5330 orationes.ut
1505 5289 1568 5326 cum
1580 5254 1773 5325 nossemus*

137 5370 307 5440 aliquemne
323 5368 452 5437 desperet
476 5369 510 5421 de
527 5371 626 5436 salute,
643 5371 690 5424 sed
707 5371 744 5425 sit
767 5387 882 5424 securus
900 5368 935 5423 de
978 5366 1096 5424 liberati.
1114 5366 1273 5420 reserantur
1286 5364 1312 5418 ei
1337 5362 1435 5433 gratiae
1450 5378 1467 5414 a
1482 5361 1580 5414 multis
1603 5344 1773 5413 hominib¹³

138 5462 229 5517 venia.
977 5458 1078 5529 quibus
1094 5456 1248 5527 profuimus
1260 5461 1289 5507 et
1297 5468 1456 5523 prosumus,
1469 5457 1554 5522 atque
1567 5461 1690 5520 proresse
1702 5433 1773 5514 pss

174 5551 242 5607 Nolo
255 5565 301 5607 uos
314 5551 456 5617 ipuururc,
472 5550 584 5615 tratres,
602 5550 633 5602 de
648 5553 827 5609 tribulatione
840 5554 935 5605 nostra
976 5563 1083 5615 sumus,
1096 5544 1171 5616 quod
1182 5561 1230 5599 vos
1239 5541 1397 5605 exaudierit
1405 5557 1457 5614 pru
1471 5539 1553 5600 nobis
1565 5535 1701 5595 liberando
1713 5523 1773 5585 5³
