3818 6104
130 271 185 336 tlt
341 272 532 332 urimonte
552 272 1567 335 messmammiso.01>v.sstts11.-uonm.sslst.
1723 274 1778 335 biii

129 399 277 471 displiceat
290 399 363 467 otiis,
373 405 514 469 tunquam
535 402 756 455 inisericordiam
771 405 929 454 consecutus
937 403 1027 460 Anon
1040 401 1175 471 gaudent,
1192 400 1259 472 quia
1268 400 1309 454 sic
1324 401 1493 471 gaudentia
1507 400 1717 472 temporalibus
1730 401 1778 455 bo·

129 490 281 555 ebornino,
293 493 324 541 ut
334 491 388 541 situ
398 491 495 555 poem,
506 487 640 543 subaudis
651 487 822 552 consiliator,
835 489 934 543 etido·
974 488 1029 552 nis,
1045 495 1077 542 ut
1091 505 1202 559 semper
1219 496 1360 543 tormenta
1382 498 1520 560 perpetua
1541 491 1731 557 considerent,
1750 496 1778 545 et

128 593 200 637 oeus
218 577 249 632 ia
263 576 363 631 dandis
378 578 550 631 salutaribus
562 577 694 631 consiliis.
707 577 812 631 Paulus
823 583 934 648 aposto·
974 585 1109 631 amenum
1121 578 1171 632 Dei
1183 577 1322 646 judicium
1337 579 1471 644 timeant3
1486 584 1512 632 et
1529 582 1581 646 qui
1591 584 1702 643 entant,
1719 585 1778 651 tun-

129 664 175 725 lua
193 665 356 725 consiliator
366 665 415 719 liei
431 666 572 735 erat,quia
584 666 721 736 Spiritum
737 666 786 719 liei
799 665 930 730 habebat,
973 680 1058 732 quoru
1081 682 1137 719 non
1156 667 1334 734 possidentes.
1351 666 1427 719 Emit
1440 667 1544 737 aliquis
1566 667 1675 737 predia
1688 674 1777 723 terre·

130 753 279 825 sicutipse
298 754 368 809 alias
383 753 452 813 dicit
469 772 475 806 :
491 756 561 808 Puto
578 760 673 809 eutem
688 757 760 823 prend
775 761 800 808 et
813 771 860 821 epo
871 756 933 822 Spi-
973 768 1020 817 na,
1032 752 1127 820 boves,
1150 770 1245 809 servos
1266 760 1294 808 et
1308 755 1434 819 ancillas,
1445 756 1495 809 sed
1508 756 1589 826 quasi
1612 771 1671 809 uon
1691 756 1778 827 possi·

130 845 219 913 titum
232 843 283 897 det
297 840 813 897 bcdeam.1dcireodicit:Gratiamot
826 841 934 896 miseri·
974 841 1029 904 det,
1056 842 1123 895 dum
1138 850 1254 913 repente
1268 843 1303 896 ab
1319 843 1372 897 hoc
1393 845 1494 897 seculo
1508 845 1614 899 transit
1632 862 1684 915 per
1703 862 1776 901 mor·

130 930 255 989 cordiam
271 936 437 987 consecutus
452 947 526 995 sum,
542 936 575 985 at
588 932 641 985 sim
664 932 755 985 tidelis
770 932 934 986 consiliator
972 937 1032 983 tom
1045 930 1288 1001 corporisdliter:
1300 931 1497 985 Emuntmulti
1507 931 1583 986 bona
1596 934 1775 1003 temporalia,

129 1018 192 1086 aei,
210 1019 336 1090 ideoque
360 1019 512 1075 consilium
538 1036 633 1074 meum
661 1036 717 1074 uon
742 1020 830 1074 debeo
854 1020 932 1074 vobis
974 1024 1059 1088 atque
1072 1018 1108 1072 ad
1124 1035 1206 1073 usum
1232 1034 1313 1072 suum
1332 1019 1509 1097 aliorumque
1528 1026 1694 1092 praeparant
1716 1038 1775 1093 que

130 1106 312 1162 abscondero.
973 1107 1004 1160 in
1016 1106 1069 1165 boc
1079 1108 1181 1161 eaeeulo
1196 1107 1354 1161 necessaria
1369 1114 1445 1174 sunt,
1461 1108 1511 1162 sed
1536 1108 1619 1179 quasi
1637 1125 1693 1163 non
1715 1126 1792 1180 pos·-

163 1197 301 1253 lieistimo
315 1212 378 1264 et'po
390 1197 555 1251 inermen
566 1214 630 1263 esse,
642 1198 728 1252 idest
740 1198 930 1268 virginitatem
970 1194 1074 1257 sidant,
1088 1194 1157 1249 dum
1172 1195 1213 1249 sic
1226 1195 1508 1259 adhaerentterreais,
1523 1202 1628 1251 utnon
1643 1198 1792 1253 amitant

129 1300 251 1347 waere.
262 1290 375 1353 prepter
387 1287 539 1339 instantem
551 1289 742 1339 pensantem
756 1286 930 1343 :laetantem
971 1288 1085 1350 emma,
1104 1284 1419 1338 manconeideratione
1433 1285 1621 1355 prandentes
1636 1286 1703 1357 quia
1718 1287 1792 1357 he-¹

128 1372 186 1433 aire
196 1379 369 1445 praesentem
379 1373 575 1427 necessitatem
586 1374 711 1444 appellat
719 1374 931 1429 tribulationem
972 1372 1068 1425 omnia
1088 1373 1118 1427 in
1137 1373 1265 1443 proximo
1280 1373 1407 1427 relicturi
1426 1373 1492 1439 sint,
1508 1389 1680 1445 semperque
1695 1390 1792 1449 san

131 1465 160 1519 et
174 1462 335 1531 attgustiam
352 1477 435 1531 quam
451 1462 755 1533 sustineutconjugati,
767 1469 798 1520 et
812 1463 932 1518 maxime
974 1461 1134 1515 interranis
1149 1466 1177 1514 et
1198 1461 1368 1516 transitoriis
1392 1461 1475 1515 rebus
1496 1467 1526 1516 et
1550 1462 1792 1539 possessionibQ

131 1550 299 1619 conjugata,
315 1548 459 1603 taatidium
474 1548 604 1603 videlicet
613 1549 643 1602 in
658 1549 933 1620 concipiendo,dolo·
973 1564 1031 1602 non
1047 1556 1164 1619 ponunt.

130 1653 191 1697 ram
206 1638 235 1695 in
250 1637 443 1708 parturiendo,
464 1653 519 1707 quo
537 1637 815 1710 dolore-plerumque
839 1640 931 1693 solent
1006 1638 1038 1691 iit
1049 1641 1099 1705 qui
1109 1639 1414 1701 utunturltocmundo,
1428 1644 1565 1710 tanquam
1580 1656 1639 1695 non
1649 1646 1792 1717 utautu¹

130 1726 265 1786 mulieres
275 1725 357 1790 mori,
374 1741 471 1780 caram
486 1726 605 1787 multam
620 1731 649 1779 et
663 1726 786 1781 laborem
802 1728 831 1781 iu
851 1728 929 1782 alen-
942 1727 1056 1807 Bituiti
1078 1732 1198 1780 utuntur
1217 1727 1297 1781 bonis
1318 1729 1403 1799 hujus
1423 1729 1528 1789 saculi,
1553 1728 1629 1783 sicut
1643 1745 1722 1799 reges
1765 1758 1791 1805 ς

132 1814 175 1874 dn
191 1821 220 1870 et
231 1814 397 1872 oontuandis
411 1814 485 1874 liliis,
497 1814 642 1867 tristitiam
656 1816 691 1868 de
706 1816 890 1885 aegrotatione
903 1821 933 1871 et
974 1815 1124 1885 principes,
1136 1816 1184 1869 sed
1195 1817 1276 1883 quasi
1288 1819 1552 1873 nonutuntur.dum
1562 1818 1704 1889 insperate
1711 1835 1778 1885 mu.

131 1908 223 1955 morte
243 1917 350 1962 eorum,
369 1900 546 1971 maximeque
565 1899 589 1954 si
608 1901 738 1955 omnibus
759 1902 823 1956 liliis
847 1902 933 1957 luerit
974 1918 1026 1956 nus
1040 1908 1070 1957 et
1080 1904 1336 1974 concupiscentiam
1347 1906 1409 1975 ejus
1420 1905 1587 1976 relinquunt
1596 1883 1647 1975 per
1657 1912 1768 1971 morte„

131 1989 239 2051 orbata,
268 1989 303 2045 de
327 1988 478 2045 amissione
505 2005 616 2059 quoque
643 1990 781 2060 conJ'ugis.
794 1991 932 2046 Similiter
971 1991 1104 2062 corporis.
1117 1992 1198 2046 Multi
1213 1993 1298 2047 etiem
1311 1999 1434 2047 utuntur
1444 1993 1488 2048 his
1498 2010 1560 2063 qua
1570 1995 1600 2047 iu
1609 1994 1661 2048 hoc
1671 1980 1762 2055 munde

132 2077 346 2140 atiamlaborea
360 2077 509 2133 etdolores
523 2078 646 2132 sustinet
660 2078 701 2131 vir
723 2079 758 2135 de
778 2079 930 2135 amissione
975 2085 1051 2144 sunt,
1068 2081 1141 2134 sicut
1155 2079 1220 2134 boni
1244 2097 1325 2151 reges
1347 2087 1375 2134 et
1399 2081 1540 2151 principes
1563 2066 1755 2153 divitesqueut

132 2167 254 2222 filiorum
261 2172 290 2220 et
303 2172 392 2220 morte
405 2166 508 2231 uxoris,
519 2182 536 2219 a
546 2166 648 2236 quibus
663 2167 793 2222 omnibus
808 2173 876 2222 sunt
892 2168 934 2222 illi
974 2168 1031 2222 tuit
1044 2168 1197 2233 Abraham,
1209 2170 1262 2224 iob
1276 2176 1305 2223 et
1316 2169 1465 2240 David,qui
1480 2176 1597 2241 propter
1610 2170 1752 2247 dignitatem

131 2254 223 2321 uberi,
238 2255 288 2327 qui
311 2253 502 2325 virginitatem
529 2262 652 2315 servam.
683 2254 827 2310 imitantes
855 2256 934 2310 illam
976 2256 1092 2311 lionoris
1110 2263 1139 2312 et
1150 2258 1324 2329 principatus
1340 2275 1424 2329 quam
1435 2258 1573 2323 obtinent,
1590 2275 1645 2313 non
1659 2265 1751 2330 possunt

132 2344 218 2405 sitam
246 2360 308 2414 qua
324 2349 520 2413 postmortem
544 2342 608 2398 erit.
635 2343 811 2414 Quapropter
840 2343 936 2398 subdit
976 2346 1020 2400 his
1030 2362 1087 2400 uon
1108 2347 1161 2411 uti,
1178 2347 1226 2400 sed
1242 2347 1322 2417 quasi
1342 2363 1398 2401 uon
1410 2354 1540 2410 utuntur,
1551 2347 1620 2401 dum
1635 2348 1750 2401 nondum

24 2422 27 2427 ¹
132 2432 293 2504 Apostolus,
319 2433 567 2499 quoniemdunum
585 2431 747 2485 estbomini
765 2435 882 2493 ncesse,
905 2432 934 2486 id
976 2435 1047 2488 servi
1058 2435 1229 2501 divitiarum,
1245 2452 1337 2505 neque
1350 2435 1519 2506 permittunt
1530 2436 1590 2492 haec
1603 2436 1748 2490 eademne

132 2527 177 2583 ast
190 2521 220 2577 in
234 2520 541 2592 iutegritatecorporis
557 2537 658 2586 nuere,
671 2520 861 2591 virginitatem
874 2538 934 2575 ser·
977 2524 1065 2577 menti
1079 2524 1229 2589 dominari,
1247 2525 1403 2594 cogitantes
1413 2531 1515 2579 cuncta
1523 2524 1683 2579 transitoria
1696 2539 1747 2577 eam

131 2626 208 2672 aare,
223 2609 358 2680 utpossit
371 2607 558 2664 esseliberab
570 2609 613 2663 liis
628 2610 933 2673 necessitatibusQuod
976 2614 1101 2666 Preterit
1116 2616 1191 2667 enim
1205 2617 1298 2681 lipara
1313 2615 1397 2681 tripes
1411 2614 1523 2679 mundi,
1539 2613 1567 2667 id
1588 2619 1631 2667 est
1644 2609 1749 2666 uaasibit

129 2715 199 2758 ’tero
213 2699 350 2771 amatur.
976 2701 1067 2771 ligura
1081 2706 1112 2754 et
1124 2702 1231 2772 species
1247 2701 1344 2755 triundi
1357 2702 1523 2772 perignem,
1538 2700 1692 2756 remanebit
1700 2697 1747 2754 sab·

168 2788 389 2847 tribulationem
404 2792 497 2841 maten
511 2787 935 2855 coritisbabebuntliujesmodi-:
977 2789 1223 2843 stantia-renovate
1235 2807 1285 2861 per
1299 2790 1392 2860 ignem
1404 2796 1432 2844 et
1446 2791 1575 2855 meliora,
1586 2790 1622 2844 ad
1636 2791 1685 2844 hoc
1695 2786 1748 2843 ntia

132 2874 173 2937 illi
188 2875 269 2940 talea,
281 2875 411 2935 uidelicet
424 2875 473 2945 qui
486 2875 665 2929 matrimonio
679 2875 935 2946 copulantur,quod
976 2885 1113 2932 aeternnm
1127 2883 1242 2933 maneat
1253 2881 1335 2948 juxta
1345 2878 1419 2950 quod
1434 2879 1568 2934 Salomon
1583 2878 1651 2935 dicit
1665 2896 1672 2932 :
1688 2879 1748 2933 nm

134 2980 221 3035 supra
234 2964 385 3034 appellavit
399 2964 594 3018 necessitatem
608 2963 832 3030 instantem,hoc
843 2963 872 3017 in
883 2964 935 3018 hoc
977 2969 1009 3020 in
1022 2973 1157 3022 eternum
1170 2969 1263 3022 stabit.
1281 2968 1374 3031 (Erote.
1390 2982 1421 3028 n.

133 3053 195 3112 loeo
204 3052 642 3123 appellavittribulationemdpo
651 3055 824 3106 cisterneolae
831 3068 917 3120 parco
924 3070 932 3115 ;
1018 3057 1077 3110 Volo
1090 3061 1184 3109 eutem
1194 3072 1240 3109 oos
1249 3059 1308 3109 sine
1323 3058 1513 3111 soiiicitudine
1526 3073 1591 3121 csse,
1612 3056 1640 3110 id
1653 3053 1746 3111 estsine

134 3148 165 3197 et
177 3147 346 3201 estseosus:
361 3142 473 3197 Suadeo
486 3140 572 3204 vobis,
584 3141 765 3196 etoonsilium
775 3141 811 3195 do
822 3147 854 3195 ut
863 3141 933 3195 casti
975 3143 1066 3198 multa
1080 3148 1108 3197 et
1122 3144 1266 3213 superflua
1282 3159 1361 3212 cura,
1377 3160 1461 3214 quam
1472 3144 1579 3199 habent
1592 3142 1726 3215 conjugati.

132 3231 205 3294 sitia,
223 3231 317 3289 voleus
327 3247 499 3287 rosservare
513 3247 549 3284 ne
561 3231 591 3284 in
605 3229 815 3284 tribulationem
840 3229 934 3284 carnia
1010 3234 1064 3299 oin
1077 3248 1140 3285 ouen
1155 3247 1239 3284 imore
1254 3236 1302 3296 est,
1318 3234 1485 3296 (liniensem,
1500 3233 1636 3302 quoniam
1650 3234 1744 3302 exparte

132 3320 274 3378 indicatis.
287 3320 399 3375 Aliter:
421 3320 478 3389 Ego
493 3318 570 3372 robis
593 3334 689 3389 parco,
709 3318 736 3371 id
751 3325 794 3372 est
809 3318 933 3388 dimitto,
973 3321 1061 3375 servit
1072 3321 1196 3391 conjugi,
1212 3337 1244 3373 ex
1260 3326 1340 3391 parte
1350 3320 1481 3374 Douiino.

133 3409 176 3466 rel
197 3409 342 3467 consentio
367 3407 500 3463 accedere
526 3424 574 3462 vos
588 3407 624 3461 ad
638 3407 710 3459 hanc
723 3406 933 3461 tribulationem
1010 3411 1044 3463 dt
1059 3412 1161 3463 tnulier
1175 3413 1294 3477 innttpta
1309 3410 1507 3480 etrirpo,quod
1518 3427 1607 3465 unum
1621 3407 1744 3477 esteopild

133 3496 234 3567 aarum,
248 3497 272 3551 si
284 3512 341 3554 non
356 3496 439 3551 sultis
453 3495 645 3565 integritatem
657 3495 782 3565 corporis
792 3511 914 3549 servare.
975 3503 1007 3550 ut
1020 3501 1056 3551 sit
1071 3503 1166 3552 sancta
1181 3513 1291 3565 corpere
1315 3506 1339 3550 et
1352 3501 1465 3566 spiritu,
1483 3499 1511 3552 id
1527 3505 1571 3553 est
1590 3505 1685 3553 mente.
1698 3494 1744 3550 ideo

172 3588 286 3654 resipui
302 3584 436 3640 subaudis
447 3584 509 3638 vitre
524 3593 636 3647 nostra,
652 3583 735 3637 breve
750 3589 802 3647 est,
821 3584 888 3654 quia
903 3583 933 3637 in
974 3586 1094 3651 addidit,
1111 3590 1205 3640 mente
1229 3586 1286 3640 sive
1301 3585 1411 3657 spiritu,
1429 3588 1497 3657 quia
1519 3589 1614 3643 multae
1634 3591 1744 3653 suntque
1766 3602 1771 3615 ·

131 3675 209 3747 bravi
219 3675 343 3733 finietur,
358 3673 477 3743 ideoque
488 3689 542 3727 non
553 3679 597 3726 est
610 3672 729 3743 populus
743 3673 792 3726 Dei
810 3672 849 3726 ita
868 3689 933 3742 pro·
976 3674 1081 3728 habent
1094 3675 1286 3745 integritatem
1297 3676 1433 3745 corporis
1445 3677 1493 3729 sed
1506 3692 1562 3730 non
1579 3684 1645 3730 sunt
1654 3672 1743 3744 uirgine

132 3764 278 3837 pagandus
287 3762 469 3833 generatione
480 3761 818 3819 carnali.sicuthactenus
828 3761 934 3830 aprin-
975 3769 1079 3826 meute,
1092 3763 1225 3833 quoniam
1239 3764 1263 3816 si
1273 3772 1398 3834 possent,
1409 3764 1470 3833 jam
1480 3765 1652 3835 nupsissent.

131 3852 205 3924 cipio
216 3850 324 3916 mundi,
335 3851 385 3904 sod
397 3856 440 3904 est
448 3851 510 3921 jam
522 3851 735 3921 regeneratione
747 3851 931 3920 colligendus.
1010 3854 1069 3906 linc
1083 3854 1119 3905 ad
1130 3855 1279 3905 utilitatem
1291 3857 1409 3905 rostram
1424 3853 1632 3923 dico,quoniam
1645 3854 1743 3906 sanctum

131 3943 279 4010 seinaim
292 3945 341 4004 ert,
357 3939 434 3994 idest
450 3941 501 3994 hoc
513 3945 651 4001 remanet,
666 3940 708 3994 vel
722 3940 774 3993 hoc
792 3945 931 4010 superest,
976 3946 1021 3993 est
1034 3941 1109 4010 apud
1126 3940 1227 4004 Deum,
1243 3939 1340 3994 etleve
1350 3940 1377 3994 in
1392 3940 1445 3994 hoc
1458 3941 1561 3995 eaeculo
1573 3942 1601 3995 in
1616 3936 1743 4012 virginitate

130 4036 202 4089 utet
215 4035 266 4101 qui
279 4032 379 4086 liabent
390 4045 487 4085 encres
497 4030 591 4091 modo,
599 4035 799 4098 tanquam-non
809 4030 935 4083 trabentes
976 4045 1152 4100 permanere.
1169 4045 1225 4083 non
1239 4034 1271 4082 ut
1291 4032 1421 4097 laqueum
1435 4030 1509 4083 robis
1522 4032 1660 4100 injiciam,
1674 4027 1743 4096 idel·

131 4117 555 4190 sintiixoremaamquehabet,
568 4119 706 4189 sedquasi
717 4134 772 4172 non
785 4117 933 4188 habet,qui
975 4117 1039 4172 ideo
1055 4117 1110 4171 ista
1124 4133 1180 4172 non
1194 4117 1268 4184 dico,
1285 4122 1317 4171 ut
1336 4122 1470 4173 aeternam
1492 4118 1673 4189 perditionem
1688 4108 1744 4167 vods

131 4207 215 4265 hodic
228 4207 425 4270 videturillam
437 4206 549 4270 habere,
559 4207 791 4262 sederastinadie
802 4207 932 4271 moritur,
975 4206 1137 4272 immittam,
1154 4208 1248 4261 erdod
1263 4209 1292 4261 id
1306 4209 1378 4276 quod
1400 4208 1547 4262 lionestum
1568 4214 1616 4273 est,
1640 4195 1743 4274 subaudit

132 4300 162 4351 et
170 4295 275 4355 desinit
286 4293 464 4364 postmodum
476 4309 590 4347 uxorem
609 4294 713 4348 habere
727 4312 733 4348 :
752 4295 871 4365 ideoque
887 4295 934 4349 de·
943 4312 1137 4393 Dprovocans.
1149 4295 1347 4365 Virginitatem
1358 4312 1469 4351 servare
1482 4295 1744 4357 honestanestone

132 4382 181 4439 bet
201 4381 377 4453 inpraesenti
398 4381 503 4440 saceio
518 4381 641 4436 futuram
661 4382 747 4437 vitam
771 4384 887 4450 imitari,
903 4384 932 4443 in
974 4397 1056 4434 omne
1079 4381 1229 4434 honestum
1244 4385 1383 4446 sanctum,
1403 4379 1522 4450 ideoque
1545 4379 1683 4450 virginitas
1697 4383 1743 4429 stt·

131 4477 280 4544 quaerant
298 4469 380 4524 electi
394 4469 501 4524 similes
514 4471 624 4541 angelis
639 4472 799 4538 Deillliter,
817 4489 933 4526 uxorem
973 4478 1028 4535 cta,
1046 4470 1165 4523 honesta
1179 4474 1207 4522 et
1220 4469 1277 4523 Deo
1293 4474 1408 4539 accepta
1419 4474 1472 4522 est.

131 4558 383 4631 habat,sed.quasi
394 4575 452 4614 non
465 4559 558 4625 habet,
576 4561 624 4630 qui
637 4560 676 4615 sic
689 4561 743 4614 scit
760 4560 855 4615 debita
870 4579 932 4615 car·
999 4559 1030 4614 Si
1040 4562 1200 4628 ponentem
1213 4560 1349 4611 erittimet
1359 4564 1389 4612 et
1397 4562 1479 4628 putat
1490 4563 1600 4626 turpem
1608 4574 1635 4611 se
1641 4551 1715 4610 oidtrt'
1719 4541 1744 4599 ti

130 4652 175 4707 nis
189 4651 381 4717 exsolverent
394 4655 491 4703 tamen
505 4665 556 4719 per
570 4664 633 4713 eam
645 4650 749 4713 mundo
764 4656 825 4704 tota
838 4658 933 4706 mente
974 4647 1045 4715 aliis,
1061 4662 1145 4716 snper
1155 4648 1264 4715 oirpine
1277 4661 1338 4709 sua,
1356 4662 1385 4700 eo
1399 4648 1471 4715 prod
1489 4628 1744 4714 sacramentali

130 4758 187 4800 non
201 4747 319 4812 cogatur
331 4739 478 4802 inherere,
489 4737 617 4791 uidelicet
629 4737 668 4792 sic
677 4738 797 4793 reddens
805 4738 931 4795 debitum
974 4743 1056 4793 esteo
1071 4736 1146 4808 quod
1162 4736 1197 4789 ad
1206 4734 1315 4789 nubiles
1328 4751 1417 4788 annos
1427 4734 1677 4806 pervenerit,timet
1688 4729 1744 4784 ilua

130 4833 221 4899 mori,
234 4838 267 4887 ut
277 4847 334 4886 non
344 4829 492 4901 displiceat
505 4829 643 4892 Creatori.
972 4826 1103 4881 fornicari
1120 4825 1290 4894 camelique
1304 4840 1449 4878 sorvorum
1468 4840 1597 4889 suorum,
1613 4840 1662 4879 nec
1677 4812 1745 4893 pest

162 4923 199 4976 m
213 4925 263 4988 qui
275 4925 340 4990 dent
360 4925 494 4987 tanquam
507 4935 565 4974 non
574 4922 678 4989 partlm,
690 4920 757 4974 sint.
771 4921 832 4975 Flet
847 4921 931 4992 quili·
970 4915 1048 4970 illam
1060 4931 1172 4969 servare
1184 4914 1331 4985 virginem,
1345 4915 1418 4982 quod-
1431 4917 1490 4968 orell
1506 4915 1604 4981 facim,
1619 4915 1648 4970 id
1658 4916 1695 4967 est
1705 4912 1745 4960 lt*

131 5007 339 5063 betamissione
358 5007 558 5078 proximorum,
575 5014 604 5063 et
622 5009 751 5065 miserias
771 5010 861 5080 *hujus
876 5027 928 5065 sae-
972 5006 1021 5060 dat
1035 5005 1111 5059 illam
1127 5004 1283 5073 cuicunque
1297 5002 1372 5056 vult:
1383 5019 1439 5057 tion
1451 5008 1544 5070 peceat
1554 4992 1743 5075 vagositati.

132 5095 199 5167 culi,
213 5110 266 5149 ΒΜ
279 5111 391 5165 quoque
405 5101 434 5148 et
444 5097 564 5151 aliorum
580 5103 694 5167 peccata
706 5117 712 5151 z
724 5099 774 5153 sed
786 5099 866 5170 quasi
874 5115 931 5153 non
973 5094 996 5147 si
1009 5093 1165 5157 dormierit,
1182 5092 1211 5145 id
1226 5096 1270 5145 est
1284 5091 1307 5144 si
1326 5097 1454 5146 mortuus
1467 5090 1556 5147 fuerit
1570 5097 1616 5147 eir
1628 5096 1689 5161 ejus,
1709 5092 1746 5137 tl·

132 5183 243 5254 tletqui
251 5181 473 5239 consolationem
482 5183 603 5239 habetin
612 5202 662 5256 spe
670 5187 794 5243 eoelestis
804 5203 932 5241 remune-
974 5183 1022 5237 bat
1034 5183 1137 5236 mulier
1147 5181 1192 5235 cui
1209 5182 1395 5242 sulttautum
1410 5181 1578 5249 inliomino,
1589 5182 1618 5237 id
1629 5188 1677 5245 est,
1688 5161 1746 5230 ersi

131 5272 259 5335 retinam,
275 5275 309 5324 ut
327 5270 479 5340 impleatur
495 5272 570 5341 quod
584 5273 719 5335 Durninus
744 5275 836 5330 dixit:
858 5278 933 5330 denti
973 5290 1003 5327 se
1017 5273 1134 5326 misceat
1150 5271 1219 5326 viro.

131 5365 182 5435 pai
193 5365 297 5429 liment,
311 5360 445 5429 parisiam
457 5362 511 5426 ipsi
529 5364 747 5421 consentiuntur
763 5365 869 5430 (datto.
891 5368 926 5433 v),
1004 5366 1114 5418 Beatior
1127 5369 1222 5418 entem
1236 5366 1300 5429 erit,
1321 5365 1348 5417 ri
1358 5366 1397 5417 sic
1414 5365 1604 5432 permanserit
1621 5357 1747 5418 eemndtll

131 5459 156 5509 et
170 5455 221 5523 qui
232 5449 354 5519 pandent
369 5451 505 5514 tanquam
519 5453 743 5515 perpendentes.
766 5454 847 5509 llulti
862 5459 928 5508 sunt
969 5471 1061 5508 meum
1079 5456 1241 5519 eonsilium,
1257 5453 1286 5507 id
1305 5459 1349 5508 est
1366 5452 1391 5507 si
1405 5453 1433 5507 in
1448 5452 1581 5509 castitate
1595 5457 1625 5509 et
1636 5443 1747 5527 vidaittil

131 5537 366 5617 quignudeatde
377 5535 762 5612 temporalibuscommodim
782 5543 832 5599 aad
841 5545 928 5616 quasi
969 5543 1164 5619 permanserit.
