3818 6104
261 265 452 325 Exposlrio
472 266 511 320 ΙΝ
530 261 607 322 ΕΡΡ,
629 262 657 317 S.
684 256 800 315 raum.
822 283 857 297 -
877 255 914 310 lN
935 254 1047 314 EPIST.
1067 253 1115 308 ΑΙ)
1135 251 1288 308 PHILIPP.
1560 255 1611 312 746

109 413 147 453 ire
171 394 368 466 nequiverunt,
390 391 467 445 ccicc
486 386 695 460 Epaphroditns
714 382 902 467 iicciiquvms
915 396 1066 451 Ecclesiam
1080 396 1142 450 Dei.
1162 394 1222 460 Fui,
1239 394 1341 466 inquit,
1366 395 1463 451 doctor
1481 396 1560 468 legis,
1583 403 1613 453 et

109 494 209 542 contra
223 485 361 555 praecepta
375 476 553 549 imperatoris
562 473 679 530 adhaesit
694 471 735 526 illi
743 471 772 525 in
815 489 930 556 propte,-
943 483 1070 540 studium
1080 488 1109 538 eq
1122 498 1247 537 amorem
1262 481 1427 555 Synagogae‚
1444 501 1528 556 quam
1541 484 1615 540 pole.

109 580 132 629 ’i
142 571 300 646 procuravit
315 569 356 624 iiii
371 569 474 622 licium
487 571 515 620 ci
527 564 734 623 vcciimcssicffl·
746 564 775 614 ci
814 572 880 627 bam
894 578 1029 639 statuere,
1045 569 1235 645 persequebar
1248 568 1399 626 Ecclesiam
1414 572 1474 628 Dei.
1484 573 1615 629 AEmulus

109 662 195 719 iccius
209 660 263 716 suit
275 655 492 730 praedicciiciiic·
506 654 557 709 iiic
572 667 639 722 cc8⁰
658 647 773 704 iicdidii
816 659 928 726 dicitur,
940 659 1052 715 invidus
1067 665 1096 714 et
1109 658 1245 722 imitator,
1261 663 1290 713 et
1302 653 1455 728 studiosus,
1464 660 1551 716 sedin
1561 660 1614 718 hoc

112 765 194 806 suam
205 748 330 820 periculo
345 744 455 808 mortis,
472 741 539 814 quic
553 745 651 796 contra
674 752 775 809 proecc·
815 746 875 800 loco
894 763 945 817 pro
959 745 1085 801 studioso
1104 745 1227 817 ponitur.
1244 744 1348 802 Beatus
1369 763 1436 819 ergo
1461 748 1612 820 Apostolus

109 837 249 912 peratoris
263 834 380 890 accessit
399 831 435 887 ad
449 832 540 896 illum,
556 835 589 886 ut
602 828 733 893 diximus,
747 833 776 883 et
816 833 959 889 studiosus
968 834 1116 890 emulator
1125 833 1179 888 tuit
1193 834 1221 888 in
1240 835 1313 905 lege,
1327 835 1422 890 volens
1438 836 1616 908 synagogam

109 927 169 1000 [uod
192 926 219 980 ei
243 921 421 988 ministravit,
447 919 573 991 implevit
588 917 662 989 quod
681 933 713 971 ax
735 916 775 972 cis
816 915 950 991 statuere,
966 927 999 978 ut
1013 923 1165 978 Ecclesiam
1189 923 1240 977 Dei
1263 925 1407 980 destruere
1422 924 1617 996 persequendo

109 1014 161 1086 ruia
173 1012 248 1086 quod
260 1012 300 1066 illi
313 1010 469 1065 debuerant
478 1023 572 1079 agere,
583 1007 643 1077 ipse
657 1005 722 1060 lecit
736 1005 775 1059 si·
816 1017 937 1066 sanctos.
947 1011 1106 1068 Secundum
1116 1010 1192 1065 illam
1197 1015 1283 1079 justit
1289 1016 1343 1066 iam
1355 1029 1413 1082 qua
1423 1015 1454 1067 in
1466 1017 1575 1081 tepssst.
1587 1013 1617 1070 Si

109 1103 189 1161 colos
204 1101 337 1157 declarat.
353 1099 391 1154 Ut
409 1096 539 1168 impleret
551 1095 625 1167 quod
646 1111 679 1149 cx
700 1092 775 1149 vobis
816 1101 912 1171 aliqua
922 1099 1034 1172 justitia
1046 1099 1129 1154 modo
1144 1099 1243 1168 inloge
1257 1106 1309 1166 est,
1321 1101 1617 1168 conversamusubau·

109 1191 123 1249 d
139 1197 183 1248 est
193 1189 267 1262 quod
277 1205 325 1243 vos
335 1204 391 1242 non
404 1186 540 1259 poteratis
556 1183 672 1252 implere
686 1183 777 1255 impe·
818 1188 861 1243 dis
872 1188 927 1243 vixi
942 1175 1003 1244 sine
1017 1188 1134 1242 crimine
1149 1193 1178 1241 et
1192 1188 1253 1242 sine
1267 1188 1496 1259 reprehensione,
1506 1195 1539 1245 ut
1548 1186 1616 1245 milvi

109 1279 259 1352 ‚ngitudine
274 1283 425 1342 terrarum,
435 1275 480 1346 ipe
491 1289 541 1345 pro
554 1271 630 1328 vobis
638 1271 773 1343 implevit.
820 1277 910 1331 visum
920 1281 963 1331 est
975 1282 1005 1331 st
1017 1275 1094 1330 aliis:
1109 1275 1176 1347 quia
1189 1275 1371 1331 circumcisus
1384 1291 1447 1332 sam
1455 1281 1551 1333 octavo
1559 1278 1616 1346 die,

821 1372 848 1420 et
862 1363 1077 1436 quadragesimo
1091 1363 1136 1418 die
1153 1380 1204 1436 per
1218 1379 1264 1418 me
1284 1364 1387 1434 legalia
1412 1381 1529 1421 munera
1552 1370 1620 1422 sunt

289 1418 407 1474 CAPUT
424 1417 473 1472 m'
820 1452 924 1519 oblata,
936 1456 965 1506 et
974 1451 1148 1518 testivitates,
1154 1458 1183 1506 et
1190 1450 1307 1506 sabbata
1314 1451 1467 1520 observavi,
1477 1458 1506 1509 et
1520 1457 1621 1509 cetera

109 1555 171 1614 tero,
190 1546 219 1601 id
234 1549 275 1601 est
291 1543 431 1613 deinceps,
442 1546 471 1596 et
482 1545 584 1612 prater
596 1539 646 1593 illa
657 1552 718 1609 quse
733 1552 778 1590 su·
820 1540 915 1595 omnia
928 1556 990 1612 que
1003 1540 1048 1595 lex
1062 1540 1196 1611 precipit.

109 1635 166 1691 ieta
180 1639 256 1699 sunt,
268 1636 372 1701 fratres
383 1634 437 1684 mci
451 1633 479 1684 in
490 1629 668 1696 fideqaudete
681 1631 712 1680 iu
725 1627 778 1679 lio-
855 1630 907 1685 Sed
917 1646 976 1697 qua
986 1629 1059 1682 mihi
1068 1630 1186 1695 suerunt
1198 1631 1288 1695 luero,
1300 1630 1352 1684 hoc
1361 1634 1479 1702 estque
1486 1631 1621 1703 putabam

109 1736 142 1776 on
153 1719 183 1774 in
198 1717 281 1772 rebus
305 1713 505 1786 temporalibus
519 1717 547 1766 et
561 1711 680 1766 terrenis
694 1715 895 1797 atququuod
919 1717 987 1771 mihi
1009 1721 1176 1788 prestarent
1189 1733 1323 1787 magnum
1341 1724 1480 1790 quaestum
1504 1724 1533 1774 et
1553 1736 1623 1791 prae·

122 1808 223 1863 codam
238 1807 320 1870 robis,
328 1804 354 1858 id
369 1808 421 1867 est,
433 1819 466 1856 ca
480 1817 541 1872 quae
555 1800 777 1871 docuipraesens,
822 1806 909 1860 mium
923 1805 981 1859 hac
994 1805 1091 1859 omnia
1104 1805 1227 1860 intellexi
1239 1805 1307 1860 mihi
1318 1806 1414 1860 futura
1423 1806 1459 1861 ad
1473 1807 1620 1873 damnum,

109 1896 141 1952 sis
162 1903 191 1950 et
208 1894 278 1949 mihi
302 1899 345 1947 est
359 1891 558 1955 necessarium,
575 1905 616 1942 me
633 1905 688 1942 riou
709 1891 780 1956 picci
821 1895 845 1949 si
855 1910 888 1948 ea
897 1893 1048 1948 carnaliter
1058 1892 1235 1948 observarem
1245 1901 1357 1963 propter
1367 1895 1519 1958 Christum,
1531 1895 1620 1963 idest,

109 1985 175 2047 ,sed
191 1984 284 2037 videre
300 1997 333 2036 nc
349 1978 591 2051 vobispigrumsii
603 1993 636 2031 ca
651 1977 743 2046 icgcrc
753 1980 783 2030 ci
822 1988 970 2054 postquam
979 1981 1009 2036 in
1019 1982 1163 2037 christum
1171 1981 1275 2037 credidi
1283 1983 1324 2036 vel
1332 1988 1448 2054 propter
1455 1983 1622 2039 fidemillius

109 2116 112 2128 .
825 2086 910 2141 quarn
920 2078 1013 2134 teneo,
1023 2068 1106 2124 credo
1118 2070 1213 2125 omnia
1222 2070 1272 2124 illa
1281 2070 1317 2124 ad
1328 2071 1464 2125 damnum
1473 2071 1623 2143 etdispen·

109 2178 215 2223 tranas,
229 2160 258 2215 id
267 2164 310 2213 est
321 2162 415 2212 cavete
424 2163 452 2210 et
465 2155 614 2210 declinate¹
630 2154 720 2208 Caucs
732 2168 784 2221 ap·
825 2159 902 2213 dium
912 2175 974 2214 esse
985 2157 1109 2224 illorum,
1124 2159 1173 2230 qui
1187 2175 1222 2214 ea
1237 2160 1455 2225 observaverint,
1466 2166 1496 2215 et
1509 2166 1625 2232 propter

109 2250 206 2316 sdaeos,
226 2253 255 2302 et
269 2250 354 2301 rivulos
375 2248 514 2313 operarios
529 2243 640 2298 eosdem
663 2241 785 2313 appellat
825 2248 878 2302 hoc
891 2248 1072 2318 Evangelium
1084 2247 1199 2314 Christi,
1210 2248 1366 2303 secundum
1376 2251 1458 2319 cujus
1467 2248 1625 2304 doctrinam

108 2339 239 2400 inionem.
256 2336 323 2408 quic
345 2333 517 2389 consuetudo
536 2333 597 2402 eius
616 2336 659 2386 cci
673 2330 784 2384 chcccc
825 2336 960 2392 debemus
969 2335 1150 2408 vivere,quod
1160 2337 1442 2409 supereminetatque
1451 2337 1629 2394 transcendit

109 2444 130 2484 c
148 2424 398 2487 circumcisionem,
420 2429 449 2476 er.
468 2421 588 2492 gcssiiicc
605 2418 783 2490 pcaepciium·
827 2443 879 2482 sna
888 2425 1026 2497 dignitate
1042 2431 1070 2479 et
1085 2425 1200 2480 veritate
1211 2441 1324 2481 omnem
1337 2426 1506 2498 scripturam
1522 2427 1629 2483 divino·

109 2515 269 2588 mappellat
284 2529 331 2567 eos
346 2510 509 2581 canes,quia
523 2509 595 2564 sicut
610 2509 688 2562 canis
702 2507 787 2561 latrat
828 2532 892 2571 rum
907 2514 1092 2586 eloquiorum,
1210 2518 1213 2523 ’

109 2607 130 2660 lc
146 2601 265 2664 mordet.
284 2602 324 2655 iic
346 2600 386 2654 ilii
402 2599 541 2670 loquendo
556 2595 742 2662 oblatrabant,
760 2601 788 2650 ci
871 2601 1628 2676 Verumtemcasm'stimoomniasubaudislegaliaprte·

109 2693 146 2749 do
158 2707 257 2762 aspere
277 2688 449 2743 mordebant·
473 2686 538 2741 Muli
556 2685 678 2758 operarii
696 2690 786 2751 cccci,
829 2694 1130 2764 aptauerrimmmm,
1142 2689 1171 2744 id
1181 2690 1440 2756 estdamnum,ssse
1448 2691 1508 2746 suis
1516 2691 1628 2748 audito·

109 2780 143 2837 ile
151 2778 308 2836 suadebant
323 2777 362 2830 eis
372 2775 492 2846 operari,
509 2775 649 2831 dicentes:
666 2776 728 2830 Non
740 2790 789 2843 pc·
830 2780 907 2835 ribus
918 2785 1032 2849 propter
1052 2781 1219 2832 eminentem
1239 2780 1394 2845 scientiam,
1413 2777 1443 2834 id
1457 2784 1501 2833 est
1514 2784 1630 2851 propter

111 2872 186 2926 imm
198 2885 247 2939 pcr
260 2867 439 2937 baptismum,
463 2867 521 2918 nisi
535 2864 787 2926 circumcidamini,
832 2867 1023 2939 Evangelium,
1036 2872 1248 2935 propterquam,
1261 2865 1288 2920 id
1303 2871 1346 2920 est
1356 2871 1471 2938 propter
1485 2867 1629 2922 Christum

109 2956 253 3031 rpraecipit
265 2956 335 3025 (let.
351 2957 408 3020 xv).
427 2953 492 3024 quia
503 2952 638 3023 scriptum
649 2957 691 3006 est
707 2963 713 2998 :
729 2951 791 3004 lla·
831 2959 875 3012 vel
890 2961 1005 3028 propter
1016 2954 1101 3009 iidem
1111 2955 1182 3024 ejus,
1194 2957 1288 3008 onsaia
1299 2970 1361 3024 qnae
1376 2954 1420 3008 lex
1434 2955 1561 3026 praecipit
1570 2972 1630 3011 car·

109 3049 179 3117 spus
195 3061 259 3099 caro
273 3045 438 3097 circumcisa
449 3057 504 3095 non
520 3039 790 3111 siseritperibitoni·
801 3048 822 3105 G
834 3045 938 3099 naliter
952 3041 1193 3113 observare,quasi
1208 3043 1344 3096 damnum
1357 3041 1432 3109 duxi,
1444 3048 1473 3097 et
1482 3059 1533 3114 pro
1542 3042 1630 3098 nihilo

109 3152 129 3192 vs
143 3135 176 3190 os
187 3135 288 3202 populo
301 3147 359 3193 suo,
370 3133 437 3200 quic
444 3135 557 3199 pactum
572 3144 662 3182 mcum
675 3131 792 3181 irritum
834 3133 947 3204 deputo,
960 3136 992 3187 ut
1004 3132 1145 3188 Christum
1156 3131 1224 3185 mihi
1234 3131 1336 3197 lucrer,
1349 3136 1377 3186 et
1386 3131 1540 3203 acquiram,
1549 3137 1574 3187 et
1588 3135 1633 3187 ia·

109 3239 150 3279 m.
161 3222 239 3292 svn).
833 3225 933 3276 oenior
946 3224 978 3275 in
992 3221 1051 3287 iiio,
1067 3219 1149 3274 idest
1160 3219 1191 3274 in
1205 3219 1260 3274 side
1274 3221 1336 3289 ejus
1354 3220 1506 3292 perfectus,
1520 3237 1576 3276 non
1585 3222 1634 3276 lto·

109 3313 174 3367 stim
188 3322 286 3362 sunam
301 3306 485 3360 circumcisio.
502 3303 571 3367 Nos,
591 3302 678 3357 idest
697 3317 794 3356 omnes
837 3312 900 3365 bens
910 3311 1252 3378 rueomjustitiomquues
1262 3312 1317 3376 iope
1327 3315 1374 3376 est,
1386 3311 1432 3363 sect
1442 3312 1522 3364 illum
1532 3315 1634 3380 quaeest

109 3399 242 3465 *dciiicsv
257 3412 355 3451 sumas
371 3392 557 3464 SPiiiiuciiicc
567 3390 734 3457 circumcisi,
747 3395 795 3461 cci
836 3415 868 3453 es
879 3400 931 3467 {lde
945 3400 1008 3453 lesu
1019 3398 1132 3453 Christi.
1147 3396 1261 3451 lustitia
1276 3413 1338 3468 quae
1349 3398 1378 3452 in
1391 3399 1452 3470 lege
1470 3403 1540 3466 erat,
1552 3399 1634 3470 justi-

110 3490 165 3546 Dcc
178 3485 361 3550 cccciiicccsi‘i
373 3489 416 3537 cci
430 3481 617 3553 SPiiiiuciiicc
626 3487 654 3535 ci
666 3496 722 3535 ¹¹0ss
737 3496 796 3535 ccc·
836 3487 877 3542 tia
887 3487 1007 3542 hominis
1016 3484 1170 3550 dicebatur,
1188 3486 1254 3556 quia
1265 3486 1393 3540 manibus
1402 3486 1580 3558 operabatur,
1592 3487 1635 3541 ri·

109 3577 170 3633 :vel
181 3577 266 3631 ctiam
281 3573 328 3644 qui
343 3578 437 3626 mcccc
449 3571 506 3625 Dcc
522 3570 668 3636 servimus,
679 3570 754 3625 sicut
767 3569 795 3623 iii
838 3577 973 3632 delicetin
979 3575 1189 3633 circumcisione
1197 3582 1226 3629 et
1233 3576 1374 3630 oblatione
1383 3574 1634 3631 munerumlstam

109 3667 148 3723 iic
160 3664 298 3720 hcbciui³
311 3661 432 3730 Spiritus
444 3666 481 3713 cci
491 3661 603 3725 mucci
620 3676 663 3713 0⁰⁸
671 3662 722 3728 citi
734 3659 798 3713 acic
835 3666 976 3738 iustitiam
991 3663 1140 3735 respuebat
1154 3664 1316 3734 Apostolus,
1331 3670 1360 3719 et
1373 3663 1487 3718 nolebat
1500 3679 1562 3718 earn
1578 3680 1636 3719 am·

109 3771 149 3821 m,
161 3756 194 3808 in
207 3750 353 3822 spiritu,id
361 3754 404 3803 cst
415 3749 443 3803 in
454 3754 557 3813 menie,
569 3754 670 3816 oportet
679 3750 797 3802 adorare
839 3755 912 3826 plius
921 3753 1034 3819 habere,
1046 3753 1094 3807 sed
1104 3752 1198 3824 potius
1204 3750 1383 3807 desidembat
1392 3751 1510 3806 inveniri
1518 3752 1636 3823 injusti·

109 3843 192 3916 ‚vlsst
202 3843 360 3910 piomomur
372 3842 401 3891 in
411 3839 519 3894 Christo
529 3840 602 3901 iesu,
615 3837 695 3891 idest
705 3836 798 3892 infide
838 3843 880 3898 tia
893 3842 958 3897 lldai
973 3847 1002 3897 et
1016 3840 1233 3912 mammisque
1247 3857 1304 3894 non
1320 3846 1362 3895 est
1377 3840 1500 3895 hominis
1512 3841 1636 3912 justitia,

109 3930 189 3996 tristi,
198 3934 223 3983 et
234 3945 290 3983 aon
299 3930 329 3980 in
340 3942 423 3981 earne
431 3928 564 3992 fiduciam
574 3927 708 3989 habentes,
721 3925 799 3980 idest
838 3933 888 3987 sed
897 3930 1027 4002 Dei,quia
1036 3929 1483 4000 spiritaliterinbaptismatelitet
1492 3930 1522 3985 in
1531 3936 1634 3986 mente.

117 4014 410 4085 circumcisione,quia
420 4029 471 4068 nos
485 4012 621 4068 habemus
630 4030 797 4069 ornnessen-
875 4023 937 4089 Qua
951 4036 984 4075 es
996 4021 1048 4074 lieo
1063 4023 1100 4072 est
1110 4021 1235 4087 justitio,
1255 4017 1389 4072 subaudis
1404 4019 1476 4084 dico,
1488 4019 1518 4073 in
1532 4020 1586 4074 ilde
1600 4020 1637 4074 ad

109 4107 199 4183 rporis
212 4103 402 4160 circumcisos.
416 4104 583 4171 Quanquam
607 4119 652 4170 eqo
682 4104 797 4158 habeam
838 4107 1061 4181 cognoscendum
1071 4106 1230 4177 illum,quia
1244 4123 1295 4177 per
1310 4106 1393 4161 sidem
1404 4107 1555 4178 quaebonis
1570 4125 1638 4181 ope·

109 4197 231 4251 ntiomet
249 4195 279 4246 in
294 4207 386 4253 corne,
407 4190 434 4244 id
454 4194 506 4256 est,
523 4190 626 4244 habere
639 4206 751 4262 possem
769 4191 799 4245 in
840 4199 918 4253 ribus
933 4197 1095 4262 adornatur,
1112 4196 1291 4266 cognoscitur
1308 4195 1383 4251 Deus
1399 4215 1405 4251 :
1421 4198 1638 4254 Resurrectioais

114 4280 337 4344 amumcisione,
353 4279 376 4332 ai
392 4279 487 4349 aliqua
501 4278 540 4333 ibi
554 4283 628 4334 essct
640 4279 752 4339 fiducia.
782 4336 789 4351 ,
841 4283 1640 4358 ejusuirtutem,subaudiscognoscendamQuseestvirtus

109 4376 143 4429 m
152 4376 249 4428 sutem
260 4372 345 4435 otius,
359 4367 494 4422 subaudis
510 4375 630 4422 icciicm
640 4368 799 4438 gentilium,
843 4373 1075 4431 resurrectionis?
1085 4373 1122 4428 Ut
1136 4372 1209 4428 sicut
1222 4372 1350 4428 Christus
1366 4380 1493 4430 mortuus
1505 4380 1534 4430 ot
1547 4391 1641 4431 resur·
1722 4368 1744 4431 ⁹.

109 4465 258 4533 confidem
269 4465 399 4526 incarne,
410 4477 456 4528 eqo
467 4464 564 4529 strapis.
574 4459 801 4531 Diceretaliquis:
844 4464 925 4529 rexit,
941 4469 970 4518 et
985 4463 1045 4534 jam
1060 4478 1116 4517 non
1134 4463 1262 4528 moritur,
1278 4461 1318 4516 ita
1335 4469 1364 4517 ct
1378 4480 1429 4519 nos
1446 4464 1599 4519 moriamur
1612 4465 1642 4520 in

121 4551 304 4611 circumcisus
319 4565 411 4619 neque
422 4550 547 4619 injussus
558 4549 729 4617 circumcidi,
738 4549 801 4604 ideo
842 4554 919 4609 sonte
932 4551 1110 4623 baptismatis
1124 4557 1248 4623 peccato,
1261 4556 1290 4605 et
1300 4567 1481 4621 resurgamus
1494 4552 1529 4605 ad
1544 4552 1639 4620 vitam,

109 4641 235 4716 mcipisi
249 4640 292 4695 Ad
308 4639 366 4694 haec
379 4638 426 4693 ille
443 4657 449 4692 z
467 4639 529 4693 Non
544 4638 616 4705 ideo,
624 4638 804 4709 inquitatis
844 4648 872 4698 et
882 4656 994 4713 semper
1007 4640 1037 4695 in
1049 4641 1172 4694 novitate
1184 4640 1247 4694 vite
1263 4638 1447 4694 ambulemus.
1467 4639 1502 4692 Et
1514 4638 1572 4693 haec
1586 4639 1642 4693 vir-

109 4733 145 4800 io,
157 4731 186 4787 id
201 4735 253 4797 est,
261 4728 324 4783 ideo
335 4727 464 4799 praecipio
473 4743 529 4782 non
539 4727 709 4793 circumcidi,
723 4728 804 4800 quasi
843 4736 890 4786 tus
900 4720 950 4802 per
962 4729 1046 4785 ildem
1057 4728 1243 4800 cognoscitur,
1256 4732 1284 4781 et
1293 4743 1343 4798 per·
1353 4725 1437 4779 fldem
1447 4727 1508 4796 ejus
1518 4728 1644 4797 perveni·

109 4838 129 4879 n
141 4821 197 4879 mm
212 4816 402 4882 circumcisus,
419 4822 448 4871 et
461 4818 566 4889 possim
587 4816 722 4888 ingloria
741 4834 805 4872 mea
845 4826 893 4875 tur
906 4817 941 4874 ad
956 4817 1118 4874 societatem
1130 4815 1293 4888 passionum
1301 4811 1484 4882 Christi,quia
1494 4813 1547 4868 nisi
1558 4814 1642 4870 iidem

109 4927 146 4968 ire
161 4909 225 4983 plus
240 4923 324 4979 quam
341 4905 442 4976 aliquis
456 4912 581 4962 vestrum
604 4907 764 4977 gentilium,
782 4907 806 4962 si
846 4908 1014 4963 haberemus
1025 4920 1203 4977 nequaquam
1215 4901 1373 4974 passionem
1384 4901 1444 4971 eius
1456 4901 1644 4965 imitaremur.

109 5014 171 5057 sea
181 4997 279 5068 eliqua
293 4996 431 5050 llduciaet
437 4996 557 5066 justitia,
570 5001 719 5067 postquam
728 4997 808 5052 chri·
850 4998 988 5054 Debemus
1002 5003 1098 5052 autem
1110 4993 1214 5050 imitari
1231 4992 1317 5059 illam,
1330 4992 1459 5063 ponendo
1470 4992 1578 5050 animas
1593 5012 1647 5052 oo·

109 5086 188 5145 suit:
214 5086 264 5140 sed
280 5085 346 5156 quia
369 5101 425 5139 non
442 5090 485 5140 est
499 5085 536 5140 ibi
558 5086 653 5156 aliqua
666 5086 806 5156 gloriatio,
849 5094 922 5144 etms
935 5103 986 5159 pro
996 5087 1054 5153 illo,
1066 5086 1090 5140 si
1099 5082 1250 5138 necessitas
1261 5081 1400 5147 suerit,vel
1410 5081 1497 5138 etiam
1507 5083 1537 5137 in
1551 5085 1648 5142 nobis-

109 5173 373 5233 tcircumcidamini
389 5191 404 5228 a
419 5175 530 5230 Judaeis.
549 5175 589 5230 Es
604 5191 700 5242 qaaere
711 5177 807 5241 Israel,
849 5177 918 5249 ipsis
931 5175 1065 5230 debemus
1081 5173 1250 5228 mortificare
1265 5170 1332 5226 vitia
1341 5176 1370 5226 et
1379 5178 1505 5244 peccata.
1523 5175 1649 5245 Cunicu-

109 5265 325 5332 montosam,
341 5267 373 5319 de
388 5267 463 5318 tribu
475 5267 631 5333 Benjovnin,
643 5265 718 5334 qnod
728 5281 810 5320 nemo
851 5271 1007 5320 retorsum
1025 5265 1109 5317 morti
1124 5264 1193 5330 ejus,
1217 5260 1246 5314 id
1270 5266 1313 5314 est
1327 5260 1453 5317 imitator
1472 5280 1536 5318 sum
1552 5266 1651 5321 mortis

109 5370 134 5411 m
144 5359 196 5410 est.
208 5355 375 5410 Hebraeuscs
385 5354 511 5418 daorsis,
525 5350 658 5406 subaudis
674 5359 758 5408 natus
776 5353 811 5407 de
853 5355 915 5425 ejus
929 5360 957 5408 et
971 5351 1108 5423 passionis
1122 5350 1208 5404 illius.
1218 5350 1311 5420 Siqua
1322 5352 1408 5418 risorio,
1426 5351 1453 5406 id
1470 5359 1512 5409 est
1520 5354 1543 5409 si
1558 5354 1652 5426 aliquo

109 5428 248 5516 ienjamin
265 5461 272 5498 :
288 5443 442 5498 serrandum
455 5445 538 5510 leuem
550 5442 716 5510 phariseus,
727 5441 756 5496 id
770 5448 812 5497 est
854 5443 937 5499 modo
945 5456 1091 5496 occurram
1104 5446 1129 5495 et
1148 5443 1390 5507 resurrectionen,
1405 5441 1540 5498 subaudis
1550 5443 1653 5497 electo·

109 5531 813 5606 ³legisMassice,soouadunsemutatioacmpsrse·
853 5532 987 5594 rumlsta
996 5529 1227 5589 resurrectionen
1236 5529 1290 5588 erit
1298 5531 1424 5588 omniurn
1434 5529 1651 5604 resurgentium,

135 5630 406 5701 Pomoncxvll.
1494 5626 1536 5695 st
