3818 6104
317 265 510 324 expositio
530 266 569 322 m
588 267 665 325 EPP.
687 269 715 323 S.
738 267 856 323 PAULI.
876 297 911 309 -
930 268 968 323 IN
988 266 1099 323 arist.
1120 266 1169 322 Ab
1189 266 1274 323 ROM.
1525 280 1528 285 '
1564 268 1619 324 434

109 388 254 445 damnavit
271 395 301 445 et
314 391 423 453 oceidit,
438 391 487 445 sed
503 394 654 447 reservavit
667 394 702 447 ad
719 396 809 464 peu-A
819 392 939 462 Spiritus
954 392 1042 447 sancti
1057 396 1225 463 aeceperunt
1239 391 1267 445 in
1284 392 1488 462 predicatione,
1510 399 1541 449 ut
1555 412 1616 450 om·

109 494 145 536 m.
160 478 230 533 dans
244 479 268 532 ei
282 480 368 534 reniae
386 497 463 550 spem
484 487 513 534 ct
532 481 716 547 liberationis,
733 499 778 537 re·
820 482 897 535 nium
912 464 1038 551 gentium
1049 481 1152 551 linguis
1162 481 1353 552 loquerentur.
1361 481 1390 534 in
1402 482 1617 554 miraculisque·
1638 520 1643 531 ·

110 566 191 638 isque
213 567 243 622 in
263 569 382 638 gradum
407 569 559 640 pristinum
585 575 616 623 ut
639 577 780 642 exspectet
820 568 1616 642 quequibuspraeomnibusmortalibusabundantesglo·

109 655 177 710 edin
191 657 372 727 sequentibus
382 657 493 711 dicitur.
820 658 1617 731 riosiexstiteruntbegiturenimindetibusapostolorum

109 747 196 813 dipsa
206 750 345 806 creatora,
358 745 387 798 id
397 753 439 799 est
447 746 777 818 quilibethomoelectus‚
820 747 895 818 quod
911 745 1053 818 ponebant
1071 747 1197 801 infirmos
1212 752 1240 800 et
1260 752 1385 802 manuos
1407 747 1437 801 in
1458 747 1568 818 plateis,
1585 754 1618 804 ut

109 831 188 886 barin
198 832 242 887 die
251 833 361 902 judieii,
374 838 529 888 eternitate
542 839 738 902 emrnptionia,
747 841 778 892 in
820 835 948 889 veniente
958 833 1254 890 Petrosaltemumbra
1264 834 1616 908 illiusveniretsuperillos

109 924 243 987 melariae
252 924 377 988 iliorum
388 923 446 977 Dei.
456 923 547 976 Homo
557 924 721 994 inpraesenti
730 943 779 980 se·
820 929 849 978 et
858 924 1274 995 sanarentur.Beatumquoque
1283 906 1424 978 Andr-eam
1434 923 1617 995 legimusuno

109 1024 115 1061 i
131 1009 266 1063 servitute
279 1011 467 1081 corruptionis
483 1017 512 1064 et
532 1013 712 1068 mortalitatis
736 1021 780 1069 est
820 1011 866 1065 die
874 1011 991 1081 triginta
1000 1018 1029 1065 et
1038 1027 1071 1064 eo
1080 1012 1201 1082 amplius
1209 1017 1334 1067 mortuos
1345 1012 1616 1068 suscitasse.ani-

112 1097 177 1168 quia
184 1097 310 1168 subjacet
321 1098 502 1154 mutabilitati
510 1101 618 1155 etvitiis
628 1121 635 1169 3
647 1102 778 1159 liberabi·
821 1099 1011 1170 tiaesiquidem
1021 1100 1616 1173 appellanturoptimaquaequeetchariora‚

109 1184 176 1240 min
190 1186 235 1240 die
242 1187 339 1256 judicii
347 1187 381 1241 ab
389 1188 465 1241 omni
477 1187 542 1242 iaecc
557 1191 738 1246 mortalitatis
750 1198 779 1247 et
818 1188 892 1243 sieut
906 1189 935 1242 in
946 1188 1007 1259 lege
1024 1187 1144 1242 habetur
1159 1207 1165 1241 ε
1183 1188 1289 1243 Otreres
1304 1189 1444 1259 primitias
1453 1190 1515 1245 auri
1527 1196 1558 1246 et
1569 1207 1616 1246 ar-

111 1275 778 1348 quandonortalecorpusacceperitimmortali·
817 1278 896 1346 genti
920 1277 962 1332 tui
983 1276 1113 1339 Domino,
1134 1276 1162 1330 id
1185 1283 1228 1331 est
1251 1278 1358 1349 optima
1372 1284 1401 1332 et
1415 1280 1552 1335 chariora.
1573 1280 1614 1336 ue

109 1363 777 1437 teorruptibilebocincorruptionemettransi·
818 1367 893 1420 enim
906 1382 973 1421 vera
984 1366 1026 1421 ita
1039 1366 1155 1436 dignum
1172 1372 1242 1432 erat,
1255 1371 1287 1421 ut
1297 1383 1477 1437 perquorum
1488 1368 1625 1425 ministe·.
1684 1429 1687 1435 ,

109 1459 228 1505 ertatem
235 1452 332 1522 gloria·
343 1453 464 1508 filiorum
473 1454 533 1519 Dei,
542 1456 671 1526 quiaerit
678 1457 777 1512 similis
818 1454 891 1507 rium
903 1453 1030 1508 doctrina
1039 1452 1208 1523 evangelica,
1216 1458 1245 1507 et
1253 1454 1323 1507 tides
1333 1454 1479 1508 Dominiea
1488 1471 1539 1525 per
1549 1471 1615 1526 qua·

109 1540 774 1616 ngloria,etinlibertatemfiliationisadoptirae,
818 1541 1617 1615 driiidumorbemdiflamandaerat‚majoradonaSpiri-

108 1627 132 1682 it
141 1629 277 1684 Dominus
286 1631 398 1685 ludaeis.
412 1632 443 1685 Si
453 1648 497 1686 aas
507 1634 595 1686 Filius·
609 1637 775 1700 liberaverit,
818 1637 864 1684 tus
874 1630 964 1684 sancti
974 1631 1140 1701 acciperent.
1156 1631 1260 1685 Aliter:
1272 1631 1334 1685 Non
1343 1632 1444 1697 solum,
1456 1631 1615 1703 inquit,alii

109 1719 134 1770 ri
149 1721 211 1771 estis
221 1722 312 1786 (loen.
327 1728 394 1788 1111).
410 1720 506 1775 Potest
521 1721 605 1775 ctiam
617 1703 807 1780 differentiaB
818 1719 1016 1791 ingemiscunt,
1032 1720 1082 1773 ⁸⁰11
1096 1720 1179 1773 ellam
1200 1735 1250 1773 ¹¹⁰⁸
1274 1721 1321 1790 qui
1345 1719 1485 1791 primitias
1498 1721 1616 1790 Splfiluss

109 1820 153 1859 soc
167 1806 226 1860 loco
241 1807 315 1862 inter
324 1810 484 1863 Creatorem
492 1816 521 1862 et
530 1815 775 1878 creaturam3nam
818 1809 916 1871 nostri,
934 1808 961 1862 id
985 1815 1029 1863 est
1050 1809 1097 1879 qui
1113 1807 1363 1863 rationabilitatem
1386 1816 1416 1863 et
1438 1809 1615 1864 devotionern

109 1895 209 1966 iperius
227 1896 275 1951 nbi
299 1898 390 1951 dixit:
409 1899 583 1969 Exspectatio
598 1907 733 1956 creaturis
748 1904 777 1956 sr-
818 1897 922 1952 mentis
940 1904 1043 1952 nostrae
1064 1898 1121 1951 Deo
1137 1899 1196 1967 jam
1212 1897 1348 1952 habemus
1363 1896 1472 1952 oblatas
1491 1898 1519 1952 in
1533 1899 1614 1953 bolo-

109 1982 147 2037 )ei
163 1985 362 2040 revelationem
377 1992 528 2057 exspectat,
540 1988 636 2043 fideles
650 1996 776 2046 tantum·
818 1997 946 2041 caustum
959 2005 965 2039 :
977 1987 1050 2058 quod
1062 1986 1288 2057 ignedilectionis
1299 1986 1349 2041 Dei
1359 1992 1388 2041 et
1397 1987 1515 2058 proximi
1521 1987 1611 2056 ardet,

109 2079 193 2126 esunt
206 2074 335 2144 intelligi,
351 2076 397 2145 qui
409 2077 467 2145 jam
484 2076 643 2141 credebant,
657 2078 701 2132 hic
712 2096 776 2134 vero
817 2075 852 2129 de
867 2092 922 2146 quo
936 2077 1002 2146 igne
1017 2075 1153 2130 Dominus
1174 2075 1215 2130 ait
1238 2117 1244 2129 .
1269 2077 1365 2143 lpnem
1380 2079 1443 2129 aeni
1456 2079 1565 2130 mittere
1580 2079 1614 2130 in

109 2166 128 2213 t:
137 2157 340 2231 lpsacreatura
355 2163 550 2218 liberabitura
566 2166 700 2222 servitute
714 2185 776 2222 cor·
818 2170 932 2225 terram,
945 2169 970 2218 et
983 2164 1050 2232 quid
1063 2165 1122 2218 eolo
1132 2167 1190 2218 nisi
1204 2169 1235 2217 at
1248 2165 1366 2217 ardeat?
1380 2166 1454 2221 tiae.
1464 2162 1617 2233 ¹11.)blun·

109 2263 129 2313 s,
147 2248 275 2304 infideles
296 2252 417 2320 intelligi
441 2258 569 2324 possunt,
585 2254 634 2325 qui
657 2255 775 2311 necdum
818 2253 885 2323 quid
898 2252 1036 2324 primitias
1050 2252 1152 2306 mentis
1166 2269 1225 2307 sum
1239 2252 1313 2307 idem
1332 2252 1484 2322 Apostolus
1495 2268 1552 2308 non
1564 2254 1613 2308 ba·

109 2336 155 2391 bas
173 2340 364 2408 apostolorum
383 2341 571 2409 crediderant,
586 2343 776 2413 predestinati
817 2341 902 2395 bebat
915 2342 972 2396 Deo
986 2340 1104 2407 oblatas,
1127 2342 1175 2412 qui
1194 2340 1325 2395 dicebat:
1343 2342 1431 2396 Mente
1451 2345 1540 2397 semia
1560 2345 1614 2412 lepe'

109 2429 178 2481 irunt
200 2427 235 2481 ad
259 2429 353 2494 vitam,
380 2430 508 2484 undeet
530 2436 627 2500 postea
649 2433 775 2488 credide·
816 2432 873 2494 Dei,
890 2445 974 2484 carna
987 2435 1080 2482 aetem
1096 2431 1149 2496 lapi
1158 2432 1263 2497 peccati
1280 2430 1368 2498 (Rom.
1388 2431 1447 2497 111).
1462 2430 1612 2500 Apostolus

815 2518 920 2572 etenim
926 2517 1146 2572 rationabilitate
1157 2518 1259 2572 mentis
1273 2524 1300 2572 et
1311 2518 1468 2572 intentione
1473 2518 1613 2574 serviebat

109 2607 299 2674 senimquod
319 2612 563 2674 omniscreatura,
578 2608 665 2662 idest
682 2610 773 2664 ornnis
815 2607 871 2677 legi
884 2607 944 2673 Dei,
955 2607 1155 2661 consentiendo
1165 2606 1190 2660 ei
1202 2606 1231 2660 in
1243 2605 1295 2660 hoc
1305 2607 1371 2676 quia
1381 2606 1494 2661 nolebat
1506 2624 1611 2663 concu-
1635 2620 1651 2642 ⁹

110 2695 264 2760 pemiseitet
271 2697 691 2765 perterritusqueadtraclnhoc
701 2699 772 2767 loco,
815 2695 956 2767 piscentiae
965 2695 1072 2749 carnali
1082 2695 1229 2764 subjacere
1243 2714 1249 2748 :
1266 2711 1351 2750 carne
1367 2699 1462 2749 autem
1475 2695 1533 2765 legi
1546 2712 1610 2766 pec·

109 2783 773 2857 estusAugustinusnonestOrigenessequen·
813 2784 878 2842 cati.
895 2785 924 2838 id
940 2789 983 2839 est
996 2783 1192 2838 consuetudini
1214 2784 1294 2837 malae
1314 2799 1370 2854 qua
1383 2784 1607 2854 concupiscebat.

109 2882 140 2922 ue
150 2884 286 2940 sequaces
297 2871 357 2940 eJus
370 2871 418 2941 qui
427 2887 539 2925 omnem
555 2880 712 2928 creaturam
728 2893 771 2930 ra·
812 2873 1001 2940 Sespectmrtes
1011 2873 1182 2940 adoptionem
1191 2875 1317 2939 filiarum
1326 2873 1385 2937 liei,
1396 2874 1609 2941 redemptionem

109 2971 136 3010 m
151 2963 181 3011 et
194 2959 427 3026 irrationabilem,
443 2962 616 3031 corporalem
633 2968 658 3017 et
676 2963 769 3018 incor-
813 2964 935 3030 corporis
949 2964 1047 3014 nostri.
1071 2960 1193 3024 Quaestio
1207 2959 1298 3014 oritur
1317 2960 1347 3014 in
1365 2959 1418 3014 hoc
1437 2960 1498 3015 loco
1516 2978 1522 3013 :
1543 2976 1608 3015 cum

109 3047 359 3117 comprehendunt.
374 3049 436 3102 Non
448 3049 522 3102 enim
537 3050 629 3104 omnis
642 3058 771 3108 creatura
781 3012 803 3072 c
812 3049 963 3121 Apostolus
970 3052 1000 3103 in
1007 3049 1199 3119 superioribus
1208 3048 1276 3103 loeis
1286 3049 1373 3120 hujus
1383 3049 1512 3120 Epistola
1521 3049 1607 3106 dicat:

109 3132 140 3196 it,
157 3141 189 3189 ut
204 3136 244 3190 illi
258 3138 371 3204 volunt3
386 3138 432 3191 sed
446 3138 540 3204 homo,
558 3139 605 3209 qui
620 3142 771 3196 cumomni
811 3139 868 3206 lpse
874 3138 996 3206 Spiritus
1010 3141 1198 3192 testimoniam
1209 3138 1300 3191 reddit
1309 3141 1425 3206 spiritui
1434 3143 1527 3193 nostro
1536 3141 1610 3208 qaod

115 3227 269 3293 quamdam
284 3228 509 3281 communionem
533 3227 626 3295 babet,
642 3231 770 3285 eomodo
811 3243 907 3282 samus
921 3230 976 3294 filii
990 3228 1040 3280 liei
1047 3244 1055 3287 ,·
1078 3231 1108 3280 et
1125 3225 1191 3279 alibi
1213 3244 1219 3279 ε
1241 3225 1368 3280 Uiriatus
1383 3242 1432 3280 nos
1447 3228 1563 3281 redemit
1575 3228 1608 3282 de

109 3315 271 3385 osuperius
283 3316 370 3370 dixit:
388 3315 495 3379 Omnis,
511 3316 611 3386 inquit,
629 3324 769 3385 creatura,
810 3317 955 3369 maledicto
970 3318 1036 3383 lepis
1048 3315 1149 3374 (Galat.
1163 3318 1215 3383 m),
1233 3329 1320 3385 quare
1342 3315 1426 3369 modo
1447 3314 1550 3371 dixerit
1564 3332 1609 3371 ex·

109 3399 160 3454 mis
169 3401 253 3455 bomo
264 3403 433 3473 ingemiscit,
443 3404 588 3473 affligitur,
598 3406 729 3460 tristatur
738 3407 767 3461 in
809 3409 937 3475 spectare
951 3420 1002 3459 nos
1017 3403 1206 3474 adoptionem,
1223 3403 1281 3456 siva
1295 3403 1459 3459 electionem
1483 3405 1607 3460 tiliorum

109 3487 200 3543 riame
211 3496 239 3543 et
249 3492 306 3557 siti,
320 3492 347 3545 in
356 3492 459 3561 frigore
471 3498 500 3545 et
514 3493 651 3561 nuditate,
662 3495 691 3549 in
706 3513 767 3550 car-
808 3494 870 3553 Dei.
887 3504 915 3547 et
928 3492 1151 3563 redemptionem
1161 3491 1287 3561 corporis
1302 3492 1400 3556 nostri,
1416 3491 1446 3545 id
1461 3501 1504 3547 est
1517 3494 1606 3547 totius

110 3580 276 3648 tparturit;
294 3581 351 3633 sive
371 3581 456 3651 (quod
477 3581 578 3635 melius
600 3581 720 3638 liabetur
738 3585 768 3639 in
808 3582 948 3647 Ecclesiae,
963 3597 1025 3652 qum
1039 3586 1081 3634 est
1095 3596 1196 3651 corpus
1219 3579 1346 3634 Christi?
1365 3579 1488 3643 Quaestio
1502 3580 1562 3634 haee
1576 3581 1606 3635 in

111 3665 169 3720 olet
178 3667 206 3721 in
218 3669 314 3722 multis
325 3670 463 3739 angustiis
474 3686 562 3740 usque
573 3671 673 3737 adhuc,
681 3673 710 3727 id
725 3680 769 3728 est
808 3670 990 3742 sequentibus
1004 3669 1131 3735 solvitur,
1145 3667 1193 3722 ubi
1208 3667 1276 3722 dicit
1287 3669 1437 3739 Apostolus
1454 3689 1459 3720 :
1570 3730 1578 3748 ο

109 3800 111 3805 ,
125 3752 200 3808 diem
208 3757 359 3825 judieii3et
373 3758 497 3827 quandiu
512 3759 715 3816 dicituradbue
726 3764 767 3816 vel
844 3760 894 3828 Spe
901 3761 977 3813 enim
987 3761 1059 3812 scivi
1068 3760 1137 3824 sacti
1146 3755 1294 3811 sumas.ln
1305 3756 1475 3828 speq··idem
1483 3758 1546 3828 J'axn
1555 3758 1605 3812 mii

109 3840 213 3897 dicitur
227 3845 320 3910 hodie,
338 3862 450 3917 semper
463 3846 618 3916 subjacebit
637 3857 765 3904 creatura
808 3848 858 3902 Dei
873 3864 971 3902 sumus
984 3862 1082 3901 omnes
1096 3845 1253 3911 eredentes,
1273 3851 1301 3899 et
1320 3845 1459 3917 redempti
1474 3847 1605 3917 passione
1653 3888 1658 3899 .

109 3932 243 4000 angustiis
253 3933 590 3998 etdoloribus3illiautom
601 3936 648 4006 qui
653 3939 712 4006 jam
724 3955 767 3992 re·
808 3936 911 3991 Christi
924 3955 931 4001 3
942 3935 1090 3990 sedadlruc
1104 3939 1298 4005 exspectamus
1315 3941 1347 3987 ut
1366 3935 1441 4004 quod
1456 3935 1539 3989 modo
1554 3952 1603 3990 su·

109 4033 133 4071 m
148 4018 216 4083 Deo,
233 4027 262 4074 et
274 4023 399 4091 quotidie
412 4030 560 4076 transeunt
579 4024 614 4076 ad
639 4027 764 4095 requiem
807 4043 869 4079 mus
880 4032 908 4079 et
922 4031 1051 4078 tenemus
1065 4023 1094 4076 in
1108 4039 1167 4093 spe.
1184 4020 1352 4092 quandoque
1365 4022 1456 4075 simus
1469 4029 1498 4077 et
1511 4024 1601 4094 possi·

109 4122 179 4172 uam,
195 4117 345 4180 postquam
364 4111 399 4164 ab
421 4111 504 4180 hujus
519 4112 613 4166 smeuli
633 4115 765 4168 aerumnis
806 4115 963 4169 deamusin
972 4128 1013 4166 re.
1025 4111 1130 4166 Omnes
1139 4110 1251 4181 quidem
1265 4110 1411 4164 credentes
1421 4111 1504 4165 iidem
1514 4111 1601 4167 babe-

109 4212 132 4262 r,
147 4212 204 4252 non
219 4199 415 4268 ingemiscunt.
807 4202 947 4272 musquod
962 4201 1050 4256 simus
1058 4200 1110 4254 11111
1121 4199 1216 4257 Debet
1225 4199 1457 4270 simusredempti
1465 4199 1602 4271 sauguine

109 4287 169 4340 lam
184 4293 277 4340 aetem
293 4291 354 4351 illa,
369 4288 503 4343 subaudis
515 4295 653 4351 creatura,
670 4291 762 4359 idest,
806 4291 944 4361 passionis
953 4288 1082 4360 ejus,sed
1092 4304 1148 4342 non
1158 4287 1283 4357 proderit
1293 4286 1356 4340 aliis
1363 4287 1456 4358 passio
1463 4288 1534 4358 ejus,
1547 4289 1602 4344 nisi

109 4390 130 4428 n
143 4376 291 4430 credentes
306 4382 335 4430 et
348 4393 404 4430 non
418 4378 564 4432 credentes
578 4362 798 4448 ingemiscuntD
807 4380 902 4434 electis
917 4379 1004 4451 quiet
1017 4377 1067 4432 tilii
1078 4376 1128 4431 Dei
1139 4382 1222 4431 erunt
1231 4375 1510 4432 sicutioannesdieit
1520 4377 1603 4434 :ete

122 4464 299 4535 inpraesenti
314 4465 379 4524 vita.
403 4468 447 4520 sed
461 4473 486 4520 et
501 4471 613 4536 nosipsi,
632 4467 766 4524 subaudis
808 4471 923 4529 riasimr,
939 4467 1056 4535 pirinei
1069 4482 1166 4520 satiras
1180 4465 1259 4519 niodo
1273 4471 1305 4520 ire
1316 4481 1369 4532 spe,
1386 4467 1545 4520 etnoadum
1555 4482 1603 4536 ap·

109 4553 155 4624 qni
169 4555 347 4625 perfectionis
358 4555 423 4609 tidei
435 4571 542 4622 sumus,
557 4559 766 4627 primitiasspi-
804 4561 903 4627 paruit
917 4556 985 4625 quid
997 4559 1102 4609 eripias
1115 4558 1146 4608 ia
1155 4570 1186 4608 re
1197 4556 1225 4616 11
1235 4555 1316 4608 ioan.
1327 4553 1601 4617 massmannum

108 4647 191 4709 entes,
208 4644 345 4706 dolemus,
362 4650 391 4698 et
402 4645 454 4715 ipsi
470 4645 545 4698 intra
559 4662 610 4699 nos
623 4647 763 4715 gemimus
807 4647 953 4717 quimorem
967 4646 1140 4715 apparuerit,
1149 4644 1254 4696 sirniles
1263 4645 1289 4696 ei
1298 4645 1601 4709 crimeaqaoniamvi·

109 4736 134 4786 et
145 4739 251 4796 mente,
265 4733 437 4788 sustinentes
451 4749 586 4800 carceres,
602 4735 760 4805 penuriam,
803 4737 926 4790 debimas
938 4751 1001 4789 eura
1015 4737 1098 4789 sicuti
1110 4738 1148 4786 ert
1163 4733 1265 4799 (ibid).
1287 4732 1341 4800 Spe
1360 4729 1435 4783 enim
1449 4728 1520 4783 salvi
1533 4728 1600 4784 facti

109 4822 288 4892 ,multasque
302 4823 447 4892 angustias
461 4835 489 4876 et
504 4823 679 4878 afflictiones.
688 4825 761 4879 Bene
803 4840 901 4879 sumus
913 4843 919 4887 ;
931 4822 1012 4879 sicuti
1022 4822 1091 4876 tides
1102 4828 1143 4874 est
1152 4819 1266 4874 credere
1277 4833 1309 4870 ea
1319 4833 1381 4888 quaa
1394 4831 1452 4871 non
1461 4816 1598 4884 videmus,

110 4909 202 4965 inter
214 4911 299 4964 dicit:
311 4913 372 4965 Non
389 4913 480 4965 solum
495 4912 544 4965 alii
561 4912 759 4982 ingemiscunt,
802 4912 841 4966 ita
856 4928 919 4983 spes
938 4920 981 4966 est
1004 4909 1175 4981 exspectatio
1200 4906 1360 4960 futurorum
1382 4902 1530 4960 bonorum.
1546 4906 1601 4961 Per

109 5016 121 5054 s
133 4999 189 5071 ipsi
205 5000 324 5070 apostoli
334 5000 472 5069 primitias
482 5001 604 5070 Spiritus
615 5003 704 5056 saneti
714 5005 761 5057 ha·
801 5001 958 5071 passionem
971 4999 1046 5054 enim
1059 4996 1162 5051 Christi
1175 4993 1314 5065 redempti
1323 5008 1422 5047 sumus
1435 4993 1464 5048 in
1478 5011 1538 5065 spe,
1550 5011 1601 5068 par

109 5088 146 5143 ria
156 5089 231 5143 sicut
241 5089 303 5142 illos
312 5089 415 5158 primos
425 5088 510 5158 elegit
524 5090 607 5150 Deus,
623 5091 663 5144 ita
678 5091 759 5161 primi
801 5088 971 5161 baptismum
984 5091 1078 5141 autem
1094 5084 1245 5154 accipimus
1259 5081 1454 5137 remissionem
1470 5089 1600 5153 peccato-

109 5186 267 5233 neruerunt
282 5179 416 5248 Spiritum
431 5186 559 5232 sanctum
575 5179 604 5232 in
614 5180 659 5233 die
669 5197 760 5234 rcsur-
801 5194 875 5243 rum,
891 5184 919 5230 et
933 5174 983 5230 iiiii
998 5174 1046 5229 Dei
1062 5189 1159 5227 suanus
1173 5172 1202 5225 in
1218 5187 1277 5240 spe,
1289 5186 1344 5225 non
1361 5170 1390 5224 in
1403 5186 1442 5235 re,
1455 5171 1522 5241 qaia
1537 5188 1600 5226 nec·

117 5267 231 5339 quando
246 5268 316 5321 dixit
333 5269 387 5320 eis:
401 5269 525 5338 decipite
543 5268 677 5338 Spiritum
694 5286 760 5323 san-
801 5267 866 5320 dum
882 5271 1000 5336 apparet
1012 5262 1110 5333 quales
1123 5260 1209 5314 futuri
1226 5277 1332 5313 sumus.
1349 5259 1414 5327 Spes
1428 5264 1521 5314 autem
1541 5278 1600 5329 que

109 5374 144 5413 m.
160 5364 213 5420 xxi.
232 5359 283 5412 Die
308 5375 419 5430 (quoque
444 5360 633 5425 pentecostes,
649 5360 760 5429 quando
801 5357 910 5408 videtur
925 5370 980 5407 min
994 5356 1032 5405 est
1042 5349 1312 5420 spe.s.quasidiceret
1323 5349 1441 5402 :illares
1452 5366 1513 5418 quae
1523 5350 1600 5404 vide·

123 5446 215 5518 igneis
231 5447 307 5500 venit
320 5464 404 5518 super
426 5465 473 5500 eos
488 5448 609 5517 Spiritus
630 5453 758 5514 sanctus;
801 5453 848 5499 tur
860 5460 916 5497 non
932 5446 974 5495 est
988 5457 1069 5510 spes;
1084 5455 1149 5492 riam
1159 5440 1232 5506 qaod
1245 5439 1314 5490 uidet
1330 5439 1402 5505 quis,
1414 5438 1483 5504 qaid
1491 5437 1600 5505 sperati

109 5536 250 5608 primitias
261 5536 382 5608 Spiritus
392 5537 471 5604 dixit,
481 5536 509 5590 id
520 5537 760 5607 estmaJ'oradona
801 5533 874 5589 illud
890 5530 965 5604 quod
978 5529 1107 5584 ridemus
1119 5543 1174 5582 non
1185 5524 1433 5598 speramusllerbi
1443 5524 1535 5595 gratia
1544 5542 1552 5579 s
1562 5523 1601 5576 11-
