3818 6104
132 256 187 321 835
342 250 535 316 Hermonis
552 248 797 313 mutasses.
817 250 930 305 EPlSG.
950 248 1031 306 ΟΡΡ.
1051 248 1145 307 PARS
1163 250 1186 305 1.
1205 276 1240 295 -·
1259 246 1446 307 curtilem,
1468 246 1561 304 utut.
1715 244 1766 309 836

133 388 274 457 Quoniam
288 386 479 456 risitasgenus
494 388 650 441 humanum
662 398 712 454 per
725 378 828 435 Filium
839 376 1083 442 tuum,itadoret,
1101 384 1130 431 et
1144 378 1249 433 hocest
1260 376 1336 446 quod
1350 376 1411 446 ipse
1420 380 1485 445 post
1499 373 1769 443 resurrocuoaispto

134 480 304 550 etperpetuo
315 475 428 545 largiris
437 474 643 537 beneficiamon
651 476 696 527 est
705 469 839 524 meritum
848 466 935 529 illius,
978 466 1051 519 riam
1058 482 1198 537 apparens
1207 463 1418 534 discipulissuis
1428 462 1498 519 dixit
1509 462 1551 517 eis
1563 480 1569 513 :
1581 464 1696 517 llataest
1705 462 1769 515 irriti

136 568 186 625 sed
200 572 250 620 tua
262 564 365 633 gratia,
378 562 496 635 ideoque
505 561 712 632 subsistit‚quin
727 563 779 611 nte
792 556 932 610 visitatur.
974 557 1066 607 omnir
1074 560 1192 621 potestas
1208 557 1239 607 r'n
1252 556 1314 607 calo
1323 558 1348 607 rt
1360 555 1391 605 in
1403 556 1480 605 terro
1495 551 1607 616 tilattls.
1625 556 1728 611 xxrrnl.
1741 552 1769 607 ln

135 653 266 711 visitatio
280 653 316 706 ad
329 651 468 706 medicum
484 658 513 706 et
525 656 660 721 agrotum
670 647 802 719 pertinet.
815 645 887 698 Nam
897 642 935 695 ri·
975 659 1005 695 eo
1015 646 1090 696 enirn
1103 644 1176 710 prrod
1187 644 1316 696 ornnr‘oer'
1326 639 1770 711 subjecitmrnnatmuunonmt

139 743 280 803 citationis
294 740 417 795 oncrum
432 740 535 794 dieitur
549 740 674 793 medicus
687 737 812 805 impiere.
823 731 935 803 quando
971 734 1074 798 ,iactum
1083 734 1129 785 ct..
1143 730 1175 785 ln
1190 746 1233 791 eo,
1247 729 1275 783 id
1282 734 1326 783 cst
1333 729 1362 783 in
1371 729 1422 785 hoc
1434 727 1510 783 dono
1518 727 1562 781 rel
1576 726 1770 796 tacto.quodei

137 835 173 890 ad
186 833 332 888 infirmum
348 829 508 900 quempiam
529 828 698 898 ingreditur.
723 824 757 877 Et
778 837 867 893 genus
882 821 935 875 hu·
975 820 1072 873 omma
1086 818 1213 889 subiecit.
1230 834 1282 873 aec
1296 817 1419 873 eoelestia
1435 816 1546 872 ridetur
1559 817 1714 888 excepisse,
1727 834 1770 873 nce

138 936 265 986 manum,
282 917 357 989 quod
379 917 523 972 intlrrnum
552 924 582 971 et
595 913 759 984 languidum
774 917 845 973 erat,
860 909 937 963 Deus
976 908 1133 973 terrestria,
1147 915 1180 963 ut
1198 908 1304 963 diceret
1318 912 1420 977 prater
1432 906 1593 976 angelicam
1609 910 1767 965 creatum

135 1014 221 1069 Pater
235 1018 304 1063 tune
323 1006 577 1077 visitarit,quando
587 1005 665 1058 misit
675 1002 776 1056 Filium
791 1001 936 1065 suurnqai
976 997 1025 1051 sed
1040 997 1080 1051 ita
1089 996 1234 1059 conclusit,
1255 997 1352 1052 dicens
1368 1020 1374 1053 :
1390 994 1492 1050 Omnia
1506 992 1631 1064 subjecit
1644 994 1680 1049 ei.
1695 996 1768 1051 r't'sm

141 1102 257 1157 Verbum
267 1095 443 1160 sorsfactum
456 1100 527 1149 estet
535 1096 669 1147 habitarit
680 1094 712 1144 in
722 1091 798 1143 notis
809 1090 888 1145 ilcan
901 1092 932 1155 1),
976 1090 1070 1139 autent
1083 1087 1338 1141 remurmurans
1353 1086 1451 1139 orum'a
1461 1086 1586 1151 subjecta
1600 1087 1637 1141 ri.
1652 1083 1770 1147 Quidrst

137 1192 173 1247 de
189 1206 245 1262 qua
261 1186 421 1243 visitatione
432 1185 502 1239 dicit
511 1183 596 1237 etiam
608 1179 755 1235 Zacharias
768 1181 847 1247 pater
860 1173 935 1229 beati
976 1174 1053 1244 quod
1067 1174 1172 1228 Beatus
1184 1173 1337 1242 Apostolus
1346 1171 1481 1242 loquitur,
1490 1187 1558 1225 nam
1572 1186 1639 1227 curn
1654 1171 1767 1236 dixisset,

137 1278 253 1336 loannis
263 1265 819 1348 Baptistae:llisitavitnosOriensexalto
829 1266 933 1328 maan:
976 1262 1072 1317 omnin
1086 1261 1214 1331 subjecta
1227 1277 1289 1315 esse
1308 1260 1429 1325 Christo,
1446 1260 1544 1315 statim
1561 1259 1722 1323 subintulit,
1735 1259 1769 1319 di

140 1368 254 1440 quidam
266 1366 396 1419 doctores
409 1362 462 1415 hoc
473 1359 546 1430 quod
554 1357 634 1411 dicit:
645 1357 717 1424 Quid
725 1360 763 1408 ast
774 1355 853 1407 trornc
863 1352 935 1419 qrrod
975 1367 1042 1405 cens
1057 1369 1063 1404 :
1075 1352 1156 1405 Nunc
1169 1358 1263 1407 autem
1274 1350 1394 1405 necdum
1406 1349 1535 1405 videmus
1543 1349 1643 1403 omnis
1655 1349 1769 1420 sabjses

137 1457 427 1523 meritoresejus,aut
441 1452 529 1503 Filius
545 1448 674 1507 ltorrrinr's,
691 1445 824 1511 qrronr'arn
839 1444 934 1494 uisitur
976 1439 1021 1493 ei?
1041 1439 1065 1492 si
1085 1438 1263 1495 omniasunt
1282 1437 1307 1491 ei
1322 1437 1459 1507 subjecta,
1476 1437 1621 1507 quomodo
1644 1442 1769 1495 nonsunt

138 1561 202 1601 eum
217 1548 333 1597 ttotum
351 1540 479 1594 reserant
490 1537 524 1591 ad
538 1550 629 1606 genus
643 1534 808 1594 humanum,
825 1529 877 1582 lroc
892 1544 935 1581 re-
975 1526 1608 1596 subjectatluteliigenduruestergoheemodo
1614 1527 1769 1597 utsuperias

138 1633 254 1705 roquod
267 1630 405 1702 sequitur,
414 1627 540 1681 referunt
550 1622 726 1677 concorditer
734 1619 769 1673 ad
778 1618 932 1673 Christum.
975 1615 1024 1671 ubi
1039 1616 1126 1673 dixit:
1136 1616 1212 1671 Nihil
1225 1615 1333 1671 dimisit
1347 1630 1403 1671 non
1412 1613 1620 1684 subterranei,
1632 1621 1667 1671 ut
1679 1615 1768 1675 intelll-

173 1723 303 1775 Minuisti
312 1736 375 1772 enm
384 1718 468 1785 paulo
480 1717 575 1767 ruinas
587 1713 621 1765 ot
631 1708 805 1777 anpelr'sl’er
815 1711 935 1760 mortem
944 1687 1077 1774 Bgamus
1096 1704 1283 1761 unirersalem
1310 1702 1513 1775 subjectionem
1535 1710 1567 1759 et
1581 1704 1766 1771 voluntariam,

137 1807 262 1881 eorporis
276 1812 305 1862 et
314 1803 464 1877 opprobria
474 1799 624 1873 passionis,
636 1798 773 1850 minorem
785 1794 850 1847 lecit
859 1794 935 1847 Deus
974 1792 1080 1849 scilicet
1093 1793 1247 1863 pertidum,
1259 1799 1289 1846 et
1298 1790 1558 1863 necessariamque
1568 1793 1767 1863 cogitaramus

136 1895 223 1950 Pater
236 1894 339 1949 Filium
354 1908 437 1947 suum
452 1887 627 1960 angelis,qui
638 1884 791 1940 seeundum
806 1880 935 1936 divinita·
974 1886 1104 1938 creatura
1114 1880 1371 1953 subjectaessesuo
1385 1881 1523 1937 Creatori.
1537 1882 1669 1939 Hieroso
1679 1882 1725 1939 ubi
1734 1883 1767 1938 di

136 1989 194 2039 tem
209 1982 325 2055 aequalis
340 1981 365 2035 ei
379 1986 441 2034 erat
455 1979 484 2033 in
498 1974 702 2047 omnipotentia
716 1971 840 2033 deitatis,
868 1968 934 2039 quia
976 1971 1050 2026 citur
1063 1990 1068 2025 :
1082 1970 1208 2025 Necdum
1220 1969 1346 2025 ridemus
1360 1970 1455 2025 omnia
1466 1969 1645 2040 urbjeetaei,
1657 1976 1766 2033 tantm

137 2072 229 2143 angeli
235 2070 409 2126 immortales
416 2064 638 2138 etimpnssibiles
644 2059 935 2116 existuntllinoratus
975 2059 1058 2115 modo
1071 2059 1106 2113 de
1120 2059 1280 2115 voluntaria
1289 2057 1462 2129 subjectione
1477 2059 1608 2130 accipere
1621 2058 1763 2115 debemus:

137 2164 284 2214 astantem
296 2174 352 2213 non
365 2155 540 2218 necessitate,
552 2152 601 2206 sed
611 2159 764 2221 spontanea
780 2147 934 2209 voluntate,
977 2145 1023 2215 qui
1042 2161 1093 2215 per
1109 2145 1193 2199 tidem
1208 2150 1320 2201 constat
1335 2161 1390 2216 quo
1405 2145 1435 2199 in
1449 2161 1516 2203 eum
1532 2146 1651 2203 credere
1669 2147 1761 2205 nunt

137 2248 211 2303 sicat
222 2248 296 2304 idem
311 2245 461 2317 Apostolus
471 2242 541 2296 alias
556 2240 596 2294 ait
612 2258 618 2292 ε
643 2240 697 2306 oui
719 2252 781 2291 cram
796 2239 827 2288 in
843 2236 935 2301 foruna
977 2234 1050 2297 Quia
1062 2234 1137 2289 enim
1147 2242 1216 2289 tune
1227 2234 1363 2304 temporis
1377 2235 1490 2305 quando
1504 2235 1662 2307 Apostolus
1674 2235 1761 2291 isub-

137 2337 188 2391 aa·
200 2341 275 2402 esset,
291 2352 347 2389 non
360 2335 493 2401 rapinam
504 2331 704 2382 arottmtusert
713 2326 936 2392 asseresqualern
977 2322 1124 2393 quebatur,
1147 2323 1290 2392 Evangelii
1299 2322 1419 2381 necdum
1444 2324 1610 2393 praedicatio
1625 2329 1760 2395 pertoldi!

137 2425 200 2487 aa,
215 2425 261 2478 sed
272 2425 448 2490 semetipsum
458 2419 626 2481 eainaniritt
639 2416 761 2481 sormam
774 2415 847 2465 serm
859 2413 934 2464 acrt'-
977 2411 1114 2465 mundum
1129 2411 1273 2481 divulgata
1287 2417 1359 2477 erat,
1369 2411 1550 2482 nedumque
1563 2428 1664 2469 omnes
1676 2412 1760 2485 prate

135 2514 423 2581 ptensJactaspueest
434 2511 557 2564 obediens
569 2508 650 2560 Petra·
666 2520 751 2572 risque
764 2503 935 2565 cernentem,
977 2500 1074 2555 stinati
1086 2499 1123 2555 ad
1137 2499 1222 2553 ritem
1243 2498 1405 2563 eredebant,
1426 2506 1502 2557 reeta
1526 2500 1600 2555 dixit
1621 2514 1629 2549 ε
1655 2501 1757 2557 Necdum

137 2604 357 2654 mortemaatem
369 2600 459 2652 erucis
473 2597 589 2664 tl’tilip.
612 2588 937 2664 11).Exeaenimparte
978 2589 1086 2644 suntsi
1108 2588 1203 2643 omnia
1218 2589 1355 2658 subjecta,
1379 2595 1408 2645 et
1427 2604 1484 2645 nou
1511 2590 1607 2647 solum
1630 2594 1702 2658 tuno,
1721 2588 1757 2645 ssd

139 2705 196 2760 qua
206 2688 277 2742 mori
288 2688 381 2758 potuit
391 2686 508 2741 Creator
522 2679 793 2753 angelorumminor
801 2676 939 2730 sactusast
978 2677 1064 2733 etium
1074 2678 1166 2732 adhue
1181 2694 1279 2733 omnes
1291 2677 1484 2748 predestinati
1496 2695 1556 2735 noa
1566 2679 1692 2735 credunt.

145 2777 261 2849 angelis.
280 2772 534 2829 lieneautemdixit
543 2769 729 2842 paulominus
743 2774 771 2821 et
783 2766 806 2819 si
819 2764 937 2819 mortale
1013 2766 1083 2819 Eum
1099 2770 1192 2819 autern
1207 2770 1257 2832 pai
1271 2768 1410 2820 rnodicurn
1422 2770 1615 2835 quarnanaelr‘
1625 2770 1756 2823 animata
1797 2828 1799 2841 Ι

137 2850 936 2936 corpusassampsit;peccatitamenmacularnnonhabuit,
977 2855 1755 2925 cressementumpropterpasstonemcremasteras
1795 2878 1800 2943 p

137 2956 230 3021 plorr'o
243 2956 268 3005 et
277 2953 378 3005 lrormre
387 2951 526 3004 coronasti
533 2938 935 3012 earn-J‘salmistuloquiturad
978 2943 1079 2996 tonora
1085 2948 1259 2996 coronatum.
1271 2942 1323 2999 llic
1333 2948 1431 3007 aperte
1441 2942 1754 3015 manifestatquiagloria

137 3043 228 3098 Deum
237 3042 350 3095 Patrem
361 3037 563 3093 dehumilitate
573 3041 602 3088 et
612 3032 781 3088 exaltatione
800 3029 862 3085 Filii
872 3028 932 3091 Dei,
976 3030 1754 3103 ethonorChristieruxejusluitproquamodicuuruiao

138 3131 244 3187 diceus:
252 3132 392 3194 Minrristr,
402 3126 610 3197 inquitl‘r'tr'um
618 3122 890 3189 tanmpoaioau'rms
901 3119 936 3170 ao
976 3126 1054 3173 ratus
1064 3125 1108 3175 est
1117 3118 1152 3173 ab
1163 3119 1271 3189 arrgclis
1280 3120 1426 3177 moriendo
1434 3120 1753 3191 pronostrasalutollnde

140 3221 257 3287 anoctis,
281 3217 347 3270 dum
372 3230 435 3268 eum
452 3212 598 3266 mortalem
614 3209 725 3273 creasti,
741 3207 790 3261 sed
808 3206 874 3276 quia
888 3204 935 3258 ills
975 3216 1004 3261 et
1013 3209 1163 3278 Apostolus
1178 3208 1245 3263 alibi
1266 3225 1330 3263 cum
1344 3208 1472 3275 dixisset,
1487 3212 1581 3277 (artus
1594 3213 1708 3266 odedum
1719 3216 1753 3263 nst

139 3307 272 3361 obediens
279 3304 330 3359 tibi
336 3301 443 3357 exstitit
452 3316 540 3370 usque
550 3299 585 3351 ad
597 3303 726 3352 rrrortern.
741 3294 832 3365 gloria
847 3299 876 3346 et
888 3293 935 3346 lro·
974 3297 1051 3349 Patri
1062 3312 1145 3363 capre
1159 3298 1330 3357 edissertem,
1344 3304 1457 3351 rnorlenr
1468 3303 1563 3353 autern
1576 3297 1750 3365 cruciaststim

139 3412 209 3449 nore
219 3392 358 3448 coronasti
368 3389 563 3445 eum'laleest
573 3386 642 3439 illud
653 3383 726 3454 quod
740 3382 935 3452 Apostolusdi·
975 3385 1140 3440 subsecutus
1152 3390 1202 3449 est,
1216 3384 1312 3439 dicens
1326 3403 1332 3439 :
1347 3387 1462 3453 Propter
1473 3389 1548 3453 quod
1556 3393 1582 3441 ct
1594 3388 1751 3445 erasmu-
1797 3366 1801 3397 ⁸

137 3472 935 3547 cirinarioloeo:Pr·oprcr·quodatDeurrrcttou'trilurset
975 3476 1013 3527 rit
1030 3476 1121 3535 illurn,
1143 3478 1168 3527 et
1192 3474 1264 3527 dedit
1286 3476 1333 3526 r'ltr'
1348 3489 1445 3527 ironica
1463 3477 1536 3544 prod
1550 3482 1751 3545 estsapsrosur
1799 3498 1801 3507 ·

136 3575 250 3627 donavit
265 3573 309 3624 ills
326 3567 555 3636 rmnseuquodest
565 3577 647 3631 super
660 3576 738 3615 onina
752 3563 934 3615 rrorrrenatr'n
975 3578 1082 3615 nonen.
1095 3561 1294 3615 etc.Sicetiarn
1308 3561 1367 3630 ipse
1377 3560 1516 3617 Dominus
1526 3564 1690 3634 provocabat
1700 3578 1751 3633 apr·
1799 3616 1801 3623 .

138 3665 251 3716 nornine
264 3663 327 3714 Jesu
343 3673 422 3712 omne
436 3671 508 3723 paru
523 3656 660 3723 flectatur,
671 3650 829 3708 celestium,
847 3653 933 3701 terro·
974 3650 1061 3703 stolus
1076 3650 1172 3704 diceus
1188 3667 1193 3701 :
1209 3655 1241 3703 ut
1249 3649 1422 3719 glorificetur
1437 3651 1527 3706 Filius
1535 3653 1666 3709 hominis.
1676 3648 1749 3709 seori

136 3751 249 3812 atrium,
261 3752 286 3799 et
302 3749 480 3812 infernorum
493 3742 590 3811 (iota.)
604 3738 699 3794 Gloria
713 3752 779 3806 ergo
790 3735 933 3791 coronarit
974 3738 1020 3793 ille
1035 3738 1084 3808 qui
1098 3738 1235 3795 Dominus
1248 3743 1292 3793 est
1305 3755 1338 3793 en
1360 3756 1421 3810 quse
1436 3756 1487 3810 pro
1507 3741 1597 3797 serris
1620 3757 1709 3813 maus
1718 3744 1751 3795 at
1799 3770 1802 3847 p

136 3835 308 3888 illiumlleus
319 3832 441 3889 Peterin
451 3829 668 3891 resurreetione,
679 3828 889 3881 honoreautem
902 3824 932 3879 in
972 3826 1092 3895 gloriam
1106 3834 1195 3890 vocat,
1211 3827 1299 3883 multo
1314 3828 1450 3897 magistu
1465 3828 1551 3885 homo
1566 3847 1630 3902 qua
1647 3846 1693 3902 pro
1711 3828 1750 3883 uo

137 3922 421 3993 ascensionequanrlo
437 3918 654 3991 quadragesimo
663 3915 709 3970 die
719 3911 933 3969 resurrectionis
973 3915 1050 3969 mino
1063 3915 1232 3986 pateris,tibi
1243 3916 1279 3971 ad
1288 3916 1410 3986 gloriam
1419 3917 1625 3988 sempiternam
1634 3918 1750 3990 portium

137 4028 196 4067 sua
209 4011 341 4068 exaltavit
350 4011 431 4065 illum
440 4025 524 4079 super
533 4002 928 4062 omnemereaturam.Aliter:
973 4020 1030 4063 nou
1043 4004 1175 4061 dubitare
1184 4004 1280 4061 debes.
1291 4004 1374 4069 Eum,
1384 4005 1587 4076 iuquitlesum
1598 4002 1753 4063 ridemoscs
1800 4020 1802 4039 ¹

135 4101 233 4157 Gloria
245 4105 396 4155 coronatus
403 4104 447 4152 est
461 4097 489 4150 in
503 4094 684 4150 multitudine
698 4090 883 4148 credentium.
895 4089 933 4143 ri·
974 4098 1105 4147 sonatum
1116 4109 1171 4148 non
1180 4093 1425 4163 oculiscorporeis,
1434 4095 1486 4151 sed
1494 4095 1586 4151 oculis
1593 4094 1751 4153 maurinom
1798 4050 1802 4125 l

135 4188 238 4243 delicet
251 4205 315 4242 eum
327 4191 391 4257 post
402 4184 615 4239 resurrectionis
633 4181 820 4252 triumphum,
836 4178 934 4235 credu-
974 4182 1402 4255 sedetiupleuitudinepsternaa
1411 4184 1753 4255 maiestatismtprotrirdri
1799 4134 1803 4235 i

135 4276 244 4329 litatem
258 4275 346 4328 totius
360 4273 459 4331 mundi
473 4272 502 4325 in
516 4272 569 4327 hoc
582 4267 931 4340 quodhomoestaocepit,
972 4285 1025 4339 pro
1035 4272 1164 4326 orantius
1177 4277 1300 4340 uastaret
1311 4279 1437 4328 mortens.
1449 4272 1753 4341 ursinuatmissp
1800 4256 1803 4321 l

135 4363 244 4417 honoro
263 4372 359 4415 autam
384 4361 413 4413 in
428 4359 601 4414 consuesce
620 4364 744 4429 paterna
764 4356 932 4428 majestatis,
942 4348 1200 4430 llpcllatarFiiius,
1213 4360 1329 4430 eoquod
1343 4359 1425 4415 nobis
1439 4377 1456 4414 a
1470 4361 1531 4417 Deo
1545 4362 1631 4421 Patro
1642 4358 1753 4433 aratisrit

137 4450 191 4504 hoo
205 4454 249 4504 est
263 4449 294 4504 in
304 4464 337 4502 eo
352 4448 427 4519 quod
441 4448 471 4500 in
492 4446 666 4517 plenitudiue
690 4452 814 4517 paterna
837 4444 934 4515 gloriae
975 4448 1068 4513 datus,
1084 4453 1113 4501 et
1131 4447 1206 4518 quod
1226 4448 1316 4517 gratis
1330 4465 1381 4519 pro
1396 4448 1477 4504 nobis
1492 4458 1617 4509 mortem
1631 4448 1752 4507 sustinut

135 4539 255 4607 habitat,
265 4544 290 4593 ct
300 4538 933 4603 constitu-iaticumsuperoperarnonuarntaa-
975 4535 1039 4595 Non
1050 4535 1126 4591 onim
1140 4535 1296 4593 debebatur
1309 4537 1388 4592 nobis
1402 4542 1501 4595 nostro
1515 4540 1629 4607 mento,
1643 4545 1675 4595 ut
1686 4536 1752 4593 lilii!

134 4646 211 4684 mm.
220 4629 274 4683 Per
287 4628 340 4683 hoc
354 4625 428 4698 quod
443 4626 527 4679 homo
538 4623 628 4679 tactus
637 4623 933 4687 est,eoustitutusesta
974 4625 1026 4681 Dei
1036 4641 1086 4696 pro
1103 4624 1184 4679 nobis
1195 4631 1323 4696 gustaret
1338 4632 1470 4691 niortem,
1483 4628 1536 4685 scd
1549 4627 1697 4691 insatiabilis
1706 4640 1752 4697 pr

134 4718 194 4774 Deo
205 4718 291 4776 Patra
300 4731 386 4788 super
395 4730 480 4787 opera
487 4712 621 4783 jussionis
632 4713 703 4782 ojus,
715 4726 800 4780 supra
810 4710 933 4767 coelestin
974 4714 1015 4769 tia
1028 4714 1081 4769 lroc
1094 4714 1169 4771 tecit.
1189 4714 1270 4780 Quod
1284 4720 1381 4771 autem
1395 4715 1464 4771 dicit
1477 4733 1532 4788 pro
1550 4717 1679 4775 omuibus
1691 4716 1752 4774 illud

133 4799 933 4875 videlieetterrestria,etiniemalia,quisecundumdiri·
975 4808 1104 4871 gustasse
1116 4808 1246 4867 mortem,
1260 4803 1374 4873 quidam
1396 4803 1583 4863 doctoresita
1596 4802 1750 4863 sudreie

134 4896 234 4949 nitatis
242 4896 408 4966 potentiam,
419 4893 491 4947 sieut
501 4907 566 4946 cum
579 4889 637 4945 Deo
652 4889 735 4945 Patre
749 4888 844 4947 omnia
859 4904 934 4943 ersa·
974 4892 1108 4962 tolligunt
1116 4897 1149 4949 ut
1158 4892 1268 4949 dicatur
1277 4910 1327 4964 pro
1338 4890 1747 4967 ommumproquibusgasuit

134 4988 223 5048 rarat,
237 4984 276 5037 ita
286 5001 350 5039 eum
363 4984 409 5037 itis
422 4980 518 5035 omnia
532 4977 702 5050 possidebat.
714 4977 836 5033 Dicendo
847 4976 931 5041 enim,
974 4979 1054 5037 idest
1064 4997 1115 5050 pro
1125 4980 1221 5037 electis
1232 4980 1268 5035 ad
1279 4980 1367 5039 ritem
1375 4980 1745 5057 aternampredasisnirtt

137 5068 381 5125 Goauitaists'eam
392 5086 473 5138 super
488 5084 569 5138 opera
580 5082 719 5121 murreum
735 5072 860 5130 tuorrun,
876 5082 934 5120 om-
974 5085 1040 5123 vero
1066 5069 1181 5139 quidam
1204 5069 1245 5125 ita
1269 5070 1440 5139 generaliter
1452 5072 1607 5143 accipiunt,
1621 5078 1652 5129 ut
1663 5071 1744 5127 distitir

134 5156 181 5208 sis
194 5163 504 5215 creaturamoustratur
516 5156 644 5226 subjecta
657 5152 847 5223 esseilliquia
860 5153 933 5207 sicut
975 5174 1025 5227 pro
1039 5156 1170 5213 omuibus
1198 5157 1327 5215 iidelibus
1354 5163 1439 5230 atquo
1462 5160 1627 5221 isuidelibus
1650 5163 1740 5221 moso

135 5246 275 5314 potestate
296 5244 382 5299 Verbi
400 5246 495 5299 omnia
509 5252 602 5299 creata
616 5250 693 5309 sunt,
722 5243 762 5299 ita
786 5241 834 5297 ille
847 5242 932 5297 homo
971 5245 1263 5316 gastasadtoentos:
1280 5246 1343 5317 lpse
1358 5248 1471 5319 quidem
1488 5266 1542 5321 pro
1556 5250 1740 5307 omnitunor

135 5337 297 5403 smumptus
312 5331 432 5386 averbo
446 5350 510 5386 curn
525 5333 615 5388 Verbo
634 5332 759 5402 possidet
770 5336 880 5385 cuncta.
972 5339 1039 5387 tuus
1054 5333 1184 5400 est,lioot
1198 5350 1296 5389 omnes
1313 5351 1370 5389 uon
1384 5335 1739 5396 salventurAEtsiomarsttl
1800 5322 1805 5345 ”

170 5423 274 5477 Omnia
286 5423 426 5488 submersit
439 5422 490 5473 sao
509 5422 621 5489 peditm
649 5425 721 5490 ejas,
741 5420 771 5479 id
793 5427 837 5477 est
851 5426 931 5477 arter-
971 5422 1100 5488 credunt,
1118 5422 1166 5477 ille
1174 5427 1270 5477 tamen
1285 5424 1363 5493 quod
1371 5440 1454 5483 suum
1463 5432 1526 5481 erat
1537 5422 1739 5489 features-r

134 5510 219 5569 nitati
233 5508 313 5565 illius
322 5513 353 5564 st
375 5507 517 5580 potestati,
536 5513 570 5565 ut
588 5509 681 5567 omnis
698 5514 829 5569 creatura
847 5509 930 5571 ilium
970 5516 1019 5573 tus
1041 5510 1162 5582 trapa
1176 5510 1250 5571 huno
1265 5512 1604 5584 consonantiae-1:
1625 5515 1672 5575 Bi
1681 5504 1738 5585 pail
