3818 6104
131 254 181 313 3l5
594 257 806 319 ENARRATIO
821 262 860 317 ΙΝ
875 262 1033 319 cauriae
1047 262 1293 319 CANTICORUM.
1705 255 1758 317 346

130 381 311 448 celebratam,
322 399 396 437 nunc
408 399 438 436 ae
451 382 636 454 spiritualiter
649 386 796 440 observare
810 387 922 451 debere,
932 387 1019 447 Arito
1033 387 1082 441 illa
1095 403 1156 458 quae
1168 386 1232 440 talis
1248 390 1300 447 est,
1316 395 1419 455 sponso
1434 401 1485 439 suo
1500 385 1612 439 Christo
1626 385 1759 439 cbarissi-

126 471 206 540 jurta
219 471 293 541 quod
305 471 445 542 Propheta
458 472 540 525 dicit:
555 474 816 528 «circumcidimini
832 475 923 528 Domi·
965 492 1011 528 ma
1029 493 1089 529 csse
1104 475 1215 527 dicitur.

128 574 161 612 uo
171 560 201 612 iu
215 559 346 613 cordibus
357 560 488 613 vestris.»
507 562 584 615 flanc
598 564 766 617 sententiani
781 565 923 617 circumci-
1002 560 1528 630 «Staturatuaassimilataestpalma.a
1543 561 1658 614 Statura
1666 560 1759 614 Eccle-

127 647 212 701 sionis
228 664 285 702 non
301 648 461 703 habueruut
472 649 696 722 Judaeiideoque
711 652 924 722 reprehendun·
964 651 1011 705 siae
1021 657 1063 704 est
1074 651 1265 721 perfectaejus
1275 649 1423 703 rectitudo.
1438 651 1536 719 Neque
1551 651 1625 702 enim
1642 649 1676 702 ad
1692 649 1761 703 vitia

128 740 171 789 tur
184 752 203 788 a
215 735 298 790 beato
312 737 454 808 Stephano
464 743 670 811 protomartyre
678 740 786 795 dicente
800 757 805 792 :
821 740 924 794 «Dura
964 736 1135 801 incurvatur,
1152 737 1201 791 sed
1221 743 1297 791 recta
1311 744 1340 791 et
1354 737 1506 790 immobilis
1520 737 1656 808 persistit.
1679 737 1759 792 Unde

125 823 232 877 cervice
247 825 485 879 etincircumcisis
498 826 629 881 cordibus
642 834 671 881 et
684 828 924 898 auribus,semper
963 824 1114 880 Psalmista
1122 826 1340 897 exspectantium
1354 842 1421 879 voce
1431 826 1542 879 dicebat
1554 845 1559 879 :
1572 827 1759 880 ‹Incurvatus

126 911 243 981 Spiritui
259 920 356 967 sancto
368 914 519 968 restitistis.
538 914 596 969 ›In
607 915 678 969 libro
690 932 800 987 quoque
815 917 923 986 Regum
964 930 1025 968 sum
1041 920 1069 968 et
1083 915 1247 969 humiliatus
1261 931 1495 985 usquequaque.»
1509 916 1542 969 Et
1556 915 1693 986 propheta
1706 914 1759 969 sub

125 1000 228 1070 legitur
239 1003 314 1072 quod
326 1003 437 1057 Eliasin
447 1009 571 1058 montem
580 1003 702 1058 Carmeli
712 1005 879 1071 ascenderit,
895 1012 924 1059 et
964 1003 1055 1072 specie
1066 1003 1241 1057 Hierusalem
1251 1003 1377 1074 peccanti
1391 1003 1491 1057 anima
1501 1003 1537 1056 de
1551 1003 1684 1073 malignis
1699 1004 1759 1074 spi-

125 1087 161 1142 ibi
175 1091 286 1144 orando
300 1091 409 1145 aridam
423 1098 527 1146 terram
539 1093 698 1149 coelestibus
708 1095 808 1166 pluviis
822 1094 923 1165 irriga·
963 1091 1063 1145 ritibus
1075 1092 1141 1145 dicit
1156 1111 1161 1145 :
1178 1110 1191 1144 c
1208 1092 1280 1156 Quia
1298 1092 1519 1146 humiliaverunt
1531 1098 1569 1159 te,
1586 1098 1614 1146 et
1627 1092 1759 1147 dixerunt

125 1176 205 1245 terit,
225 1184 289 1247 post
303 1179 415 1249 longam
424 1179 510 1234 trium
522 1197 659 1235 annorum
673 1187 702 1235 et
721 1183 923 1237 semissiccita-
962 1180 1065 1234 animm
1080 1187 1143 1242 trice,
1161 1182 1310 1234 incurvare
1329 1186 1361 1234 ut
1374 1186 1561 1234 transeamus.
1582 1200 1592 1230 ι
1609 1182 1646 1234 At
1659 1185 1758 1234 contra

126 1267 387 1329 temQuaebistoria
396 1269 542 1338 pulchram
555 1270 662 1324 redolet
673 1271 921 1340 allegoriamNam
962 1275 1060 1324 sancta
1087 1269 1208 1323 Ecclesia
1231 1276 1307 1323 recta
1331 1273 1396 1334 stat,
1412 1284 1603 1338 necunquam
1618 1269 1757 1324 incurvari

126 1351 206 1416 Elias,
225 1353 274 1423 qui
288 1354 491 1425 interpretatur
506 1356 580 1409 Deus
591 1373 669 1410 meus
679 1358 922 1425 Dominusdibris-
962 1358 1111 1418 consentit,
1127 1358 1244 1412 audiens
1257 1357 1292 1411 ab
1308 1358 1459 1428 apostolo:
1478 1356 1631 1426 «Vigilate,
1645 1363 1717 1411 state
1727 1357 1756 1411 in

127 1447 181 1494 tum
197 1442 476 1509 significatQuicum
486 1437 523 1497 sit
533 1445 607 1499 Deus
615 1447 784 1501 etDominus
794 1448 920 1502 omnium
962 1446 1025 1509 fide,
1040 1446 1156 1500 viriliter
1170 1447 1244 1516 agite
1253 1451 1280 1500 et
1294 1445 1501 1509 confortamini,
1518 1451 1547 1498 et
1560 1445 1758 1500 omniarestra

128 1529 253 1584 ettotiua
262 1536 408 1594 creaturae,
423 1532 582 1602 specialiter
592 1551 669 1601 suus,
685 1535 765 1589 idest
778 1537 918 1606 proprius,
961 1533 1133 1589 incharitate
1147 1535 1284 1588 fiantiEt
1293 1534 1429 1588 Dominus
1437 1533 1502 1588 ssliis
1516 1533 1603 1588 lsrael
1612 1534 1754 1605 loquitur:

131 1623 166 1669 est
177 1617 253 1671 Deus
268 1624 297 1671 et
311 1619 447 1673 Dominus
459 1619 653 1675 Ecclesiae.Hic
662 1622 691 1675 in
704 1623 864 1676 Carmelum
876 1640 918 1677 as·
963 1641 974 1674 ι
992 1621 1049 1692 Ego
1063 1640 1126 1677 sum
1138 1622 1277 1678 Dominus
1288 1624 1362 1677 Deus
1372 1627 1473 1688 vester,
1490 1623 1538 1693 qui
1551 1622 1640 1693 eripui
1655 1639 1703 1677 ros
1721 1622 1756 1677 de

133 1705 225 1772 audit,
242 1707 420 1777 quandoper
440 1709 560 1776 gratiam
575 1726 656 1764 suam
675 1718 784 1765 mentes
794 1712 919 1766 fidelium
930 1695 1104 1782 Bergastulo
1114 1711 1324 1782 AEgyptiorum,
1340 1716 1372 1764 ut
1386 1710 1553 1764 incederetis
1564 1715 1648 1764 recte.
1665 1729 1678 1763 i
1695 1710 1757 1766 Sta·

136 1809 237 1848 suorum
252 1793 423 1856 conscendit}
432 1804 460 1849 et
473 1813 523 1867 per
538 1814 585 1852 eos
599 1799 690 1853 arenti
704 1801 920 1870 mundogratia-
959 1807 1025 1854 tura
1039 1816 1105 1870 crgo
1128 1800 1256 1853 Ecclesiae
1270 1801 1370 1870 palmae
1384 1798 1565 1857 assimilatur.
1580 1799 1683 1868 quaein
1698 1815 1757 1854 om·

138 1898 188 1936 mm
200 1900 314 1937 suarum
331 1883 438 1953 pluvias
451 1885 560 1939 tribuit.
570 1888 654 1941 Recte
671 1905 738 1958 ergo
755 1894 798 1954 tut
811 1889 918 1942 dictum
960 1888 1176 1958 nibusquaeugit
1187 1905 1298 1959 semper
1307 1889 1337 1941 in
1348 1888 1482 1941 memoria
1494 1904 1643 1958 supernam
1653 1890 1757 1942 retinet

141 1976 179 2039 est)
202 1980 286 2043 caput
310 1973 439 2028 Ecclesiae
466 1974 594 2029 carmelo
620 1978 708 2030 monti
727 1983 916 2047 comparatur,
960 1978 1214 2031 remunerationem
1242 1977 1340 2031 Palma
1358 1976 1433 2029 enim
1446 1976 1586 2029 victricem
1597 1982 1679 2029 ornat
1696 1992 1757 2030 ma·

144 2059 193 2130 quia
203 2077 281 2115 mens
295 2067 457 2115 sanctorum
472 2064 682 2118 conversatione
694 2065 821 2118 sublimis
836 2070 920 2128 estet
960 2083 1037 2130 uum,
1053 2072 1082 2120 et
1095 2066 1157 2119 ideo
1170 2065 1309 2135 significat
1325 2065 1469 2136 praemium
1490 2064 1559 2118 illud
1583 2065 1656 2135 quod
1671 2065 1758 2119 ricto·

147 2148 234 2203 Christo
247 2150 277 2203 in
291 2166 321 2204 se
337 2166 484 2204 ascensum
498 2152 604 2222 praebet
624 2169 674 2224 per
693 2153 848 2224 profectum
861 2154 919 2207 vir·
959 2154 1037 2209 ribus
1051 2155 1154 2209 sanctis
1169 2155 1198 2208 in
1214 2153 1373 2208 coelestibus
1386 2159 1429 2207 est
1442 2153 1576 2208 dandum.
1597 2173 1608 2203 ι
1622 2154 1656 2206 Et
1670 2153 1758 2208 ubera

148 2242 225 2292 tutum
958 2247 1008 2296 tua
1020 2243 1136 2297 botris.»
1148 2243 1240 2298 Ubera
1251 2243 1379 2297 Ecclesia
1390 2242 1435 2312 (ut
1444 2242 1573 2312 superius
1583 2242 1689 2295 dictum
1702 2241 1757 2311 est)

176 2327 223 2380 iEt
234 2343 319 2382 comae
334 2329 433 2400 cepitis
447 2329 489 2384 tui
504 2333 536 2382 ut
548 2345 674 2400 purpura
687 2331 762 2401 regis
772 2331 865 2385 vincta
875 2349 918 2386 ca-
958 2339 1024 2384 sunt
1040 2331 1168 2385 doctores
1191 2331 1290 2396 sancti,
1308 2331 1357 2401 qui
1378 2331 1450 2384 lacte
1474 2329 1608 2400 simplicis
1623 2330 1756 2384 doctrinae

152 2413 243 2469 usibus.
261 2435 274 2468 r
291 2417 320 2471 Si
336 2433 387 2488 per
407 2424 492 2488 caput
516 2417 645 2472 Ecclesia
667 2436 745 2473 mens
770 2420 915 2490 accipitur,
958 2420 1176 2489 regeneratosin
1191 2420 1302 2474 Christo
1317 2419 1458 2477 nutriunt.
1473 2418 1527 2474 Sed
1541 2418 1696 2472 haecubera
1707 2418 1756 2472 bo·

152 2517 186 2570 per
196 2519 278 2558 comas
292 2506 393 2575 capitis
404 2507 586 2576 cogitationes
600 2507 702 2560 utentis
717 2507 851 2562 debemus
870 2525 917 2563 ac·
958 2508 1010 2562 tris
1033 2509 1237 2571 assimilantur,
1254 2509 1366 2578 quando
1381 2508 1464 2561 iidem
1481 2508 1609 2561 doctores
1625 2507 1755 2577 perfectis

153 2589 447 2663 ciperc,quaeassiduede
456 2595 504 2648 illa
515 2596 661 2665 prodeunt.
679 2597 840 2667 Purpureus
851 2614 917 2651 vero
958 2597 1124 2667 perfectiora
1138 2595 1545 2666 denuntiant,sicutApostolus
1561 2596 1677 2665 loquens
1687 2595 1756 2649 sim·

127 2688 132 2692 '
153 2678 214 2747 color,
227 2683 271 2751 qui
285 2683 432 2753 sanguinis
447 2683 531 2736 babet
544 2683 674 2753 speciem,
689 2685 916 2755 mysteriumDo-
958 2685 1128 2754 plicioribus.
1150 2685 1261 2739 dicebat
1278 2702 1283 2736 :
1301 2707 1314 2733 a
1331 2685 1392 2738 Non
1412 2684 1490 2754 potui
1514 2683 1589 2737 robis
1603 2683 1679 2753 loqui
1695 2689 1756 2737 tan·

154 2766 235 2823 minicae
247 2771 386 2840 passionis
401 2771 548 2841 significat.
564 2772 860 2844 luxtalitteraniquod
872 2777 917 2829 di·
958 2789 1041 2843 quam
1057 2774 1259 2845 spiritualibus,
1282 2773 1330 2826 sed
1345 2780 1480 2842 tanquam
1496 2771 1673 2837 carnalibus;
1689 2778 1757 2824 tan-

153 2852 186 2914 cit,
200 2874 337 2930 «purpura
351 2860 425 2929 regis
437 2860 529 2913 vincta
544 2860 720 2916 canalibus.»
730 2862 917 2931 significatla-
957 2879 1040 2933 quam
1056 2862 1178 2933 parvulis
1193 2863 1221 2915 in
1238 2861 1348 2915 Christo
1362 2860 1406 2914 lac
1419 2866 1515 2931 potum
1527 2859 1603 2913 robis
1614 2859 1689 2925 dedi,
1700 2876 1756 2914 non

152 2956 197 2996 uem
208 2947 258 3015 jam
275 2964 418 3019 purpureo
432 2949 524 3002 colore
538 2949 691 3002 confectam
708 2956 737 3003 et
753 2951 871 3004 necdum
886 2953 916 3006 in
926 2966 948 3026 C
959 2967 1060 3005 escam.
1073 2971 1085 3003 n
1103 2951 1171 3005 Ecce
1187 2950 1274 3005 ubera
1288 2949 1368 3003 lactis
1380 2950 1469 3020 plena.
1487 2949 1554 3013 Quae
1568 2947 1655 3002 ubera
1665 2949 1694 3001 in
1708 2947 1756 3003 bo-

153 3030 339 3102 filadeductam,
355 3038 403 3090 sed
414 3036 506 3091 adbuc
519 3037 547 3090 in
564 3037 707 3092 canalibus
725 3040 917 3107 constitutam,
958 3047 1017 3095 tros
1033 3045 1099 3094 sunt
1119 3056 1207 3104 versa,
1230 3055 1293 3092 cum
1316 3039 1421 3093 diceret
1437 3056 1444 3090 ε
1461 3056 1474 3091 r
1495 3039 1552 3092 Nos
1568 3037 1752 3107 praedicamus

153 3135 201 3189 quas
220 3125 302 3180 Graeci
315 3126 397 3179 Βάτια
410 3130 517 3188 vocant,
538 3126 567 3179 in
582 3125 683 3196 quibus
707 3127 822 3196 sanguis
849 3146 917 3183 con·
958 3127 1101 3182 Christum
1116 3126 1167 3180 Dei
1183 3127 1315 3179 virtutem
1331 3131 1359 3179 et
1371 3125 1421 3178 Dei
1435 3124 1612 3196 sapientiam,
1626 3131 1655 3179 et
1667 3125 1757 3196 loqui·

154 3207 278 3279 thyborum
301 3215 374 3268 solet
398 3214 531 3275 defluere.
548 3220 576 3268 et
591 3215 685 3269 lanam
697 3216 727 3269 in
742 3232 916 3287 purpureum
957 3232 1022 3270 mur
1034 3215 1201 3286 sapientiam
1216 3215 1289 3268 inter
1301 3215 1449 3285 perfectos.
1468 3232 1480 3265 n

152 3305 231 3355 iecere
244 3304 376 3358 colorem.
398 3302 517 3374 Mystice
532 3303 644 3357 canales
655 3304 715 3358 ista
726 3305 915 3360 humilitatem
994 3324 1005 3354 r
1023 3305 1094 3370 Dixi,
1111 3304 1260 3358 ascendam
1272 3303 1302 3357 in
1315 3303 1448 3373 palmam,
1465 3302 1675 3374 apprehendam
1693 3303 1753 3357 fru-

151 3394 278 3445 tauctorum
292 3391 462 3461 significant,
479 3391 508 3444 in
528 3391 631 3461 quibus
645 3393 741 3446 aeterni
757 3394 830 3462 regis
852 3411 916 3465 pur·
957 3399 1017 3448 ctus
1033 3395 1120 3464 ejus.»
1145 3394 1182 3448 Ut
1200 3393 1398 3446 ostenderetur
1412 3391 1503 3445 omnis
1517 3391 1575 3444 bac
1590 3392 1757 3447 excellentia

150 3490 199 3544 pura
217 3481 341 3551 tingitur,
370 3497 432 3534 cum
449 3481 538 3534 sancti
551 3482 655 3551 quique
670 3481 857 3536 bumilitatem
871 3484 915 3537 sui
957 3488 985 3536 et
995 3482 1159 3552 magnitudo
1169 3482 1307 3535 donorum
1316 3479 1541 3534 EcclesiaedeDei
1549 3479 1640 3549 gratia
1649 3481 1753 3548 venire,

150 3561 312 3639 Redemptoris
325 3568 473 3628 imitando,
490 3570 651 3639 passionum
668 3569 743 3623 illius
757 3571 914 3625 conformes
955 3570 1144 3624 introducitur
1162 3569 1235 3623 idem
1254 3585 1372 3639 sponsus
1386 3568 1504 3622 dicens:
1526 3588 1536 3617 ι
1554 3568 1709 3621 Ascendam
1724 3568 1753 3621 in

149 3650 191 3707 leri
200 3663 484 3727 sataguntquatenus
499 3658 528 3711 in
540 3674 670 3727 purpurae
682 3658 847 3727 dignitatem
857 3676 916 3713 rer·
955 3658 1087 3730 palmam.
1101 3677 1114 3711 »
1130 3657 1217 3721 Quasi
1231 3658 1337 3711 diceret
1347 3676 1353 3709 ε
1365 3657 1432 3710 Inde
1455 3655 1541 3709 babes
1552 3654 1639 3709 ubera
1652 3655 1688 3708 ad
1701 3670 1751 3708 nu-

149 3747 233 3811 tantum
246 3747 273 3799 id
288 3746 504 3809 est,laborantes
515 3763 565 3816 pro
576 3747 914 3808 Christ0,mereanturre-
955 3747 1080 3801 triendos
1093 3746 1232 3817 parrulos,
1257 3745 1332 3799 unde
1353 3744 1439 3798 habes
1455 3743 1559 3808 botros,
1576 3743 1677 3814 quibus
1690 3759 1754 3813 per-

149 3843 207 3896 guare
220 3852 280 3889 cum
296 3835 417 3890 Christo.
433 3835 532 3888 Vincta
546 3842 639 3889 autem
651 3836 709 3889 haec
718 3842 844 3907 purpura
852 3854 913 3892 esse
953 3834 1114 3890 fectioribus
1130 3834 1324 3906 perfectiorem
1349 3833 1480 3904 propines
1496 3832 1664 3896 doctrinam,
1686 3832 1754 3901 quia

149 3915 230 3984 ducor.
244 3923 310 3994 quia
324 3929 487 3977 sanctorum
503 3924 656 3993 precordia
671 3924 725 3977 lixa
739 3931 805 3978 sunt
819 3934 848 3978 et
857 3933 913 3981 sta-
954 3923 1172 3994 egomcagratia
1178 3923 1206 3975 in
1217 3929 1244 3976 te
1253 3921 1407 3984 ascendi,et
1413 3921 1484 3974 banc
1491 3919 1540 3974 tibi
1551 3921 1750 3990 perfectionem

149 4000 202 4062 illita
213 4010 239 4064 in
252 4012 354 4065 timore
368 4018 502 4065 etamorc
514 4012 708 4082 Redemptoris
723 4013 777 4079 sui,
794 4030 844 4068 nec
862 4030 912 4068 un·
954 4017 1088 4066 concessi.
1107 4031 1118 4062 c
1135 4010 1291 4064 Ascendam
1308 4009 1420 4082 linquit)
1430 4008 1458 4061 in
1474 4009 1606 4079 palmam.
1624 4026 1637 4059 n
1654 4007 1752 4061 Palma

149 4105 205 4160 tutu
217 4115 233 4152 a
245 4100 383 4154 charitate
398 4101 459 4170 ejus
473 4100 598 4170 separari
617 4108 743 4171 possunt.
953 4100 1105 4154 Ecclesiam
1121 4098 1318 4169 significat‚rel
1328 4097 1414 4151 etiam
1426 4096 1550 4149 animam
1560 4095 1752 4165 cujuscunque

172 4186 270 4250 «Quam
284 4189 403 4259 pulchra
421 4204 451 4241 es
470 4197 499 4241 et
513 4205 595 4258 quam
608 4189 718 4252 decora,
735 4190 910 4253 charissima,
952 4188 1052 4253 fidelis,
1069 4188 1117 4259 qui
1133 4203 1241 4240 memor
1255 4192 1298 4240 est
1318 4185 1430 4240 Domini
1454 4185 1504 4238 Dei
1525 4184 1569 4237 sui
1594 4184 1642 4254 qui
1657 4183 1725 4238 dicit
1742 4203 1747 4237 :

148 4265 272 4332 indeliciis.
290 4297 301 4328 ι
318 4278 409 4340 Quam
425 4276 541 4348 pulchra
556 4293 595 4341 es,
619 4277 726 4331 scilicet
743 4278 773 4332 in
798 4278 862 4343 side,
884 4285 912 4333 ct
952 4278 1099 4340 Confidite,
1117 4293 1168 4347 ego
1187 4275 1240 4328 vici
1256 4275 1403 4330 mundum.
1419 4275 1482 4345 Ipsa
1496 4290 1607 4343 quoque
1621 4272 1748 4327 omnium

148 4354 219 4418 iecora
230 4366 257 4419 in
272 4365 446 4437 operatione,
457 4365 623 4419 charissima
635 4365 664 4419 in
680 4366 797 4420 deliciis.
819 4368 910 4438 Supra
920 4356 943 4414 D
952 4366 1081 4419 vitiorum
1093 4371 1121 4419 et
1131 4363 1287 4435 iniquitatis
1296 4362 1648 4417 victrixessestudet.Bene
1656 4368 1751 4416 autem

148 4443 222 4506 licum
235 4462 277 4508 est
290 4456 325 4509 de
341 4454 480 4510 Ecclesia:
495 4454 636 4508 «Pulchro
652 4459 683 4508 ut
697 4455 774 4516 luna,
784 4456 911 4510 electaut
953 4455 982 4508 in
996 4456 1118 4525 palmam
1135 4454 1179 4507 bie
1197 4453 1357 4508 ascendisse
1370 4452 1482 4512 dicitur,
1497 4467 1559 4504 cum
1575 4451 1704 4521 superius
1724 4452 1752 4505 in

148 4534 179 4601 ⁸0¹,
191 4543 313 4596 terribilis
334 4550 365 4597 ut
380 4548 536 4596 castrorum
560 4543 634 4596 acies
655 4543 834 4608 ordinatam
866 4545 912 4598 hic
952 4543 1065 4598 hortum
1078 4543 1254 4597 descendisse
1277 4542 1395 4612 legatur.
1422 4540 1497 4593 Dixit
1521 4539 1595 4592 euim
1611 4539 1751 4593 Ecclesia:

148 4629 298 4695 leudicam,
312 4651 323 4684 ι
339 4630 459 4685 Pulchra
474 4637 502 4685 et
516 4631 627 4690 decora,
641 4631 805 4684 charissima
819 4631 847 4685 in
860 4632 912 4685 de·
954 4651 967 4685 «
981 4633 1105 4687 Dilectus
1121 4648 1199 4685 meus
1214 4631 1358 4685 descendit
1371 4630 1400 4682 in
1415 4629 1529 4682 hortum
1541 4643 1633 4680 suum.
1649 4626 1752 4681 »Idem

146 4703 207 4783 lium
223 4738 234 4770 r
248 4737 310 4791 qua
324 4720 404 4791 quasi
429 4720 569 4774 contraria
592 4736 653 4774 esse
675 4720 817 4778 videntur.
837 4721 909 4774 Nam
952 4726 996 4774 cst
1015 4721 1114 4774 hortus
1131 4719 1204 4790 quod
1218 4725 1246 4773 et
1261 4719 1363 4790 palma,
1378 4716 1507 4770 videlicet
1522 4731 1580 4769 una
1595 4714 1750 4785 eademque

147 4801 270 4863 0ilicetum
286 4824 348 4862 csse
361 4809 436 4862 refut
445 4814 602 4862 castrorum
617 4808 748 4872 aciem,et
757 4826 816 4863 esse
828 4810 910 4863 inde-
951 4809 1084 4864 Ecclesia.
1112 4809 1167 4863 Sed
1191 4808 1220 4861 in
1246 4824 1307 4861 eam
1335 4804 1471 4859 Dominus
1494 4802 1647 4862 descendit,
1674 4808 1702 4856 et
1716 4803 1752 4857 ad

146 4881 413 4967 lidb,repugnat,quia
421 4896 526 4951 deliciae
535 4897 727 4951 fortitudinem
736 4898 855 4952 militum
866 4915 910 4952 so·
951 4914 1011 4953 eam
1026 4897 1161 4950 ascendit.
1179 4895 1328 4949 Descendit
1346 4894 1375 4946 in
1394 4909 1468 4953 eam,
1485 4892 1595 4962 copiam
1609 4908 1667 4946 suae
1684 4909 1747 4962 gra·

145 4969 183 5032 lttt
192 4999 327 5039 enervare.
345 4985 400 5039 Sed
416 4991 513 5039 sancta
530 4986 654 5040 Ecclesia
665 4991 815 5056 utrumque
831 4987 904 5056 agit.
949 4988 996 5042 tiae
1010 4986 1051 5040 illi
1066 4987 1100 5040 de
1114 4985 1271 5040 coelestibus
1294 4981 1445 5039 mittendo:
1465 4980 1590 5034 ascendit
1604 4980 1638 5033 ad
1659 4981 1748 5046 illam,

87 5111 89 5135 ,
145 5059 248 5126 lltdiiurta
257 5080 300 5128 est
310 5074 386 5126 velut
400 5078 556 5127 castrorum
572 5074 657 5140 acies,
668 5075 734 5144 quia
749 5074 909 5129 infidelibus
949 5075 1024 5129 dona
1038 5091 1089 5128 sua
1103 5075 1132 5127 in
1148 5090 1181 5127 ea
1193 5070 1432 5134 incrementando,
1443 5085 1563 5139 eamque
1581 5069 1751 5139 quibusdam

87 5189 89 5247 ἰ
144 5146 247 5215 lacticis
259 5161 551 5231 resistit,ctmalignos
562 5163 677 5231 spiritus
692 5180 743 5217 sua
759 5164 909 5219 sanctitate
950 5161 1119 5233 profectibus
1143 5160 1227 5214 veluti
1250 5158 1417 5229 quibusdam
1432 5157 1615 5228 gradibusad
1632 5158 1750 5213 celsiora

144 5246 321 5315 tiperfectione
338 5254 435 5303 terret.
452 5250 485 5303 ln
496 5250 696 5304 deliciisetiam
712 5252 833 5322 est,quia
845 5269 908 5306 sua·
949 5251 1129 5305 sublevando.
1150 5249 1204 5304 Sed
1219 5254 1248 5302 et
1262 5249 1312 5300 hoc
1325 5248 1360 5301 de
1373 5253 1474 5301 nutura
1487 5247 1587 5317 palmae
1601 5255 1644 5301 est
1659 5248 1750 5302 scien·

87 5364 90 5381 ι
142 5328 224 5392 itum
246 5355 377 5411 supernae
400 5337 556 5391 dulcedinis
571 5339 682 5393 assidue
698 5340 791 5409 palato
807 5342 908 5394 mentis
949 5342 1027 5398 dum,
1042 5339 1114 5409 quod
1132 5338 1159 5390 in
1175 5336 1353 5391 inferioribus
1369 5353 1470 5406 aspera
1486 5342 1539 5400 est,
1555 5335 1583 5389 in
1600 5337 1750 5405 superiori·

140 5415 248 5494 decusat,
264 5434 293 5483 et
308 5429 387 5482 inter
401 5443 546 5497 pressuras
562 5427 646 5497 hujus
661 5427 753 5481 saeculi
768 5428 832 5481 illas
847 5429 908 5482 adi·
948 5428 1000 5482 bus
1014 5425 1200 5496 pulcherrima
1228 5425 1327 5478 decore
1348 5424 1477 5478 loliorum
1498 5432 1526 5478 et
1542 5423 1750 5495 pulchritudine

138 5507 185 5576 pisci
196 5516 330 5574 desiderat
356 5521 387 5571 et
404 5515 536 5571 continue
558 5515 614 5572 illis
627 5515 732 5570 satiari.
752 5515 831 5573 Unde
848 5532 908 5569 me·
947 5517 1101 5570 fructuum.
1127 5513 1172 5568 Sic
1196 5519 1225 5568 et
1252 5519 1350 5568 sancta
1372 5514 1495 5568 Ecclesia
1514 5513 1542 5567 in
1566 5509 1745 5566 inferioribus
