3818 6104
219 311 254 370 47
426 311 616 368 HAYMONIS
635 312 882 369 HALBERSTAT.
902 311 1015 368 EPlSC.
1036 309 1116 368 OPP.
1136 308 1228 365 PARS
1246 309 1269 364 1.
1287 337 1320 350 -
1340 306 1527 366 COMMENT.
1547 311 1642 368 BIBL.
1820 305 1856 364 48

218 435 380 493 Haererba
389 452 422 492 ex
432 435 555 507 partead
566 452 614 491 eos
624 435 722 491 referri
731 439 849 507 possunt
858 434 916 506 qui,
926 433 1015 506 pressi
1022 431 1183 500 Atuis,nos
1192 432 1299 504 pariter
1308 431 1395 487 inillo
1405 419 1587 500 surreximus,
1603 448 1722 505 quorum
1736 430 1855 488 resusci-

219 523 1015 596 tribulationecaptiritatis,coeperuntpoenitentiamage·
1056 521 1192 577 tationem
1220 538 1273 576 sua
1295 522 1499 578 resurrectione
1526 522 1705 592 significavit,
1721 523 1855 593 quoniam

218 621 292 685 reat
311 613 455 686 requirere
469 613 569 677 Deum,
590 630 673 684 quem
687 612 832 667 absentem
856 611 1016 666 sentiebant
1056 610 1128 664 sicut
1142 610 1189 664 illc
1203 610 1356 665 resurrexit
1368 610 1512 665 amortuis
1521 627 1571 681 per
1581 611 1701 680 gloriam
1711 609 1856 676 Patris,ita

218 703 333 757 iratum.
350 703 385 757 Et
398 703 427 756 in
443 718 534 765 mane,
546 702 599 755 hoc
609 708 661 765 est,
672 701 701 755 in
714 700 775 754 luce
783 700 964 770 paenitentia,
975 699 1015 753 di·
1056 704 1085 752 et
1098 716 1149 753 nos
1163 715 1342 769 resurgemus
1356 715 1420 753 curn
1436 698 1491 753 illo.
1500 699 1551 753 Vel
1561 699 1685 770 primum
1699 698 1775 754 diem
1786 699 1855 753 acci·

219 797 315 848 centes
326 791 361 846 ad
375 791 495 845 inuicem
513 807 520 844 ε
537 809 548 840 r
564 789 674 852 Venite,
688 795 863 843 revertamur
872 789 907 842 ad
922 788 1015 843 Domi·
1055 787 1174 858 piamus,
1188 788 1339 842 adventum
1354 786 1498 842 christiin
1513 787 1683 853 humilitate,
1699 786 1855 842 secundum

218 895 329 934 num.»
350 878 526 933 Generaliter
551 877 608 931 haec
632 876 716 930 rerba
737 882 872 947 aptantur
885 873 1015 930 omnibus
1054 875 1191 946 ingloria,
1202 892 1257 948 qua
1266 874 1855 946 ridebiturabomnibus:tertium,quaudo

218 967 388 1023 Christianis
401 965 579 1020 credentibus
592 965 621 1018 in
634 963 839 1035 Christum,qui
854 963 952 1018 aiilicti
965 980 1013 1017 ra·
1054 969 1196 1018 transacto
1203 965 1319 1034 judicio,
1332 965 1427 1019 electis
1436 965 1602 1035 ampliorem
1612 965 1796 1035 gloriamsuae
1805 964 1856 1018 de·

218 1054 269 1109 riis
283 1053 522 1118 tribulationibus,
537 1058 598 1106 orto
607 1052 647 1106 eis
656 1052 765 1106 lumine
780 1051 915 1116 veritatis,
927 1051 957 1106 in
967 1051 1016 1104 ad·
1056 1052 1366 1107 monstrabitclaritatis
1379 1071 1385 1106 :
1396 1053 1558 1123 generalem
1565 1053 1642 1107 enim
1652 1053 1779 1108 omnium
1789 1069 1855 1108 san·

216 1149 303 1198 ventu
326 1142 429 1198 Christi
452 1157 544 1206 mane,
560 1140 613 1194 hoc
627 1145 679 1201 est.
696 1140 725 1193 in
743 1141 806 1194 luce
821 1140 884 1194 fidei
898 1156 1015 1193 consur·
1056 1147 1165 1196 ciorum
1185 1141 1397 1196 vivificationem
1413 1147 1441 1196 et
1460 1142 1694 1196 resurrectionem
1717 1141 1859 1196 ordinarit

215 1236 316 1303 gentes
330 1232 365 1286 de
379 1230 503 1286 tenebris
517 1229 692 1287 infidelitatis
701 1233 729 1282 et
740 1229 854 1294 erroris,
870 1232 1016 1300 coeperunt
1055 1230 1130 1284 Deus
1145 1230 1230 1284 Pater
1244 1229 1304 1284 lieri
1315 1247 1365 1301 per
1383 1230 1485 1284 Filium
1498 1249 1504 1284 :
1519 1231 1561 1285 rel
1577 1228 1657 1284 nobis
1681 1231 1775 1302 prima
1794 1230 1855 1286 dies

217 1336 247 1374 se
262 1319 381 1374 invicem
393 1318 512 1384 hortari,
527 1318 652 1372 dicentes
667 1332 697 1367 :r
713 1316 824 1381 Venite,
840 1321 1015 1370 revertamur
1054 1323 1107 1383 est,
1124 1318 1235 1388 quando
1249 1317 1423 1372 renascimur
1437 1334 1488 1389 per
1502 1334 1605 1389 aquam
1621 1317 1810 1390 baptismatis,
1828 1324 1857 1375 et

216 1408 252 1463 ad
267 1407 428 1463 Dominum.
448 1427 459 1458 s
476 1405 521 1461 Illi
535 1406 648 1477 quippe,
658 1406 706 1476 qui
720 1422 752 1460 ex
762 1404 871 1460 duabus
885 1403 1014 1459 tribubus
1054 1406 1177 1476 gratiam
1192 1405 1312 1477 Spiritus
1326 1406 1424 1467 sancti,
1442 1423 1459 1460 a
1472 1407 1596 1462 tenebris
1611 1407 1647 1462 ad
1661 1406 1758 1462 lumen
1776 1406 1855 1461 reni-

216 1495 252 1550 de
266 1495 428 1567 captivitate
436 1501 502 1549 sunt
512 1494 626 1559 reversi,
642 1510 697 1547 non
708 1494 832 1549 contenti
843 1494 957 1565 propria
971 1511 1014 1548 sa·
1055 1510 1127 1559 mus,
1143 1495 1296 1549 secundum
1309 1495 1378 1549 illud
1392 1495 1535 1566 Apostoli:
1553 1514 1566 1546 r
1583 1495 1687 1550 Fuistis
1699 1493 1854 1567 aliquando

216 1584 440 1651 lute,hortantes
450 1599 480 1637 se
492 1583 743 1649 invicem,dicuut:
756 1582 857 1636 Venite
870 1581 1014 1652 gressibus
1054 1582 1187 1645 tenebrae,
1201 1599 1276 1637 nunc
1294 1589 1388 1638 sutem
1404 1583 1451 1638 lux
1464 1583 1494 1637 iu
1504 1583 1634 1638 Domino.
1649 1603 1660 1635 r
1680 1583 1813 1639 Secunda
1825 1583 1857 1639 in

215 1673 321 1727 amoris
337 1679 366 1727 et
376 1672 451 1739 fidei,
464 1676 638 1725 revertamur
650 1671 686 1725 ad
695 1671 942 1740 Dominum,quem
952 1686 1013 1740 pec·
1054 1671 1151 1742 requie
1165 1670 1335 1737 animarum,
1351 1671 1437 1725 tertia
1448 1671 1477 1726 in
1491 1672 1697 1726 resurrectione
1710 1673 1852 1743 generali.

215 1761 305 1816 cando
319 1761 505 1826 deseruimus,
521 1766 550 1815 et
562 1777 579 1814 a
593 1775 648 1831 quo
657 1759 734 1829 justo
746 1758 854 1829 judicio
863 1758 953 1813 relicti
968 1750 1066 1812 suli«
1084 1759 1119 1813 Et
1132 1760 1255 1813 vivemus
1270 1759 1299 1813 in
1313 1764 1465 1831 conspectu
1480 1761 1549 1830 eius,
1567 1778 1580 1813 a
1596 1760 1709 1831 quando
1723 1760 1857 1829 rutJoan·

213 1865 288 1906 mus.
1055 1864 1105 1902 nes
1127 1846 1230 1914 dicitis
1259 1847 1415 1902 ridebimus
1443 1865 1508 1903 eum
1534 1849 1617 1902 sicuti
1640 1852 1723 1902 est.»
1751 1848 1803 1903 Vel
1831 1849 1856 1903 si

252 1939 354 2004 «Quia
368 1939 428 2011 ipse
444 1938 527 2010 cepit,
546 1936 1012 2009 rperNabuchodonosorducendo
1054 1937 1090 1990 ad
1104 1952 1228 2007 praesens
1249 1941 1362 2007 tempus
1384 1936 1438 1990 hoc
1460 1936 1565 1990 referre
1585 1938 1724 2003 volumus,
1740 1937 1770 1991 in
1786 1953 1856 1992 con·

214 2027 244 2083 in
258 2027 449 2099 captivitatem
463 2045 469 2094 ;
483 2026 558 2080 unde
571 2042 657 2096 supra
671 2025 850 2080 dictumest:
868 2043 879 2075 r
897 2025 953 2095 Ego
969 2041 1012 2078 ca·
1053 2030 1151 2095 spectu
1162 2026 1223 2095 ejus
1233 2024 1361 2091 vivimus,
1372 2025 1437 2094 quia
1446 2025 1475 2079 in
1484 2025 1544 2095 ipso
1554 2041 1700 2080 movemur
1709 2032 1854 2081 etsumus.

212 2115 303 2187 piam:
321 2135 335 2167 o
354 2133 368 2168 u
383 2120 412 2170 et
423 2114 533 2170 sanabit
542 2130 603 2178 nos,
620 2111 1009 2183 »acapuritatorerocandq
1054 2112 1197 2168 «Sciamus
1206 2129 1413 2184 sequemurque
1421 2119 1661 2184 utcognoscamua
1670 2114 1853 2169 Dominum.-

214 2209 247 2259 ut
257 2209 340 2276 pater
351 2204 438 2269 illios3
456 2222 469 2253 a
485 2202 633 2273 percutiet,
652 2222 664 2252 a
682 2217 733 2255 nos
747 2200 914 2271 flagellando
928 2200 1011 2255 variis
1053 2201 1178 2256 Sciemus
1193 2202 1277 2265 enim,
1295 2202 1323 2255 id
1338 2207 1392 2267 est,
1407 2204 1586 2273 majestatem
1598 2203 1797 2259 deitatisillius
1811 2220 1856 2258 co·

211 2291 442 2348 tribulationibus
456 2295 540 2361 atque
556 2289 728 2354 verberibus,
746 2312 755 2338 ι
771 2297 798 2343 et
811 2288 921 2343 curabit
931 2305 1008 2353 nos,»
1051 2306 1219 2360 gnoscomus
1233 2289 1388 2357 credentes,
1403 2291 1662 2362 perspicientesque
1685 2293 1745 2362 ejus
1757 2291 1854 2347 Trini-

212 2397 230 2435 a
244 2381 406 2436 vulneribus
424 2384 611 2451 peccatorum,
631 2377 655 2431 si
672 2382 736 2449 post
764 2377 876 2448 flagella
894 2376 1010 2448 dignam
1051 2383 1140 2433 tatem
1155 2379 1184 2433 in
1194 2379 1331 2449 personis,
1347 2386 1374 2434 et
1390 2379 1526 2435 unitatem
1537 2380 1567 2434 in
1582 2381 1738 2452 majestate.
1749 2381 1855 2452 Seque·

212 2469 354 2541 egerimus
365 2468 571 2539 poenitentiam.
587 2463 668 2532 Quod
679 2470 772 2519 autem
784 2463 927 2518 subditur:
1049 2483 1113 2521 mur
1128 2467 1207 2522 illum
1234 2469 1295 2539 ejus
1313 2468 1437 2538 -vestigia
1464 2468 1612 2534 imitando,
1641 2469 1685 2524 rel
1707 2470 1743 2523 ad
1766 2468 1852 2524 coelos

249 2575 263 2610 a
278 2556 434 2612 vivificabit
448 2572 499 2610 nos
513 2559 578 2626 post
589 2554 660 2626 duos
674 2553 765 2619 dies»
782 2552 895 2624 proprie
904 2553 940 2607 ad
950 2569 1009 2607 cre·
1049 2556 1490 2612 ascendendaurrdesubditur:‹
1502 2557 1539 2612 Ut
1548 2573 1751 2627 cognoscamus
1757 2559 1853 2614 Domi·

211 2647 310 2702 dentes
324 2644 501 2701 referendum
517 2649 571 2713 est,
591 2642 639 2715 qui
660 2641 750 2697 vocati
769 2648 798 2696 et
825 2641 879 2696 tide
904 2641 1008 2697 Christi
1049 2661 1146 2700 numo
1157 2645 1453 2709 Quodveracitertunc
1463 2646 1636 2718 implebitur,
1649 2646 1762 2718 quando
1773 2648 1851 2719 quod

209 2734 371 2802 illuminati,
388 2740 530 2789 mutuose
546 2743 706 2804 provocant,
715 2736 746 2786 ut
760 2732 794 2785 ad
804 2731 952 2785 Dominum
963 2748 1009 2785 re·
1050 2749 1124 2788 nunc
1140 2733 1266 2790 ridemus
1280 2752 1330 2806 per
1349 2735 1493 2807 speculum
1509 2740 1538 2790 et
1558 2736 1587 2790 in
1609 2735 1771 2807 enigmate,
1787 2753 1852 2793 mn.

209 2829 366 2891 vertantur,
382 2823 493 2893 acujus
504 2822 581 2876 cultu
593 2820 659 2875 olim
677 2826 860 2883 recesserant,
886 2825 915 2874 et
932 2818 1010 2874 varia
1050 2822 1250 2892 temptabimur
1262 2824 1332 2878 facie
1342 2824 1378 2879 ad
1389 2824 1581 2880 faciemUnde
1592 2829 1653 2880 est:
1668 2825 1733 2880 Haec
1747 2831 1792 2881 est
1799 2841 1852 2880 au·

208 2913 369 2968 daemonum
385 2917 515 2984 portenta
529 2910 645 2965 colendo
656 2909 812 2964 absentiam
819 2908 1009 2963 illiusmerue·
1050 2915 1107 2964 tem
1116 2911 1175 2965 rita
1183 2917 1545 2984 retorna,utcognoscantte
1555 2914 1748 2969 solumrerum
1760 2914 1853 2970 Deum

208 3006 285 3057 rant.
306 3001 380 3066 Quia
390 2999 506 3072 (inquit)
520 2999 581 3069 ipse
593 2999 668 3070 cepit
681 3014 742 3064 nos,
760 2998 872 3070 quando
884 2997 1008 3052 Verbum
1050 3003 1088 3066 et,
1103 3015 1187 3070 quem
1210 3000 1321 3068 misisti,
1346 3002 1441 3057 lesum
1470 3002 1623 3056 christum.
1656 3019 1669 3055 r
1695 3002 1784 3066 Quasi
1807 3003 1852 3058 di-

208 3105 274 3146 cero
282 3089 388 3144 iactum
399 3087 525 3143 est.Hinc
533 3087 753 3141 Paulus:Semen
765 3083 878 3158 (inquit)
889 3086 1009 3141 Abrahae
1019 3058 1040 3119 G
1051 3087 1177 3142 luculum
1192 3094 1365 3160 praeparatus
1375 3096 1420 3145 est
1430 3107 1560 3161 egressus
1573 3092 1644 3162 ejus.
1662 3112 1674 3138 r
1690 3090 1853 3146 Diluculum

209 3178 405 3251 apprehendit.
421 3176 458 3231 Et
471 3174 655 3238 sanabitnos,
671 3174 738 3246 quia
753 3175 1011 3230 coelestismedicus
1052 3176 1156 3231 dicitur
1170 3194 1256 3249 parra
1270 3179 1325 3232 diei
1337 3179 1394 3245 lux,
1408 3196 1464 3250 qua
1478 3181 1587 3234 oriente
1616 3177 1739 3234 tenebre
1762 3180 1854 3235 noctis

208 3266 406 3339 postdolorem
417 3265 561 3319 vulnerum
571 3269 600 3317 et
609 3268 797 3334 peccatorum,
810 3264 922 3335 plenam
931 3264 1012 3318 uobis
1054 3265 1197 3336 sugantur,
1214 3271 1243 3321 et
1259 3267 1373 3322 claritas
1385 3267 1441 3321 diei
1456 3284 1593 3340 apparere
1606 3268 1768 3340 incipitEst
1784 3285 1853 3341 ergo

209 3355 331 3410 salutem
340 3351 506 3409 dabitllinc
516 3351 652 3406 Dominus
663 3351 849 3423 paralyticum
860 3357 1011 3407 sanaturus
1052 3370 1152 3408 sensus
1166 3373 1172 3408 :
1187 3355 1266 3410 Sicut
1279 3355 1403 3410 diluculo
1418 3363 1550 3427 surgente
1564 3357 1688 3412 tenebra
1701 3357 1794 3411 noctis
1807 3357 1854 3413 iu·

209 3443 289 3518 prius
303 3443 434 3498 inanima
448 3446 559 3513 purgat,
570 3440 672 3495 deinde
682 3440 711 3494 in
723 3457 839 3511 corpore
848 3439 884 3495 ab
891 3440 1011 3495 infirmi·
1051 3449 1166 3514 gantur,
1183 3449 1212 3499 ct
1225 3444 1272 3498 lux
1286 3444 1341 3499 diei
1367 3445 1502 3516 aperitur,
1521 3445 1561 3500 ita
1589 3445 1699 3501 Christo
1714 3445 1743 3500 in
1767 3462 1853 3500 carne

210 3533 278 3588 tatis
293 3531 420 3586 molestia
433 3531 546 3584 relevat.
564 3528 708 3584 Percutiet
721 3545 782 3594 nos,
794 3529 928 3584 subaudis
935 3528 1011 3583 vario
1053 3536 1185 3586 nascente
1199 3530 1322 3586 tenebra
1337 3537 1514 3603 peccatorum
1528 3538 1690 3588 nostrorum
1709 3532 1853 3605 dissipata

210 3617 740 3694 modo,etpostpercussionemcumbit
751 3633 810 3682 nos,
826 3618 985 3688 juxtaillud
1003 3636 1009 3671 :
1052 3624 1128 3684 sunt,
1144 3625 1172 3673 et
1182 3625 1260 3673 ortus
1270 3626 1313 3673 est
1327 3617 1408 3673 nobis
1420 3620 1462 3674 sol
1473 3620 1599 3690 justitia,
1617 3621 1664 3692 qui
1679 3625 1806 3675 nostram
1820 3619 1854 3675 il·

212 3728 226 3765 s
244 3713 332 3776 Quem
347 3709 441 3781 diligit
452 3708 588 3763 Dominus
602 3707 745 3777 corripit.»
757 3706 837 3760 Unde
849 3711 877 3760 et
890 3706 1012 3777 ipsecui·
1053 3707 1193 3762 luminans
1207 3707 1370 3774 caecitatem,
1387 3708 1481 3762 oculos
1497 3709 1598 3763 mentis
1613 3713 1716 3764 nostre
1728 3708 1851 3779 aperuit,

211 3800 277 3856 dam
292 3787 391 3868 sanato
405 3798 464 3852 ait:
481 3815 493 3849 a
511 3797 578 3850 Ecce
593 3811 678 3849 sanus
691 3794 850 3860 factuses,r
867 3800 920 3851 etc.
938 3814 950 3846 c
962 3795 1012 3848 Vi·
1052 3800 1081 3851 et
1094 3795 1250 3850 claritatem
1259 3796 1380 3851 coelestis
1394 3797 1501 3868 patria,
1513 3798 1665 3869 lumenque
1675 3813 1746 3852 verre
1756 3797 1853 3852 scien-

210 3888 334 3944 riiicabit
349 3904 400 3943 nos
414 3890 478 3957 post
490 3885 561 3938 duos
575 3883 643 3937 dies.
663 3903 673 3934 r
687 3883 803 3937 Frustra
813 3881 924 3937 Hebnai
936 3882 1012 3950 [dicit
1053 3885 1099 3940 tim
1114 3885 1313 3940 manifestavit.
1327 3886 1362 3941 Et
1373 3886 1487 3957 pulchre
1499 3886 1597 3941 eadem
1612 3886 1744 3941 nativitas
1756 3903 1853 3958 egres-

211 3979 313 4036 beatus
327 3978 523 4048 Hieronymus)
540 3973 681 4029 somniant
704 3972 756 4027 sibi
785 3978 849 4044 post
875 3973 1011 4028 circulum
1052 3990 1100 4028 sus
1114 3974 1176 4043 eius
1185 3973 1353 4045 appellatur,
1371 3973 1406 4028 de
1420 3990 1476 4045 qua
1489 3974 1641 4030 Psalmista
1652 3975 1710 4030 ait:
1730 3975 1782 4029 sEt
1793 3975 1853 4046 ipse

212 4069 289 4125 mille
297 4083 435 4123 annorum
446 4065 647 4127 salutem,cum
658 4062 734 4116 salus
744 4062 919 4117 credentium
927 4061 1012 4117 tertia
1052 4066 1189 4132 tanquam
1202 4077 1321 4133 sponsus
1332 4061 1485 4133 procedens
1500 4062 1535 4117 de
1546 4063 1670 4118 thalamo
1685 4079 1765 4118 suo.»
1780 4063 1853 4118 'lan-

212 4157 259 4213 die
269 4156 408 4228 promissa
420 4154 467 4219 sit,
483 4152 550 4224 quia
564 4150 841 4206 Dominusabinseris
847 4150 1010 4205 resurrexit.
1053 4166 1138 4222 quam
1151 4167 1270 4222 sponsus
1285 4150 1388 4222 quippe
1405 4150 1440 4204 de
1453 4150 1579 4206 thalamo
1589 4149 1852 4223 processit.quando

213 4244 257 4301 llli
270 4244 374 4314 quippe
387 4241 460 4295 diem
475 4239 629 4293 secundum
656 4238 784 4292 referunt
807 4239 943 4293 adrentus
967 4238 1011 4293 sui
1053 4239 1089 4294 de
1102 4239 1265 4310 incorrupto
1279 4238 1395 4310 virginis
1409 4244 1489 4294 utero
1512 4239 1726 4295 immaculatum
1751 4254 1853 4309 corpus

185 4313 195 4328 ⁹
214 4329 336 4387 Christi:
353 4330 427 4387 diem
441 4343 504 4382 vero
525 4326 570 4380 sui
585 4325 711 4390 tertium,
727 4325 863 4381 adventus
882 4326 917 4380 ari
935 4327 1013 4397 judi·
1054 4327 1218 4398 assumpsit,
1230 4327 1292 4382 etin
1302 4344 1386 4382 carne
1400 4332 1484 4384 natus
1498 4328 1682 4400 apparuitDe
1696 4328 1777 4398 cujus
1789 4332 1854 4384 ortu

215 4419 299 4485 cium,
316 4434 372 4490 quo
382 4415 508 4472 salvandi
518 4414 652 4470 suut.Sed
662 4430 726 4469 cum
738 4413 1016 4482 hecdicunt,debent
1025 4409 1047 4467 D
1056 4420 1132 4469 recte
1146 4415 1239 4470 adhuc
1253 4416 1392 4472 subditur.
1410 4416 1444 4471 Et
1457 4416 1549 4473 reniet
1571 4417 1652 4490 quasi
1669 4415 1760 4470 imber
1772 4416 1854 4472 nobis

213 4507 394 4581 respondere,
411 4521 498 4578 quare
512 4504 634 4575 primum
653 4503 802 4575 accipiant.
819 4503 873 4568 Qui
887 4503 961 4558 enim
973 4521 1015 4559 se·
1055 4509 1254 4575 temporaneus
1270 4511 1298 4560 et
1306 4505 1447 4560 serotinus
1456 4510 1565 4562 terrae.»
1581 4506 1723 4571 Quantum
1734 4505 1771 4559 ad
1782 4504 1857 4560 litte·

215 4599 340 4654 cundum
349 4592 1014 4667 tertiumqueaccipiunt,primumseperdidisse
1054 4609 1127 4663 ram,
1147 4600 1361 4666 temporaneum
1388 4593 1508 4650 imbrem
1535 4602 1615 4650 vocat
1640 4596 1856 4668 pluviamque

214 4692 357 4744 testantur
370 4686 437 4760 quia
450 4683 590 4740 secundus
613 4687 643 4737 et
656 4681 758 4736 tertius
774 4682 836 4736 sine
850 4681 941 4753 primo
953 4698 1014 4737 esse
1051 4682 1136 4754 jactis
1150 4683 1303 4738 seminibus
1318 4699 1334 4738 a
1348 4683 1406 4739 Deo
1421 4683 1505 4739 datur
1518 4690 1600 4740 terra
1628 4684 1855 4753 Palestinomm,

215 4794 273 4833 non
287 4781 414 4848 possunt.
430 4775 558 4845 Cumque
572 4772 607 4827 de
622 4769 888 4843 primorespondere
903 4782 1015 4842 nonpo·
1055 4788 1112 4843 qua
1124 4770 1216 4826 infusa
1230 4772 1390 4826 coalescunt
1415 4773 1540 4842 semina;
1567 4772 1722 4828 serotinam
1747 4778 1855 4840 autem,

215 4869 322 4931 terunt,
341 4881 393 4919 nos
404 4862 567 4919 haecomnia
580 4861 737 4916 referamus
751 4859 787 4914 ad
802 4859 924 4930 primum
936 4865 964 4914 et
973 4877 1015 4914 se·
1055 4875 1116 4931 qua
1131 4860 1166 4915 ad
1182 4860 1374 4915 maturitatem
1391 4861 1504 4916 eosdem
1519 4861 1647 4933 perducit
1673 4861 1794 4918 fructus.
1810 4861 1857 4919 Si·

215 4953 338 5008 cundum
354 4952 459 5007 Christi
473 4952 635 5016 adventum,
649 4948 751 5022 quibus
760 4948 875 5021 impleta
885 4952 929 5002 est
938 4951 1014 5006 salus
1056 4947 1170 5019 quidem
1186 4953 1263 5004 terra
1277 4949 1472 5021 promissionis
1481 4950 1584 5006 nonita
1593 4950 1857 5023 frequenter,reluti

215 5040 530 5099 credentiumPrimum
545 5040 640 5111 itaque
654 5039 705 5094 Dei
720 5044 832 5109 tempus
850 5037 925 5092 diem
940 5039 1015 5094 acci·
1055 5041 1161 5102 nostra,
1177 5037 1212 5092 da
1227 5038 1296 5093 coelo
1310 5038 1410 5110 accipit
1426 5040 1560 5111 pluviam,
1582 5040 1630 5095 sed
1641 5039 1683 5095 bis
1697 5044 1810 5095 tantum
1824 5041 1856 5095 in

216 5130 486 5205 piamussecundum
497 5128 647 5184 adrentum
654 5127 839 5184 ChristiPost
848 5125 1013 5197 quemdiem
1056 5124 1367 5182 anno.UndeDominus
1377 5127 1524 5199 pollicetur
1531 5128 1753 5200 perprophetam
1762 5128 1856 5183 eidem

216 5218 370 5276 ririiicabit
380 5236 431 5274 nos
445 5234 496 5289 per
508 5216 603 5281 tidem,
620 5217 787 5288 quieramus
796 5215 901 5270 mortui
913 5232 964 5286 per
973 5215 1014 5269 in·
1055 5215 1158 5286 populo
1172 5214 1281 5271 dicens:
1293 5217 1371 5272 Dabo
1386 5216 1462 5272 vobis
1472 5217 1594 5289 pluviam
1605 5223 1817 5288 temporaneam
1827 5222 1857 5272 et

216 5309 399 5366 fidelitatem:
416 5307 459 5361 rel
474 5311 548 5360 certe
561 5304 708 5359 vivificavit
721 5322 772 5359 nos
794 5307 824 5360 in
851 5321 900 5377 spe
919 5319 1013 5359 resur·
1055 5305 1217 5360 serotinam.
1236 5307 1427 5378 Spiritualiter
1440 5312 1535 5361 autem
1559 5307 1689 5363 Christus
1712 5308 1793 5362 nobis
1812 5312 1859 5363 est

216 5397 360 5463 rectionis,
375 5398 456 5467 juxta
471 5394 539 5448 illud
554 5392 681 5463 Apostoli
694 5393 913 5448 :convivificavit
923 5396 1016 5460 nos,et
1055 5393 1147 5449 imber
1158 5401 1366 5466 temporaneus,
1380 5396 1491 5465 quando
1503 5395 1569 5450 fidei
1582 5397 1658 5452 illius
1671 5396 1857 5452 fundamenta

216 5487 367 5544 consedere
382 5484 449 5540 iecit
458 5483 486 5537 in
509 5479 670 5536 coelestibus
689 5481 718 5534 in
742 5481 893 5537 Christo.»
916 5483 949 5538 In
969 5482 1015 5537 die
1055 5483 1237 5555 percipimus,
1253 5501 1307 5556 qua
1317 5483 1435 5539 radicati
1443 5484 1523 5538 bonis
1532 5485 1854 5557 operibusabundemus.

215 5576 301 5634 tertia
310 5571 457 5632 suscitabit
465 5588 526 5637 nos,
545 5588 559 5624 a
575 5569 642 5643 quia
655 5569 716 5643 ipso
726 5577 891 5642 resurgente
905 5588 924 5627 a
938 5587 1015 5627 mor·
1057 5572 1204 5629 serotinus
1218 5589 1293 5642 roro,
1309 5572 1423 5645 quando
1437 5574 1544 5645 paratis
1557 5575 1616 5648 jam
1628 5575 1665 5633 ad
1688 5575 1856 5633 metendum
