3818 6104
126 251 178 311 lia
569 252 779 308 mannitio
798 253 839 307 ΙΝ
858 250 1069 306 hachamoni
1087 250 1319 307 Phoenicunta.
1713 249 1768 307 280

128 394 247 450 quorum
259 379 398 433 Dominus
412 380 441 432 in
456 381 548 435 medio
571 382 632 451 ejus
650 379 769 441 habitet,
791 387 819 434 at
835 381 964 439 multeeh
1012 379 1070 433 «Hi
1084 379 1163 441 dixit,
1178 396 1192 431 l)
1208 378 1342 433 subaudis
1357 377 1490 448 angelus:
1510 398 1521 427 ι
1539 378 1638 433 Ponite
1652 377 1770 433 cidarim

127 473 226 537 gentes
242 467 271 520 in
287 484 351 521 curn
365 468 610 538 credituraejuiitu
626 468 701 539 quod
717 467 932 521 relicturuscor-
973 466 1029 519 sire
1041 467 1154 521 mitram
1166 467 1299 520 mundam
1311 483 1396 538 super
1408 467 1773 538 caputeJ'us.Etposuerunt

128 556 266 626 poraliter
281 555 433 626 apostolos.
445 557 529 610 dixit:
544 578 556 608 a
574 558 642 611 Ecce
655 556 855 628 egovobiscum
868 573 929 609 sum
973 555 1089 609 cidarim
1099 555 1231 609 mundam
1244 572 1329 626 super
1339 562 1424 625 caput
1431 556 1500 624 ejus,
1515 554 1771 609 etinduerunteum

130 644 464 715 omnibusdiehususque
473 646 506 699 ad
519 647 788 700 consummationem
802 646 904 699 saculi.
919 664 929 695 i
973 643 1104 697 vestibus.
1121 667 1129 690 ·
1145 644 1332 706 Percidarim,
1344 644 1371 697 id
1385 650 1428 697 est
1442 644 1544 714 pileum
1559 644 1771 708 sacerdotalem,

130 730 283 785 Pollicetur
293 749 405 803 quoque
416 733 489 802 quod
504 734 565 803 ipse
575 733 714 803 possideat
729 733 840 796 ludam,
853 734 934 786 idest
974 732 1097 801 dignitas
1112 733 1282 802 intelligitur
1295 733 1454 799 sacordotii,
1475 738 1516 794 ut,
1533 730 1635 786 ablatis
1645 730 1774 786 sordibus

133 822 268 891 populum
285 838 316 875 se
329 822 519 884 confitentem,
537 828 564 875 et
579 821 639 892 ipse
655 839 719 893 pam
741 823 801 891 ejus
816 822 843 875 iii
858 828 934 875 terra
974 829 1161 892 peccatorum,
1173 822 1310 874 mundum
1320 820 1437 874 haberet
1450 821 1647 874 sacerdotium.
1657 821 1774 892 Mystico

131 912 318 976 sanctificata,
335 911 387 964 hoc
411 917 453 964 est
478 911 507 963 in
538 910 672 973 Ecclesia,
687 917 716 964 et
739 911 824 979 eligat
842 910 933 963 adhuc
974 910 1055 964 lesus
1074 909 1204 962 sacerdos
1220 909 1394 979 niagnusille
1410 915 1461 974 est,
1476 910 1520 963 cui
1534 909 1651 963 dicitur:
1667 909 1732 963 a'l'u
1744 927 1773 963 es

131 999 318 1068 Hierusalem,
334 1015 403 1070 quos
416 999 563 1053 videbatur
577 1000 606 1053 in
622 999 866 1070 persecutionibus
880 999 930 1052 ab·
974 997 1103 1052 sacerdos
1129 998 1156 1051 in
1183 1004 1329 1050 aeternum.
1349 1016 1361 1049 i
1378 997 1467 1060 Quem
1492 998 1629 1052 Dominus
1650 997 1774 1052 ostendit

130 1087 240 1156 jecisse.
974 1086 1126 1157 prophetae.
1138 1085 1269 1155 quoniam
1288 1086 1472 1156 perserlderi
1484 1103 1538 1141 non
1554 1092 1655 1158 potest.
1675 1087 1776 1142 Stabat

166 1193 177 1226 s
196 1175 287 1229 Sileet
302 1175 392 1229 omnis
406 1191 471 1228 earo
486 1191 502 1228 a
517 1174 587 1229 facie
601 1174 723 1237 Domini,
740 1173 807 1244 quia
821 1189 935 1227 consur·
975 1190 1068 1227 coram
1080 1174 1179 1243 angelo
1190 1172 1312 1233 Domini.
1327 1174 1380 1226 hoc
1391 1179 1433 1227 est
1452 1175 1511 1245 ipse
1529 1175 1577 1228 Dei
1586 1181 1614 1229 et
1627 1175 1774 1230 hominum

133 1263 251 1316 rexitde
262 1262 422 1316 habitaculo
432 1270 529 1316 sancto
540 1279 599 1316 suo.
613 1283 625 1312 i
638 1263 711 1331 Ergo
723 1261 789 1331 quia
800 1262 935 1315 Dominus
976 1262 1123 1326 mediator,
1139 1262 1214 1315 Deus
1229 1262 1350 1315 ethomo
1364 1263 1501 1317 Chi-istus.
1519 1263 1582 1332 lpse
1610 1270 1684 1317 astat
1709 1269 1775 1317 ante

133 1366 316 1420 possessurus
332 1357 375 1404 cst
394 1352 495 1404 ludiim
520 1357 629 1422 partem
644 1367 734 1414 suain,
751 1356 779 1403 et
794 1351 935 1404 electurus
976 1351 1118 1420 angelum,
1135 1350 1235 1420 etipse
1251 1349 1344 1402 stabat
1359 1357 1425 1403 ante
1440 1351 1518 1404 sein
1534 1351 1645 1404 Christo
1660 1352 1776 1406 diverse

134 1437 322 1495 Hierusalem,
340 1440 431 1492 omnis
446 1454 519 1500 caro,
537 1439 564 1492 id
580 1445 622 1492 est
634 1454 716 1491 omne
729 1454 819 1508 genus
834 1438 934 1491 huma·
976 1438 1221 1492 suntsuhstantiae
1236 1438 1286 1492 Dei
1317 1445 1345 1492 et
1370 1438 1493 1491 hominis
1519 1438 1547 1491 in
1570 1454 1626 1491 una
1646 1454 1774 1508 persona.

135 1541 198 1580 num
214 1528 311 1587 sileat,
328 1527 471 1595 formidet,
487 1533 582 1597 etprae
608 1542 710 1598 parore
724 1527 859 1579 adventus
874 1527 935 1596 ejus
977 1527 1096 1581 indutus
1124 1532 1186 1580 emt
1213 1526 1336 1580 restibus
1360 1526 1489 1593 sordidis,
1511 1527 1643 1597 quoniam
1665 1533 1779 1599 peccata

136 1617 312 1681 conticescat,
328 1616 461 1686 quoniam
481 1620 655 1669 consurrexit
669 1616 703 1669 ad
720 1615 881 1676 vindictam,
902 1620 934 1668 ut
976 1624 1071 1669 nostra
1082 1615 1214 1685 portarit.
1231 1614 1329 1668 Stabat
1342 1616 1461 1669 Satanas
1476 1631 1493 1667 a
1507 1614 1612 1669 dextris
1628 1616 1699 1686 ejus,
1711 1616 1778 1687 quia

138 1704 287 1775 unicuique
303 1705 420 1781 prosuis
429 1704 537 1758 meritis
548 1705 656 1757 reddat.
669 1705 845 1775 Consurgere
860 1703 934 1757 enim
948 1702 1071 1784 Brolens
1085 1709 1210 1756 tentatus
1225 1709 1294 1755 esta
1308 1702 1430 1765 diabolo,
1454 1703 1502 1773 qui
1527 1701 1635 1756 volebat
1658 1703 1778 1773 probare

140 1792 237 1848 dicitur
247 1780 656 1864 Deus,quiindoadvindiotam
675 1794 821 1846 circitatur.
839 1792 937 1847 Omnis
979 1796 1073 1844 utrum
1090 1790 1325 1856 essctDeiFilius,
1338 1807 1420 1861 quem
1438 1789 1550 1844 ridebat
1562 1797 1623 1861 post
1638 1792 1777 1860 jejunium

143 1887 227 1935 aetem
239 1898 315 1943 caro,
324 1882 535 1936 ouinistaiitum
547 1882 641 1944 homo,
652 1897 707 1935 non
720 1883 936 1935 mutanniman-
978 1880 1095 1932 esurire.
1105 1879 1184 1943 Quod
1194 1897 1258 1933 vero
1267 1880 1410 1949 sequitur:
1431 1899 1441 1928 a
1458 1880 1587 1949 increpet
1598 1879 1734 1933 Dominus
1749 1880 1778 1934 iii

146 1969 178 2022 tia
189 1969 350 2040 accipienda
364 1973 441 2033 sunt,
453 1970 535 2038 juxta
560 1969 628 2023 illud
644 1989 650 2022 :
665 1968 706 2023 hd
723 1978 752 2023 te
767 1969 856 2023 omnis
871 1984 936 2022 caro
977 1974 1015 2023 te.
1030 1969 1127 2032 Satan,
1142 1988 1152 2018 i
1170 1968 1257 2022 Filius
1273 1968 1410 2022 Dominus
1422 1967 1488 2021 dicit
1502 1968 1536 2021 de
1544 1967 1664 2021 Domino
1682 1968 1777 2036 Patre,

148 2058 234 2112 reniet.
247 2058 276 2112 id
292 2066 336 2112 est
350 2059 442 2112 omnis
457 2058 551 2112 homo.
977 2073 1032 2110 nori
1048 2057 1120 2126 quod
1137 2057 1195 2127 ipse
1211 2073 1265 2110 non
1275 2063 1367 2126 posset
1380 2073 1445 2110 euni
1460 2055 1614 2129 inerepare,
1626 2056 1673 2127 qui
1684 2056 1779 2112 onmia

436 2146 558 2201 CAPUT
573 2145 624 2200 Ill.
978 2152 1113 2215 operatur
1125 2144 1235 2199 sicutet
1250 2147 1344 2212 Pater,
1358 2145 1406 2198 scd
1432 2151 1546 2216 propter
1561 2152 1670 2199 naturae
1684 2146 1780 2199 unita-

183 2234 370 2289 illaostendit
394 2235 463 2288 mihi
491 2235 625 2289 Dominus
650 2234 748 2290 lesuin
762 2234 936 2289 sacerdotem
978 2239 1045 2298 tem,
1059 2238 1164 2287 etcum
1179 2250 1252 2287 unus
1266 2234 1403 2304 increpat,
1420 2234 1594 2303 intelligatur
1604 2234 1680 2288 aliud
1692 2235 1781 2289 incre·

159 2338 284 2392 nimum,
301 2329 424 2376 stantem
438 2339 531 2377 eoram
545 2324 645 2393 angelo
671 2323 837 2385 Domini,et
850 2323 936 2378 Satan
980 2338 1057 2392 pare.
1079 2322 1153 2376 Deus
1165 2321 1238 2375 enim
1254 2323 1338 2375 Pater
1353 2327 1381 2375 et
1406 2321 1493 2376 Filius
1508 2323 1581 2376 idern
1593 2333 1660 2377 sunt
1674 2324 1700 2377 in
1718 2323 1782 2379 sub-

161 2410 258 2466 stebata
275 2412 470 2481 dextris-elus,
487 2418 519 2466 ut
534 2412 733 2465 adversaretur
745 2412 779 2464 ei.
801 2431 811 2462 i
830 2411 938 2466 Hebraei
980 2412 1094 2476 stantia,
1112 2418 1139 2465 et
1153 2419 1246 2464 tamen
1260 2412 1332 2464 alter
1346 2417 1389 2464 est
1404 2412 1497 2475 Pater,
1515 2418 1543 2465 et
1561 2413 1633 2466 alter
1648 2412 1736 2467 iilius
1750 2412 1781 2466 iii

161 2500 220 2567 juxta
231 2501 353 2554 litteram
369 2501 421 2553 hor.
432 2502 596 2554 locoJesum
611 2500 784 2553 sacerdotem
804 2517 938 2569 magnum
980 2516 1109 2570 persona.
1125 2501 1188 2570 lpse
1203 2500 1287 2569 elegit
1303 2498 1491 2563 Hierusalem,
1506 2501 1533 2553 id
1558 2506 1601 2554 est
1616 2501 1778 2556 Ecclesiam.

164 2587 370 2642 liliumlosedeeh
386 2589 557 2657 intelligunt.
570 2589 612 2642 nd
627 2589 706 2656 cujus
720 2589 862 2642 <lentorem
880 2595 938 2641 sta·
980 2588 1075 2642 'l'orris
1090 2592 1184 2641 autem
1201 2594 1297 2641 erutus
1313 2588 1347 2641 tle
1359 2588 1435 2657 igne,
1451 2589 1511 2659 ipse
1531 2591 1660 2643 Christus
1675 2597 1718 2644 est
1732 2606 1781 2661 per

166 2674 200 2729 bat
211 2679 298 2743 Salon,
313 2678 341 2732 id
356 2684 400 2731 est
413 2678 590 2732 adversarius
610 2678 671 2747 ejus
696 2677 834 2731 diabolus.
852 2678 938 2731 Satan
980 2678 1195 2741 humanitatem,
1209 2675 1256 2749 qui
1271 2677 1299 2730 iii
1317 2677 1467 2748 Babylone.
1478 2678 1557 2732 idest
1568 2679 1596 2731 in
1609 2678 1706 2733 inuridi
1717 2694 1782 2732 con·

166 2763 582 2821 Hebraiceadversari'usdicitur.
595 2766 694 2821 Stabat
704 2774 798 2819 autem
810 2782 826 2819 a
837 2766 941 2820 dextris
981 2767 1091 2820 fusione
1106 2784 1162 2820 non
1177 2772 1220 2820 est
1246 2765 1364 2820 adustus
1387 2767 1502 2820 flamina
1528 2765 1647 2837 alicujus
1662 2767 1780 2838 peccati,

168 2853 451 2920 quautadrersaretur
461 2855 496 2920 ei,
516 2856 544 2908 id
556 2861 599 2909 est
612 2861 645 2908 ut
656 2863 801 2909 accusaret
815 2855 905 2909 illum.
918 2858 941 2910 tl
982 2857 1114 2926 quoniam
1125 2862 1269 2927 peccatum
1284 2871 1339 2908 non
1350 2854 1424 2920 lecit,
1440 2872 1492 2909 nec
1504 2854 1585 2909 doliis
1600 2848 1728 2910 iuventus
1737 2863 1781 2910 est

169 2939 321 2998 deitrisrero
335 2943 439 3011 stabat,
455 2945 588 3015 qnoniam
610 2945 716 3014 justam
733 2946 938 2998 accusationem
981 2945 1009 2998 in
1019 2961 1070 2999 ore
1084 2945 1237 3013 ejus,sicnt
1251 2942 1392 3014 quondam
1406 2942 1508 2997 iubrus
1519 2944 1546 2997 in
1555 2943 1655 2998 mediis
1670 2944 1781 3015 ignibus

170 3027 273 3097 libebat,
289 3049 322 3086 eo
350 3033 425 3103 quod
445 3034 515 3103 ipse,
527 3034 599 3087 sicut
622 3034 725 3101 caeteri,
752 3033 939 3103 alienigenam
949 2999 971 3061 C
983 3050 1037 3087 non
1053 3033 1280 3087 comburebatur.
1294 3034 1361 3087 Erat
1371 3039 1464 3087 autem
1475 3033 1555 3087 lesus
1566 3034 1680 3088 indutus
1696 3035 1780 3088 vesti-

171 3116 267 3175 duiisset
278 3137 406 3176 uxorem.
979 3122 1032 3176 bus
1042 3122 1171 3187 sordidis,
1184 3122 1251 3193 quia
1265 3123 1467 3192 quipeccatum
1483 3138 1538 3175 non
1551 3109 1626 3187 secit',
1635 3138 1685 3195 pro
1700 3121 1781 3177 nobis

195 3209 322 3264 «licini
333 3209 470 3264 Dominus
483 3210 519 3263 ad
535 3211 622 3264 Satan
638 3229 644 3262 :
662 3212 792 3282 Increpat
802 3211 939 3266 Dominus
980 3218 1127 3282 peccatum
1135 3211 1225 3265 iactus
1234 3216 1286 3275 est,
1298 3211 1326 3265 id
1347 3216 1390 3265 est
1406 3211 1572 3265 sacrificium
1588 3226 1638 3283 pro
1656 3217 1780 3282 peccato,

172 3291 221 3350 inte
232 3299 324 3367 Satan,
340 3306 370 3353 et
383 3300 509 3370 increpet
533 3300 668 3353 Dominus
695 3302 723 3353 in
739 3306 776 3365 te,
793 3301 840 3370 qui
856 3300 941 3371 elegit
982 3301 1083 3370 etipse
1099 3299 1395 3354 inllrmitatesnostras
1404 3300 1471 3354 tulit
1491 3300 1556 3354 iiaec
1566 3301 1680 3354 sordida
1695 3300 1782 3356 vesti·

172 3378 329 3440 Hierusalem.
349 3406 360 3436 i
378 3387 425 3441 Bis
440 3387 508 3441 dicit
519 3388 664 3451 Dominus,
680 3394 711 3440 ut
726 3389 837 3441 Patrem
855 3396 883 3442 ct
895 3388 941 3441 Fi·
983 3395 1078 3442 menta
1090 3387 1185 3442 ablata
1196 3388 1302 3443 suntab
1309 3404 1418 3453 eo,cum
1426 3394 1522 3442 nostra
1533 3394 1648 3460 peccata
1666 3390 1780 3445 delerit.

173 3466 219 3524 liuni
232 3474 358 3540 insinuet,
372 3475 528 3533 sicutalihi.
540 3494 552 3526 a
565 3477 640 3530 Pluit
651 3477 809 3530 Doniinusa
822 3476 941 3529 Domino
984 3477 1088 3531 ideirco
1104 3479 1177 3531 enim
1195 3478 1314 3531 sordidis
1336 3477 1451 3532 indutus
1472 3479 1658 3541 estvestihus.
1680 3485 1712 3533 ut
1731 3496 1783 3535 rios

173 3555 240 3623 iguem
254 3569 281 3615 et
294 3563 415 3633 sulphur
425 3580 510 3634 super
525 3563 684 3617 Sodomam.
694 3582 706 3614 a
716 3583 727 3614 a
737 3564 870 3633 Nunquid
885 3580 941 3616 iion
983 3565 1166 3619 holosericam
1183 3565 1315 3619 mundam
1330 3567 1359 3619 in
1382 3565 1521 3637 baptismo
1536 3567 1734 3637 reciperemus,
1755 3572 1783 3622 et

175 3642 297 3703 haurris
322 3657 366 3704 est
391 3658 489 3705 erutus
507 3652 543 3704 de
568 3652 641 3720 igne.
660 3675 668 3698 ο
686 3652 791 3706 Sensus
806 3659 858 3715 est,
877 3668 941 3704 cuin
983 3652 1094 3706 dicatur
1108 3654 1190 3706 nohis
1211 3655 1269 3724 jam
1301 3654 1460 3707 mundatis:
1479 3654 1561 3709 Omni
1586 3661 1713 3725 tempore
1727 3655 1783 3711 sint

173 3730 279 3793 mutnus
291 3740 410 3809 elegerit
418 3740 592 3794 Hierusalem
603 3740 751 3793 decunctis
765 3739 881 3793 urbibus
896 3740 944 3792 Ju·
985 3741 1150 3795 vestimenta
1163 3747 1213 3795 tua
1223 3742 1350 3795 candida.
1365 3743 1474 3796 Cidaris
1492 3744 1785 3825 iiiuiidasupercaput

174 3819 203 3875 dt·
213 3840 260 3880 uon
275 3827 300 3881 oi
315 3828 436 3898 imputet
447 3833 561 3898 peccata
572 3843 634 3898 quae
645 3827 717 3883 lecit.
729 3845 780 3880 cur
795 3834 825 3880 tu
846 3829 941 3881 Jesum
983 3831 1053 3899 ejus,
1071 3830 1247 3900 splendorem
1268 3831 1398 3900 designat
1408 3831 1507 3885 divinae
1535 3833 1692 3902 majestatis
1711 3834 1782 3903 ejus.

174 3916 551 3981 manaaceusaiidoobruere,
562 3917 608 3987 qui
621 3917 658 3970 de
674 3917 841 3987 Babylonica
855 3917 942 3987 capti·
985 3936 997 3968 a
1012 3919 1104 3988 Caput
1120 3919 1193 3971 enim
1207 3918 1311 3971 Christi
1328 3919 1409 3971 Deus.
1428 3941 1438 3967 ι
1456 3921 1518 3988 lpse
1533 3920 1606 3975 eniri
1624 3922 1706 3984 Deus,
1723 3921 1783 3992 ipse

174 3997 234 4055 litate
244 4006 321 4074 quusi
333 4005 420 4061 torris
447 4005 599 4059 semiustus
625 4005 720 4059 erasit.
737 4005 832 4058 'l‘orn's
847 4011 942 4058 autem
984 4019 1027 4060 esi
1042 4014 1070 4059 et
1083 4007 1177 4066 nomo,
1190 4015 1219 4060 ut
1232 4006 1259 4058 in
1274 4011 1349 4058 veste
1364 4005 1535 4071 humanitas,
1549 4009 1579 4060 iii
1590 4008 1782 4064 cidaridiviuae

93 4134 95 4151 ,
175 4091 362 4147 auimtumest
376 4093 587 4163 lignum,quem
604 4094 687 4163 vulgo
696 4093 824 4147 titionem
834 4093 940 4147 dicunt.
984 4093 1142 4163 majestatis
1151 4093 1328 4162 intelligatur
1339 4094 1479 4149 claritas«
1496 4095 1531 4149 Et
1545 4096 1662 4166 angelus
1670 4084 1783 4153 Domini

200 4178 329 4236 titlesus
343 4188 407 4236 erat
418 4181 534 4236 indutus
549 4182 673 4235 restibus
691 4182 821 4246 sordidis,
838 4188 866 4235 et
882 4191 941 4235 sta·
982 4183 1084 4245 stabat,
1101 4188 1129 4237 et
1143 4181 1354 4237 contestabatur
1364 4184 1480 4253 angelus
1491 4183 1602 4240 Domini
1621 4186 1727 4251 lesuin,
1744 4184 1785 4242 di·

176 4258 272 4324 latante
286 4271 385 4326 taciem
399 4271 504 4341 angeli.
522 4290 534 4322 i
550 4271 699 4341 Triplicem
714 4270 750 4323 ob
763 4285 1049 4370 causamme-Deciis
1065 4290 1070 4324 :
1086 4272 1150 4326 llaec
1173 4271 1241 4325 dicit
1260 4270 1395 4326 Dominus
1409 4271 1582 4326 exercituum
1598 4287 1603 4319 :
1629 4273 1658 4328 Si
1684 4274 1714 4328 in
1733 4274 1785 4330 riis

177 4351 691 4422 ditisrestibusindutusluissedieitur,
702 4358 944 4429 sivequiaalieni-
985 4361 1054 4414 meis
1065 4359 1260 4419 ambulaveris.
1283 4366 1312 4415 et
1326 4360 1481 4415 custodiam
1499 4377 1591 4416 ineam
1607 4361 1783 4428 custodieris,

178 4456 249 4508 gentili
261 4465 376 4503 uxorem
389 4449 519 4519 duxerat,
527 4449 584 4503 sire
593 4448 809 4520 propierpopuli
820 4453 942 4518 peccata,
985 4456 1015 4504 tu
1023 4466 1134 4521 quoque
1141 4449 1281 4520 judicabis
1290 4451 1406 4504 domum
1414 4466 1515 4517 meain,
1524 4457 1552 4505 et
1560 4450 1700 4505 custodies
1712 4450 1787 4505 atria

178 4532 334 4592 aiaoemos
351 4544 481 4609 preerat,
496 4554 548 4592 seu
562 4537 846 4608 propioraquelorem
861 4537 947 4607 capti·
987 4556 1058 4593 mea.
1072 4539 1180 4593 iluita
1195 4537 1373 4592 traditionem
1397 4538 1578 4594 Hebraeorum
1600 4539 1784 4603 adiutorem,

179 4618 251 4679 aliea..
986 4628 1265 4698 angelusantequem
1276 4625 1467 4693 stabatlesus,
1480 4628 1526 4697 qui
1540 4627 1666 4697 loquitur
1677 4627 1712 4680 ad
1720 4641 1786 4681 euni

202 4715 279 4779 ‘thie
294 4714 441 4789 respondit
454 4722 484 4770 et
498 4714 586 4771 aitad
599 4715 707 4785 eosqui
722 4714 834 4769 stabant
849 4730 944 4768 coram
986 4723 1135 4788 postquam
1145 4723 1245 4770 exutus
1255 4722 1297 4770 est
1307 4713 1566 4779 sordidisvestibus,
1579 4720 1608 4768 et
1623 4715 1787 4770 indutusest

180 4805 409 4878 silngelussnte
423 4819 507 4875 quem
517 4803 611 4858 stabat
627 4805 718 4869 lesus,
728 4803 853 4874 praecipit
862 4809 946 4857 caete·
987 4806 1154 4860 mutatoriis.
1168 4805 1236 4870 Quae
1251 4803 1422 4875 persecutis
1435 4808 1533 4873 aperta
1549 4808 1625 4865 sunt,
1640 4819 1691 4858 nec
1702 4809 1787 4876 egent

180 4886 306 4966 amplis
320 4913 354 4951 ex
370 4910 491 4967 persona
517 4893 638 4956 Domini,
664 4893 780 4947 dicens:
798 4880 946 4947 r'nuierse
987 4894 1170 4964 expositione.
1182 4891 1446 4962 Juxtaspiritualem
1460 4906 1523 4944 vcro
1538 4904 1651 4959 sensum
1665 4892 1787 4949 diflicilia

179 4981 311 5039 littiiiientu
324 4985 438 5039 sordida
452 4982 488 5036 ab
500 4999 542 5037 eo.
558 4982 711 5053 »Cumque
725 4981 766 5036 illi
776 4982 850 5052 quod
860 4981 947 5051 impe·
989 4990 1031 5037 est
1045 4980 1281 5054 interpretatio,si
1292 4979 1427 5048 hocquod
1436 4976 1539 5033 dicitur
1548 4980 1582 5034 ad
1592 4972 1788 5038 lesumllliurn

178 5072 243 5124 uun
254 5074 354 5140 tuerat,
370 5088 456 5144 opere
470 5071 666 5141 complessent,
680 5090 692 5122 a
709 5076 738 5124 et
750 5070 868 5140 angelus
877 5070 948 5124 dixit
988 5071 1135 5131 losedech,
1159 5071 1211 5125 «Si
1226 5069 1255 5124 in
1270 5068 1321 5121 riis
1335 5067 1406 5121 meis
1421 5065 1640 5133 ambulaveritis,
1658 5076 1686 5125 et
1699 5078 1790 5128 custo·

178 5153 262 5215 ticum
275 5181 281 5215 ι
294 5164 363 5218 Ecce
378 5161 481 5215 abstuli
497 5167 556 5214 ute
570 5159 747 5230 iniquitatem
759 5166 848 5215 tuam.
867 5179 878 5210 i
896 5159 948 5213 Hic
989 5159 1064 5212 diam
1081 5174 1172 5211 ineam
1187 5155 1385 5222 custodieritis,
1405 5178 1414 5205 ι
1432 5161 1485 5211 etc.
1512 5158 1617 5212 Notum
1637 5167 1680 5214 est
1694 5148 1788 5226 autem

177 5248 272 5304 ouantis
282 5268 346 5322 quse
355 5251 473 5304 luerunt
483 5250 652 5303 vestimenta
663 5249 785 5311 sordida,
805 5269 818 5296 ι
829 5247 946 5303 etindui
991 5247 1122 5318 quoniam
1135 5245 1262 5299 Christus
1274 5250 1302 5298 ot
1314 5243 1437 5299 Ecclesia
1445 5252 1601 5318 suntcaput
1612 5254 1640 5302 et
1651 5251 1787 5307 membra.

176 5334 196 5383 le
206 5340 358 5407 mutatoriis,
372 5359 386 5392 i
402 5340 429 5394 id
443 5346 486 5394 est
499 5339 655 5394 Israelitam
682 5338 731 5392 tibi
747 5355 861 5392 uxorein
878 5355 945 5392 con-
989 5337 1061 5405 Eigo
1083 5333 1253 5403 accipiamus
1279 5333 1332 5388 hoc
1347 5351 1378 5388 ⁰¹
1403 5341 1482 5404 Ρθΐῒθ
1500 5336 1702 5403 memmium,
1723 5355 1790 5394 nam

172 5420 239 5487 jmii.
250 5428 435 5499 septinginta
448 5444 500 5499 pro
514 5427 684 5493 mutatoriis,
703 5429 871 5498 «poderem,
888 5445 901 5481 i
916 5427 946 5482 id
989 5423 1061 5494 quod
1070 5422 1110 5475 illi
1121 5421 1235 5488 dicitur,
1248 5421 1449 5494 membrisque
1459 5424 1673 5496 utiqucdicitur.
1690 5423 1789 5505 ltaque

174 5515 452 5574 armentariam
464 5516 681 5572 maestulemnt.
986 5510 1121 5567 membris
1134 5510 1196 5580 cius
1206 5511 1393 5583 promittitur,
1409 5510 1484 5583 quod
1497 5511 1522 5567 si
1535 5514 1682 5569 ambulant
1695 5512 1724 5568 in
1736 5506 1788 5566 riis
