3840 6098
132 301 188 358 905
443 299 445 303 ⁴
464 304 654 362 EXPOSITIO
672 307 712 361 IN
729 307 807 362 EPP.
828 308 857 362 S.
878 306 996 360 PAULI.
1018 335 1049 347 -
1070 308 1110 362 IN
1128 308 1239 364 uplsr.
1260 311 1309 365 AD
1328 309 1434 366 HEBR.
1715 311 1769 373 906

132 431 250 497 propter
263 426 315 481 hoc
330 428 404 499 quod
420 427 447 481 in
461 429 564 483 Genesi
578 429 689 486 dicitur.
701 429 767 500 quia
780 436 865 484 crient
876 430 963 488 dqu
973 427 1007 482 ln
1016 430 1067 484 hoc
1076 446 1141 485 xero
1155 432 1221 501 qula
1231 433 1341 502 plenam
1355 437 1569 506 promissionem
1581 438 1677 508 patriae
1690 439 1770 494 coele·

134 519 169 569 in
190 532 272 569 cartre
285 532 343 569 una
358 517 433 585 (Gen.
450 521 493 585 n).
514 518 630 571 Addidit
651 534 762 589 quoque
786 519 888 584 adhuc,
904 524 933 573 et
972 518 1024 572 stis
1038 535 1094 572 non
1104 525 1170 573 sunt
1184 522 1336 588 consecuti,
1348 524 1428 593 quasi
1443 541 1499 579 non
1510 533 1695 597 perceperunt
1708 544 1771 598 pro·

134 605 198 668 hoc,
214 604 352 674 inquiens,
365 621 481 675 corpore
509 613 637 660 emortuo
653 607 711 660 nati
727 607 934 661 suntnourita
974 606 1257 679 missiones,delonge
1269 617 1364 664 mmca
1375 612 1549 683 aspiciebant
1560 615 1768 685 promissiones,
1848 620 1852 630 '

135 692 806 754 mortua,scdsemine.Senexenimhomosemen
821 694 933 765 quidem
975 710 1045 765 quas
1065 696 1176 750 veniens
1186 697 1324 752 Dominus
1336 700 1464 754 Christus
1479 703 1647 772 predicavit,
1663 705 1768 760 dicens:

130 785 193 851 jam
212 784 512 857 lunde1·epotest:sed
529 793 623 841 tamen
652 788 793 842 soliditate
819 786 934 840 seminis
975 783 1112 846 Quoniam
1123 785 1146 839 si
1158 786 1770 859 quisdimiseritdornnmoutfratresoutso·
1849 790 1853 799 '

135 879 224 937 caret,
239 880 272 928 ut
285 874 357 928 lilios
374 891 520 946 procreare
533 875 631 947 possit,
645 876 699 929 nisi
715 875 786 929 lorte
810 874 845 929 de
869 874 934 928 ado·
975 878 1291 942 roresoutpatremput
1304 882 1421 930 matrem
1431 883 1544 946 propter
1557 885 1772 949 nie,centnplnm

135 961 301 1028 lescentula,
314 969 346 1018 ut
360 964 408 1018 alii
420 965 544 1018 luerunt.
560 964 638 1018 Sicut
653 964 755 1027 sidera,
770 961 935 1033 inquit,coeli
975 962 1098 1027 accipiet,
1115 965 1138 1015 ct
1157 964 1243 1014 ritum
1262 968 1393 1018 aternani
1412 967 1558 1032 possidebit
1583 970 1687 1037 (Mattb.
1702 974 1770 1034 xlx).

136 1048 180 1103 vel
204 1066 291 1104 arena
311 1050 407 1104 maris.
429 1051 680 1122 Hyperbolicehoc
695 1052 801 1105 dictum
818 1057 868 1104 est.
882 1051 936 1104 Per
976 1047 1062 1101 latam
1077 1049 1289 1119 promissionem
1313 1068 1369 1105 non
1394 1060 1458 1107 sunt
1486 1055 1627 1109 consecuti
1641 1056 1682 1109 illi
1706 1062 1772 1112 ante

136 1137 232 1192 sidera
253 1145 347 1193 autem
364 1139 435 1204 coeli,
452 1140 518 1193 boni
533 1139 708 1209 intelligendi
720 1146 787 1193 sunt
809 1155 842 1194 ex
857 1144 934 1192 utro·
976 1136 1089 1191 Domini
1104 1137 1774 1214 adventum,licetomniasuareliquisscnt,sieut

137 1243 194 1297 que
205 1227 308 1297 populo
324 1227 373 1281 mii
386 1227 504 1281 llbraha¹
520 1244 570 1298 per
582 1228 676 1293 fidem,
694 1234 723 1281 at
737 1243 802 1281 xero
816 1244 864 1297 per
876 1242 936 1280 are-
977 1229 1005 1278 et
1015 1225 1152 1295 apostoli:
1169 1227 1226 1280 sive
1241 1227 1327 1281 etiam
1343 1228 1540 1297 promissiones
1555 1231 1589 1285 de
1600 1232 1710 1286 Domini
1721 1235 1772 1288 ad-

136 1331 206 1368 uam
222 1317 307 1368 maris
321 1315 433 1386 reprobi
448 1317 621 1386 accipiuntur
636 1333 670 1370 ex
697 1316 813 1370 ludaico
833 1315 935 1387 populo
977 1314 1771 1390 ventunousuntconsecuti,quoniam,liceteispromis-

136 1404 190 1457 lilii
207 1403 328 1458 Abrahae
343 1420 393 1475 per
409 1420 534 1473 carnem,
548 1405 595 1475 qui
607 1412 721 1459 terrena
735 1421 846 1475 semper
859 1419 935 1473 quae·
978 1418 1026 1456 sus
1038 1408 1121 1467 esset,
1138 1408 1232 1458 tamen
1246 1420 1303 1458 non
1315 1405 1445 1459 viderunt
1464 1403 1528 1460 curn
1554 1415 1720 1477 praesentem
1743 1410 1772 1463 iu

136 1492 371 1563 rentes,pondere
379 1498 556 1562 peccatorum
567 1499 729 1562 gravantur.
744 1492 808 1546 Etsi
818 1491 937 1546 homini·
979 1490 1093 1545 mundo.
1106 1491 1272 1546 salutabant
1285 1509 1397 1563 quoque
1408 1495 1520 1548 easdem
1532 1496 1773 1564 promissiones‚id

138 1579 192 1634 bus
205 1581 292 1634 stellae
306 1581 377 1646 coeli,
392 1582 448 1634 sire
466 1597 551 1634 arena
566 1582 651 1635 maris
665 1582 708 1635 rel
731 1581 816 1635 etiam
832 1580 873 1633 illi
889 1579 937 1650 qui
978 1584 1022 1632 est
1030 1578 1165 1650 optabant
1176 1584 1204 1633 et
1217 1580 1424 1644 desiderabant,
1440 1583 1513 1637 sicut
1537 1584 1673 1639 Dominus
1688 1585 1728 1638 ait
1745 1586 1774 1639 in

137 1669 280 1739 designati
295 1674 362 1723 sunt
376 1685 426 1738 per
439 1668 725 1733 hoc,innumerabiles
740 1669 877 1735 sunt,Deo
889 1684 938 1721 au·
978 1667 1144 1737 Evangelio:
1158 1669 1242 1721 Mutii
1251 1684 1325 1735 repes
1339 1675 1364 1722 et
1371 1671 1508 1737 propbeta
1521 1674 1668 1726 noluerunt
1684 1675 1774 1727 cidare

137 1763 197 1811 tem
214 1758 259 1812 cui
270 1758 363 1812 omnia
377 1762 474 1828 patent
487 1758 676 1812 numerabiles
687 1758 818 1812 existunt.
947 1735 1037 1822 Bquae
1045 1771 1089 1807 vos
1100 1755 1232 1812 uidetiset
1244 1772 1299 1811 non
1309 1757 1475 1819 videruntet
1485 1760 1584 1812 acediae
1593 1762 1773 1829 qrraonditis,

174 1849 261 1900 iusta
275 1848 366 1912 lidern,
384 1846 411 1899 id
425 1852 468 1900 est
479 1863 543 1900 cum
558 1847 622 1910 lide,
632 1848 757 1914 defuncti
767 1850 833 1899 slent
846 1860 938 1898 onrncs
978 1847 1002 1896 at
1017 1858 1073 1897 non
1092 1845 1244 1897 aridicrnnt
1261 1846 1333 1903 linc.
1352 1848 1390 1912 x).
1408 1846 1445 1899 Ex
1459 1847 1623 1916 metaphora
1644 1849 1776 1918 navigan-

139 1935 197 1995 isti,
216 1950 272 1987 non
286 1937 401 2001 acceptis
412 1936 670 2001 repromissionibus
687 1953 694 1987 :
710 1935 755 1987 sed
768 1950 787 1986 a
806 1937 883 1999 lonpe
895 1948 938 1985 eas
980 1930 1050 1984 tium
1066 1931 1136 1984 dixit
1148 1932 1383 2004 salutantes.quia
1397 1951 1414 1987 a
1426 1934 1508 2004 longe
1519 1936 1777 2006 prospicientesde·

138 2023 504 2088 aspicientes-,salutastesct
519 2026 673 2087 coralitentes
687 2023 753 2088 paria
764 2021 938 2086 paropanisi
980 2019 1117 2073 sideratas
1132 2020 1258 2074 civitates
1272 2026 1422 2091 antequam
1440 2022 1777 2092 ingrediantureas,salu·

138 2109 256 2177 hospites
270 2113 335 2162 surii
353 2123 436 2176 super
455 2112 568 2162 ter-rain.
591 2110 645 2175 Qui
658 2111 733 2161 enirn
757 2109 811 2161 bac
831 2109 938 2171 dicunt,
982 2107 1088 2160 tatione
1101 2108 1284 2178 preveniunt,
1296 2125 1398 2179 easque
1409 2109 1463 2162 sibi
1472 2110 1626 2165 familiares
1641 2113 1776 2168 alliciunt.

139 2197 264 2251 scilicet:
281 2196 348 2267 quia
362 2196 503 2266 peregrini
513 2202 581 2251 sunt
599 2212 683 2266 super
701 2201 816 2259 terram,
832 2196 940 2271 siqniti-
981 2195 1161 2265 Aspiciebant
1175 2203 1269 2250 autem
1283 2198 1312 2251 in
1327 2198 1381 2252 lide
1392 2198 1460 2252 istas
1471 2200 1777 2269 promissionessalva·

139 2290 206 2338 carri
219 2302 246 2338 sc
257 2289 383 2352 patrium
398 2287 551 2351 inquirere.
565 2285 597 2338 El
609 2286 744 2351 mquidem
759 2283 836 2336 illius
858 2288 941 2335 terrae
982 2281 1050 2336 bant
1062 2284 1244 2345 desideriosa
1257 2285 1465 2340 confitebantur
1475 2303 1604 2342 sermone
1615 2289 1687 2359 quod
1700 2307 1778 2362 pere·
1853 2310 1856 2315 ·

140 2376 333 2426 sustinuissent
343 2374 375 2426 dc
386 2389 441 2441 qna
455 2375 590 2436 scierant,
607 2372 642 2425 ad
657 2372 710 2426 hoc
728 2378 761 2426 ut
775 2371 878 2424 uellent
892 2386 942 2422 re·
981 2370 1056 2439 grini
1076 2378 1179 2437 essent,
1190 2372 1271 2442 J'uxta
1295 2374 1368 2443 quad
1383 2374 1533 2429 Psalmista
1556 2375 1632 2442 dicit,
1644 2379 1777 2448 quoniam

141 2462 941 2529 verti,ltcbcbantuliquclmnpusrevertendi:nnncautcnr,
979 2462 1153 2527 pereprimus
1177 2477 1240 2514 sirm
1268 2464 1343 2529 apnxt
1368 2466 1484 2528 tc,sicut
1498 2480 1590 2519 omnes
1611 2473 1704 2534 patras
1724 2471 1779 2522 sirei

141 2550 209 2621 quia
225 2549 327 2603 nolunt
339 2550 440 2603 reverti
453 2550 486 2603 ad
503 2550 608 2603 eamde
622 2546 871 2620 quaexierunt,sed
881 2562 941 2598 mo·
984 2549 1066 2612 (Ptol.
1082 2552 1191 2616 xxxvii).
1211 2548 1378 2619 Peregrinus
1393 2566 1411 2604 a
1425 2566 1549 2622 peregre,
1565 2553 1593 2607 id
1609 2559 1678 2607 esta
1696 2554 1779 2624 longe

140 2643 245 2691 rantur
258 2638 287 2691 in
302 2638 395 2692 alienu
408 2638 488 2708 quasi
501 2637 796 2708 peregrinisneliorern
811 2639 942 2703 oppetunt
982 2635 1183 2706 proficiscendo
1193 2637 1283 2692 dictus
1297 2645 1348 2693 est.
1368 2638 1524 2709 Peragrare
1537 2641 1612 2694 enirn
1628 2642 1780 2711 perambu-

140 2729 217 2781 idest
227 2727 430 2780 catcstcnrDuo
441 2725 742 2796 quadamhicdlgnum
752 2731 795 2778 est
805 2739 940 2794 quarere.
984 2722 1043 2777 lare
1061 2724 1189 2781 dicimus.
1200 2726 1274 2779 Nam
1286 2727 1334 2796 qui
1349 2726 1377 2780 in
1399 2727 1588 2783 tabernaculis
1604 2729 1777 2797 habitabant,

142 2815 215 2870 Cum
230 2813 307 2867 enim
320 2813 533 2884 supradixisset,
549 2814 704 2867 translatus
719 2818 762 2867 est
776 2810 890 2865 llenoch
907 2827 942 2865 ue
984 2811 1031 2880 qui
1044 2812 1172 2882 sepulcra
1185 2814 1311 2884 pecuniis
1324 2815 1464 2881 emebant,
1480 2823 1643 2887 certumque
1657 2825 1700 2872 est
1713 2836 1780 2888 quo·

142 2903 253 2958 videret
267 2909 396 2964 mortem,
412 2911 440 2955 et
454 2918 510 2955 non
521 2901 723 2967 inveniebatur,
739 2901 784 2954 hic
798 2899 943 2969 disit,quia
984 2899 1060 2953 niam
1075 2900 1216 2970 peregrini
1230 2908 1312 2956 erant
1326 2902 1480 2957 intantum
1495 2911 1526 2958 ut
1541 2905 1625 2958 etiam
1640 2906 1688 2959 ubi
1713 2923 1779 2961 suos

143 2989 300 3044 secundum
315 2989 399 3042 tidem
420 2988 524 3042 mortui
549 2995 615 3042 sunt
638 3004 734 3041 omnes
750 2987 806 3041 isti.
819 2985 856 3039 Et
878 3002 941 3039 cum
984 2989 1135 3058 sepelirent
1149 3005 1205 3043 non
1228 2989 1375 3044 haberent
1394 2992 1571 3062 Quapropter
1588 2994 1680 3063 prima
1694 2994 1782 3050 virtus

143 3078 248 3133 iterum
264 3077 388 3139 dixisset,
400 3093 455 3130 non
476 3078 616 3148 accepisse
630 3094 678 3131 eos
699 3074 940 3148 repromissiones,
950 3036 972 3096 G
983 3080 1025 3130 est
1040 3077 1219 3147 peregrinum
1230 3095 1291 3133 esse
1305 3079 1403 3132 mundi
1414 3080 1498 3149 liujus
1508 3085 1537 3134 et
1548 3080 1783 3152 lrospiternmihil·

143 3167 193 3222 sed
205 3167 315 3236 alonge
327 3166 477 3236 aspexisse,
498 3166 628 3239 superius
642 3165 714 3218 dixit
727 3165 762 3218 de
780 3163 859 3229 Abel,
876 3162 943 3233 quia
983 3180 1038 3234 que
1052 3164 1155 3218 habere
1165 3183 1313 3220 commune
1322 3183 1385 3221 cum
1399 3167 1512 3236 regibus
1527 3169 1611 3239 hujus
1625 3172 1781 3236 saeeuli,sed

143 3255 341 3308 testimonium
352 3242 519 3310 consecutus
526 3261 568 3309 est
576 3255 648 3325 quod
661 3260 735 3308 esset
744 3255 839 3323 justus
852 3251 942 3306 :etde
985 3253 1123 3307 removeri
1135 3252 1169 3306 ab
1183 3254 1223 3308 eis
1235 3255 1308 3308 sicut
1322 3257 1497 3325 peregrinus.

145 3343 273 3408 Henoch,
285 3343 352 3412 uuis
363 3345 516 3398 translatus
538 3350 590 3398 est.
606 3344 647 3398 De
661 3343 720 3397 Noe
743 3357 854 3413 quoque
875 3339 942 3410 qula
1020 3342 1080 3395 ldeo
1095 3344 1355 3409 neumasensium,
1373 3344 1400 3397 id
1423 3350 1465 3397 est
1479 3360 1534 3398 non
1546 3344 1695 3410 erubescit,
1712 3351 1782 3404 bens

144 3432 270 3486 salvatus
280 3431 367 3485 estde
379 3433 611 3486 condemnatione
625 3429 771 3488 mundide
788 3429 938 3489 Abraham,
981 3430 1480 3487 vocorillcusillorurn.l³arau.‘tenirn
1490 3436 1781 3501 iliiscivitalcmldeo,

144 3520 233 3574 etiam
248 3520 327 3574 Isaac
346 3526 375 3573 et
387 3520 483 3585 Jacob,
497 3520 566 3575 nulli
585 3519 700 3574 dubium
716 3518 785 3588 quin
806 3516 941 3586 plurimas
982 3515 1084 3585 inquit.
1101 3517 1169 3586 quia
1181 3518 1222 3572 illi
1237 3519 1295 3572 Deo
1305 3520 1494 3586 erediderunt,
1504 3521 1633 3591 nihilque
1647 3523 1682 3576 de
1696 3529 1785 3578 terre·

145 3609 348 3679 promissiones
360 3616 419 3662 tam
429 3610 464 3663 de
478 3609 589 3663 Christo
604 3623 689 3678 quam
704 3607 739 3660 de
753 3611 830 3660 terra
845 3620 943 3674 repro·
984 3602 1027 3655 nis
1037 3602 1090 3655 sibi
1103 3605 1388 3674 praesumpser·uut,ad
1402 3605 1454 3658 hoc
1464 3612 1494 3660 ut
1511 3608 1539 3660 in
1554 3607 1608 3661 illis
1616 3625 1693 3678 spem
1701 3627 1782 3665 suam

147 3698 292 3752 missionis
306 3698 495 3767 acceperunt?
508 3698 575 3760 Quae
589 3697 644 3751 duo
653 3695 813 3766 hujusmodi
830 3693 944 3747 solutio·
984 3691 1266 3760 ponent,idcirconon
1275 3692 1412 3747 erubescit
1422 3695 1598 3765 omnipotens
1609 3697 1682 3751 Deus
1691 3698 1784 3753 vocari

146 3802 183 3840 ne
199 3792 293 3856 egent.
311 3785 390 3849 Quod
405 3786 526 3854 primum
555 3785 742 3844 dixit‚omnes
771 3783 818 3837 isti
838 3781 944 3835 mortui
984 3781 1059 3837 Deus
1074 3781 1186 3835 illorum
1208 3781 1267 3836 ‘Sic
1282 3782 1356 3835 enirn
1373 3782 1431 3851 ipse
1447 3783 1598 3852 dicit:lipo
1623 3801 1685 3840 suin
1711 3788 1782 3841 bens

148 3880 217 3929 sunt
231 3890 294 3929 cum
315 3874 379 3937 fide,
395 3873 435 3927 itu
447 3880 491 3927 est
504 3874 717 3943 intelligendum
730 3892 736 3938 ;
754 3872 827 3943 quod
847 3887 945 3925 omnes
985 3869 1135 3930 Abrabam,
1153 3871 1223 3923 bens
1238 3871 1323 3934 lsccc,
1338 3875 1362 3923 et
1372 3872 1441 3926 lteris
1453 3872 1543 3927 Jacob.
1559 3875 1713 3942 (Dentur).
1733 3891 1784 3945 per

147 3965 188 4018 illi
203 3962 307 4016 mortui
323 3968 399 4025 suut,
415 3968 517 4033 praetcr
530 3963 621 4015 solum
636 3962 759 4024 llenoch,
776 3977 859 4031 quem
870 3959 946 4013 nori·
987 3958 1069 4010 tidem
1085 3957 1216 4012 videlicet
1231 3958 1349 4029 riteque
1364 3962 1506 4016 meritum.
1520 3962 1598 4016 Sicut
1611 3962 1683 4016 enim
1698 3963 1799 4032 pluri-⁴

148 4067 213 4106 mus
228 4067 291 4105 esse
308 4050 640 4114 translatquuodvero
655 4049 813 4114 subintulit,
831 4065 886 4102 non
898 4064 946 4102 ac·
988 4046 1089 4099 licetur
1099 4047 1400 4118 quaudobenignorum
1412 4056 1439 4104 et
1454 4050 1624 4120 optimorum
1636 4051 1782 4106 horninum

147 4138 255 4208 cepisse
270 4154 319 4192 eos
337 4139 580 4209 repromissiones,
601 4139 782 4193 manifestum
808 4144 861 4203 est,
881 4137 948 4207 quia
988 4133 1062 4188 Deus
1077 4140 1192 4189 vocatur
1205 4141 1234 4190 et
1248 4136 1399 4215 colentium
1416 4139 1558 4206 virtutem,
1573 4140 1613 4194 sic
1626 4140 1784 4195 econtrario

149 4227 178 4281 ia
193 4226 365 4298 quibusdam
383 4226 466 4282 rebus
480 4233 658 4298 acceperunt.
673 4228 702 4281 in
718 4227 885 4298 quibusdam
897 4225 948 4278 mi·
989 4222 1171 4278 confunditur
1185 4229 1213 4277 ct
1225 4223 1364 4278 erubescit
1378 4225 1406 4279 in
1421 4227 1490 4280 actia
1504 4228 1688 4283 nefandorum
1703 4228 1726 4282 si
1738 4228 1783 4282 in-

150 4317 239 4370 uimc.
252 4315 369 4384 Accepit
382 4315 520 4386 siquidem
531 4316 644 4369 Henoch
657 4316 944 4376 nexideretmortem,
989 4317 1106 4366 vocatur
1119 4311 1154 4365 ab
1165 4311 1230 4368 illis.
1242 4313 1321 4367 Unde
1337 4313 1403 4368 dicit
1414 4331 1464 4384 per
1473 4316 1637 4386 prophetam
1653 4334 1659 4369 :
1675 4319 1726 4371 Per
1739 4333 1784 4371 ros

150 4402 259 4475 accepit
266 4404 325 4458 Noe
337 4394 369 4458 ut
383 4404 719 4475 salvaretur·,acceperunt
729 4410 758 4457 et
768 4375 979 4473 aliiplurimi.D
990 4417 1089 4455 naastan
1108 4417 1199 4454 tticum
1216 4403 1421 4469 blasphematur
1435 4406 1510 4456 inter
1522 4409 1612 4471 peritos
1631 4406 1709 4472 (lsai.
1728 4411 1782 4468 nil.

151 4493 206 4548 Sed
222 4493 282 4547 hec
292 4492 405 4563 quidem
422 4493 565 4548 erantillis
575 4492 706 4547 libamina
720 4493 857 4563 quadam,
869 4496 951 4545 erant
991 4488 1035 4543 llli
1057 4495 1151 4543 autem
1167 4489 1207 4543 ita
1221 4495 1302 4543 erant
1315 4491 1384 4545 clari
1398 4490 1548 4546 virtutibus
1571 4498 1599 4545 et
1616 4493 1787 4547 confidentia

151 4586 179 4634 et
186 4580 287 4652 primae
297 4580 508 4650 degustationes
515 4582 744 4645 sutur·orum‚non
754 4579 899 4651 plenitudo
908 4596 951 4633 re-
991 4577 1077 4648 pleni,
1093 4583 1191 4632 utnon
1206 4578 1433 4645 confunderetur,
1444 4579 1493 4633 sed
1506 4579 1597 4649 potius
1611 4580 1785 4648 glorificare·

151 4668 381 4739 promissionum.
396 4669 470 4723 Deus
486 4670 560 4723 enim
588 4686 644 4723 non
666 4670 756 4723 solum
771 4685 832 4739 quae
855 4669 952 4722 lutura
991 4673 1047 4732 tur,
1063 4683 1126 4720 eum
1141 4666 1251 4720 illorum
1270 4673 1415 4721 vocaretur
1425 4667 1499 4721 Deus
1513 4667 1620 4721 Dicitur
1633 4671 1727 4719 autem
1739 4683 1786 4735 ge·

150 4763 218 4811 sunt
235 4756 317 4810 uobis
332 4757 459 4828 largitur.
475 4758 622 4811 sedetiam
637 4773 697 4828 qum
712 4758 795 4826 hujus
810 4757 952 4811 vitasunt
991 4755 1127 4808 neraliter
1142 4756 1216 4809 Deus
1226 4762 1308 4809 terrm
1324 4764 1352 4809 et
1365 4756 1440 4809 Deus
1452 4754 1664 4824 coeli,siquidem
1675 4761 1703 4807 et
1713 4754 1786 4807 Deus

151 4845 314 4900 necessaria
325 4850 448 4916 prestat,
465 4844 538 4900 sicut
562 4845 705 4916 discipulis
730 4845 789 4899 suis
817 4845 948 4899 dicebat:
992 4842 1131 4913 gentium,
1146 4850 1176 4896 et
1190 4860 1244 4896 non
1260 4845 1350 4897 solum
1376 4844 1513 4914 gentium,
1531 4842 1675 4896 sedetiam
1700 4842 1787 4897 totius

150 4936 771 5003 Primumquariteceptrumbeietjnstitianr
784 4937 852 5001 ejus,
865 4934 952 4986 atbar
994 4932 1100 4992 mundi,
1118 4948 1150 4985 eo
1169 4932 1242 5002 quod
1270 4932 1330 5000 ipse
1353 4932 1446 4987 omnia
1468 4931 1602 4985 condidit.
1615 4931 1783 4986 Sanctorum

152 5022 434 5092 orrania‚temporalia
448 5023 690 5092 vitae,inquanturn
706 5022 866 5092 expediunt,
876 5022 951 5088 udjc'-
993 5033 1060 5072 vero
1076 5018 1188 5072 illorum
1203 5034 1257 5071 non
1273 5018 1311 5070 sic
1325 5018 1427 5071 dicitur
1442 5019 1516 5072 Deus
1538 5019 1713 5073 solummodo
1737 5012 1789 5090 per

154 5113 272 5162 cientur
286 5110 360 5162 cobis
377 5110 486 5178 (notin
508 5107 595 5165 xitln
608 5109 660 5162 hoc
676 5108 749 5163 enim
762 5109 828 5178 quia
842 5108 871 5161 iu
881 5124 953 5178 prae-
995 5107 1176 5170 creationem,
1195 5105 1242 5158 scd
1257 5106 1328 5158 sieut
1344 5104 1460 5172 airricus,
1474 5106 1578 5161 dicitur
1592 5114 1621 5160 et
1634 5124 1709 5162 nunc
1732 5109 1790 5162 Do·

153 5197 339 5252 sentisaeculo
349 5204 468 5268 exparte
479 5197 590 5251 laudem
598 5197 714 5267 justitiae
726 5200 952 5267 promeruerunt,
994 5194 1088 5247 minus
1107 5194 1181 5247 Deus
1194 5193 1426 5247 Christianorum.
1446 5195 1564 5260 l‘araxit,
1581 5196 1740 5266 inquit,illis
1753 5197 1791 5251 ci·

154 5301 206 5339 acc
218 5301 283 5338 cum
305 5285 399 5355 impiis
411 5285 556 5356 perierunt
565 5285 773 5356 locupletesque
783 5284 897 5338 luerunt
909 5283 955 5338 bo-
994 5282 1109 5336 vitatem
1138 5281 1303 5344 Jerusalem,
1320 5281 1425 5335 scilicet
1438 5284 1589 5347 caelestem,
1601 5285 1719 5355 ideoque
1733 5300 1790 5338 non

154 5374 200 5428 nis
214 5372 430 5443 temporalibus,
444 5373 511 5428 licet
528 5374 666 5444 peregrini
682 5377 784 5438 essent,
800 5381 832 5427 ut
844 5372 956 5444 potele-
996 5372 1074 5426 dedit
1088 5370 1143 5423 illis
1153 5369 1180 5422 in
1195 5369 1431 5439 praesentisaeeulo
1447 5372 1692 5437 haereditatem‚vel
1704 5372 1791 5426 etiam

152 5461 275 5534 giturde
287 5461 509 5533 abrahamquia
519 5461 665 5517 eratdives
674 5461 829 5530 inargento
837 5467 865 5514 et
875 5476 955 5526 auro,
997 5460 1060 5514 ideo
1072 5475 1129 5512 non
1141 5455 1280 5511 erubescit
1294 5459 1387 5512 uocari
1404 5462 1476 5513 lteus
1491 5461 1682 5530 illorum,quia
1695 5474 1790 5513 secum

154 5551 269 5622 aliquas
292 5549 505 5621 degustationes
523 5550 741 5621 promissionum
759 5555 955 5622 perceperunt.
998 5545 1207 5619 praedestinavit
1216 5544 1280 5600 illos
1290 5562 1407 5616 regnare
1421 5548 1449 5602 in
1464 5549 1569 5603 coelesti
1579 5548 1700 5602 civitate.

279 5649 417 5711 Parios.
442 5648 560 5709 (lxvii.
1135 5665 1142 5678 ·
1635 5638 1674 5699 itt
