3818 6104
96 244 166 311 itus
439 255 441 258 ·
551 240 742 310 utensiiia
756 245 797 309 iu
810 240 1115 308 araesutesiu..-
1128 242 1196 306 trs.
1214 240 1277 309 tn¹
1514 246 1518 255 '
1661 242 1728 317 ieet

92 379 158 449 quid
173 380 248 435 enim
260 372 415 449 captatum
427 379 514 435 inerit
531 380 568 435 ab
578 380 681 451 aliqud,
703 380 794 432 toturn
807 378 885 432 ride·
895 379 920 437 Α
930 382 989 431 erat
1009 379 1239 434 iuuandarum
1252 384 1278 432 et
1296 380 1388 433 tudens
1403 382 1494 450 (duaa.
1510 387 1547 444 rh.
1563 370 1674 436 heduus
1687 381 1730 437 stu

93 467 171 521 bitur
184 466 220 521 ab
236 462 335 532 altera,
351 469 446 538 sicque
460 469 654 540 unnsquisque
673 473 740 522 tunc
755 467 809 521 erit
823 482 891 521 con-
932 466 1033 522 dslicet
1052 468 1108 521 ilde
1131 474 1160 522 et
1177 467 1336 531 dileetione,
1363 469 1457 523 lucens
1475 469 1563 523 serbe
1587 472 1617 524 et
1632 484 1729 541 opera.¹

95 555 236 626 spioabiiis
249 553 339 620 alteri,
355 557 428 611 sicut
441 570 517 611 nunc
527 572 588 611 esse
599 562 689 628 potest
696 555 891 627 conspicabilis
933 558 1071 622 orsrrrtum
1086 558 1260 623 smarapdas.
1273 557 1446 627 smaragdus
1460 558 1600 626 pretiosus
1610 558 1732 628 ispises't

95 643 156 697 sibi.
172 645 222 699 Vel
238 658 288 715 per
300 655 401 699 aurum
427 646 500 700 sicut
521 646 628 700 dictum
652 651 706 711 est,
725 645 892 711 intelligitur
933 645 963 697 in
975 656 1027 700 sua
1049 649 1158 703 natura.
1175 644 1225 699 sati
1248 645 1398 715 pretiosior
1411 645 1440 698 in
1455 646 1609 701 aleatorum
1622 647 1727 716 ligura.

94 729 232 802 sapientia
246 744 375 804 superna.
393 735 447 789 Per
461 735 564 789 ultrum
587 749 654 789 vero
675 734 783 804 puritas
806 732 890 797 ildei;
933 733 986 797 Qui
1002 733 1072 804 lapis
1087 739 1173 789 tantae
1187 733 1338 787 viriditatis
1353 738 1405 799 est,
1422 737 1454 788 ut
1477 746 1589 788 manem
1609 736 1731 791 virorem

94 832 160 874 nara
170 818 288 885 insitio,
298 823 371 876 deut
382 823 487 877 dietum
502 827 554 888 est,
566 823 702 894 quidquid
713 823 827 894 ponitur
847 821 891 875 in·
933 814 1085 876 herbarum
1098 826 1221 893 superet,
1233 828 1261 876 et
1271 828 1366 877 aerem
1380 823 1466 877 etiam
1479 823 1681 879 circumfusum
1693 824 1732 879 ri·

93 910 190 976 terius,
204 915 295 964 totum
317 911 429 967 ridetur
450 912 583 980 exterius,
599 914 627 966 et
648 926 699 983 per
715 912 767 965 hac
784 910 893 982 puritas
933 912 1023 965 ridem
1035 901 1143 966 reddat
1160 911 1263 966 Reddit
1277 912 1361 966 marn
1376 912 1513 983 laragines
1523 912 1731 989 aspicientium,

93 998 158 1052 ildel
172 998 344 1068 designatur,
358 1008 442 1071 qnam
455 1002 545 1055 suncti
558 987 687 1054 tenentes
696 1001 788 1064 corde,
805 999 893 1052 inani·
933 999 957 1054 ai
968 1001 1055 1053 moles
1066 1000 1331 1072 eJ‘usiueritmnpla.
1341 1001 1655 1071 Hujuslapidisgeuera
1664 1002 1732 1058 aas

94 1086 198 1142 testant
221 1088 305 1142 etiam
320 1101 378 1142 ore.
394 1090 452 1143 Nec
471 1089 625 1160 quidquam
644 1089 719 1142 intus
735 1088 829 1158 agitur
844 1092 894 1157 pei
933 1089 1032 1152 multa,
1049 1076 1309 1160 serlJpretiosissirrri
1324 1089 1515 1159 smaragdinei
1530 1088 1636 1160 lapides
1648 1102 1732 1161 repes

94 1176 391 1248 simulationem,quod
403 1174 890 1248 nonvideaturexteriasperpuram
931 1177 1045 1231 riantur
1064 1178 1093 1231 in
1115 1178 1239 1248 Scythia,
1265 1176 1380 1247 regione
1402 1178 1522 1239 desuda,
1543 1192 1614 1249 quas
1633 1184 1730 1233 tamea

95 1264 151 1316 oris
167 1269 195 1316 et
209 1266 301 1336 operis
312 1267 525 1321 contessionem.
931 1266 1092 1320 custodiunt
1110 1266 1241 1336 gryphes,
1256 1266 1390 1320 animalia
1409 1266 1549 1320 terribilia
1567 1271 1596 1322 et
1614 1265 1731 1333 ursus,-

132 1352 164 1405 Εἰ
178 1354 363 1419 fumlamaatu
375 1358 456 1409 inuri
464 1355 891 1423 utitattscmuiluptdeprettota
932 1368 1102 1425 quecorpus
1112 1353 1380 1420 habentleoniuurn‚
1391 1355 1475 1424 pedes
1490 1360 1595 1422 autem,
1605 1355 1730 1410 rostruul

96 1446 206 1495 oruata.
218 1442 413 1496 Fundamenta
428 1442 559 1509 ciuitatis,
568 1443 597 1496 id
612 1446 654 1495 est
666 1440 807 1503 Ecelesiee,
824 1447 890 1496 sunt
932 1448 961 1496 e't
975 1443 1045 1508 alas,
1059 1449 1091 1496 ut
1113 1443 1208 1512 aquila
1224 1442 1363 1513 :ideoque
1378 1452 1428 1514 per
1444 1447 1550 1497 terrant
1564 1446 1682 1499 currunt
1696 1444 1730 1499 ut

94 1528 269 1598 patriarches,
281 1520 464 1601 prophetaeet
478 1531 572 1585 ceteri
585 1530 791 1601 predicatores,
805 1534 890 1601 super
931 1531 1037 1591 leones,
1053 1542 1105 1600 per
1118 1546 1184 1584 acra
1197 1531 1294 1585 rolant
1306 1538 1338 1585 ut
1350 1546 1424 1585 ares.
1439 1532 1507 1596 Qus
1526 1531 1621 1586 bestia
1634 1518 1730 1587 cnsta-

95 1625 213 1687 qnoru'm
233 1619 388 1673 doctrinam
415 1619 456 1673 rs'l
478 1620 612 1691 exempla,
631 1622 741 1673 constat
761 1617 891 1673 Ecclesia
931 1619 1014 1672 diunt
1026 1619 1117 1691 ipsam
1132 1620 1236 1673 deserti
1250 1620 1442 1689 regiamet
1455 1621 1730 1700 serrantipsesla‘pl·

93 1707 244 1761 saraatara.
262 1707 329 1771 Qua
343 1708 526 1763 tundamenta
549 1696 627 1761 amni
647 1707 740 1777 lapide
754 1707 888 1778 pretioso,
900 1682 989 1775 Baua,
1007 1714 1062 1763 non
1078 1709 1150 1779 quad
1162 1709 1230 1779 ipsae
1241 1709 1270 1763 in
1283 1701 1362 1763 suam
1380 1725 1428 1763 eos
1441 1712 1605 1764 convertant
1623 1707 1730 1767 utilitas

92 1793 120 1846 id
137 1797 180 1847 est
194 1795 322 1849 onrnibus
344 1796 504 1861 uirtutibus,
520 1797 576 1849 ilde
589 1795 703 1861 scilicet,
720 1810 778 1866 spe,
796 1796 889 1849 ehari-
929 1802 996 1860 tem,
1013 1799 1062 1851 sed
1077 1797 1237 1852 hominibus
1251 1814 1297 1852 eas
1310 1797 1449 1852 unierunt.
1465 1787 1535 1852 Cum
1546 1792 1648 1870 qulbus
1660 1798 1731 1854 sris

91 1884 159 1944 tate,
181 1883 381 1952 hospitalitate,
393 1883 511 1954 jejumo,
529 1883 710 1950 abstinentia,
726 1884 889 1954 ceterisque
930 1887 1032 1957 arnapi,
1058 1887 1184 1941 homines
1208 1902 1296 1942 unum
1319 1887 1431 1941 oculum
1455 1885 1599 1954 habentes,
1621 1882 1727 1961 bellurn

90 1974 156 2023 sunt
170 1976 270 2024 amata
284 1972 420 2026 bonorum
440 1978 554 2027 actuum
569 1971 709 2042 operibus.
727 1972 790 2027 Sive
803 1971 888 2026 etlam
928 1981 1040 2044 gerunt,
1049 1975 1180 2047 ipsosque
1190 1976 1296 2047 lapides
1307 1977 1368 2056 eins
1379 1974 1521 2030 auferunt.
1534 1975 1657 2040 Quaeres
1666 1974 1726 2049 pul*

90 2057 196 2127 lapides
207 2060 344 2128 pretiosos
353 2061 479 2131 intellige
489 2076 587 2115 ornnes
596 2061 753 2115 imitatores
762 2061 884 2123 illorum,
928 2063 1027 2117 chrum
1040 2065 1068 2118 in
1079 2081 1109 2118 se
1119 2064 1245 2118 continet
1253 2063 1419 2135 mysterium
1431 2080 1437 2117 :
1450 2062 1533 2136 Lapis
1545 2064 1593 2136 qui
1614 2060 1727 2136 pesnrtu

89 2146 174 2216 quiin
185 2142 301 2203 aedilicio
316 2148 435 2204 civitatis
443 2136 526 2221 positi
539 2154 614 2217 sunt,
628 2151 775 2221 ipsamque
786 2150 886 2204 civita·
927 2152 1040 2221 ragdua,
1056 2153 1113 2222 qui.
1129 2157 1161 2206 ut
1175 2152 1305 2213 diximus,
1319 2150 1470 2229 nimiaefest
1482 2142 1562 2206 uiridi
1581 2153 1583 2157 ’
1607 2151 1614 2165 ’
1634 2150 1729 2216 ,Oittit

89 2239 146 2288 tem
158 2236 319 2292 moribuset
336 2238 394 2292 rita
408 2243 554 2293 exornant.
566 2239 607 2293 De
623 2240 668 2292 his
677 2233 817 2310 lapidibus
833 2239 887 2293 Do-
928 2243 1003 2293 stum
1014 2241 1164 2310 signiticat,
1176 2241 1223 2311 qui
1239 2256 1342 2311 pascua
1356 2242 1468 2295 merua
1488 2239 1650 2295 reiectionis
1667 2240 1727 2295 snit

89 2324 182 2378 minus
196 2339 246 2396 per
260 2325 425 2398 prophetam
449 2328 518 2381 dicit
529 2347 535 2381 s
548 2329 611 2382 linco
636 2344 682 2395 epo
701 2331 822 2381 sternam
836 2342 887 2396 per
928 2328 1046 2383 daturus
1061 2333 1104 2383 est
1119 2328 1256 2383 fidelibus.
1274 2327 1363 2383 Porro
1376 2329 1520 2383 desertum
1534 2326 1604 2383 illud
1625 2327 1655 2383 in
1670 2340 1729 2401 qua

89 2414 215 2465 arellium
227 2416 328 2482 lapides
341 2420 410 2480 treas,
421 2422 445 2470 et
456 2418 579 2483 standale
591 2420 614 2469 ta
625 2418 655 2469 r'a
667 2416 807 2484 sapphiris
818 2416 884 2486 (isa.
927 2417 1035 2487 lapides
1048 2416 1236 2488 reperiuntur,
1246 2417 1385 2488 signiticat
1397 2417 1483 2472 corda
1496 2418 1668 2493 sanctarum,
1677 2414 1728 2489 qui

86 2506 153 2568 tivi.
171 2501 250 2556 Unde
261 2504 389 2574 sequitur
400 2523 407 2560 ε
419 2505 641 2557 Fundamentum
655 2508 781 2571 priimam
786 2507 885 2572 jaspis.
929 2521 958 2559 se
972 2521 989 2559 a
1004 2506 1252 2576 terrenisethujns
1267 2506 1365 2560 mnndi
1380 2507 1456 2560 curis
1469 2505 1554 2576 longa
1564 2504 1680 2569 iacmnt,
1693 2504 1727 2561 ut

89 2589 142 2650 Qui
156 2590 411 2663 lapis,utsuperius
423 2592 528 2646 dictam
538 2600 590 2658 est,
601 2590 696 2646 viridis
715 2597 758 2646 est
776 2579 885 2658 eoloris,
928 2593 957 2647 in
972 2598 1077 2648 secreta
1088 2595 1179 2648 cordis
1193 2594 1237 2648 sui
1250 2594 1344 2665 quiete
1360 2593 1478 2649 Domina
1492 2593 1596 2648 servire
1606 2592 1726 2666 possint.

89 2681 173 2746 uulua
188 2679 250 2732 ideo
263 2696 321 2736 nan
335 2681 488 2750 incongrue
502 2681 653 2735 Dominum
673 2681 821 2752 signiticat,
838 2682 886 2752 qui
928 2683 1007 2737 Unde
1021 2698 1095 2737 unus
1109 2699 1205 2738 eorum
1227 2683 1295 2738 dicit
1311 2703 1317 2738 :
1333 2684 1398 2739 lices
1412 2686 1538 2752 chnapeus·
1558 2686 1679 2759 [spiens.
1699 2682 1728 2738 ct

91 2758 134 2817 est
147 2766 281 2835 pabulum
293 2774 322 2821 et
335 2769 584 2823 reiectioomnium
598 2770 760 2834 electorum,
774 2771 833 2840 ipsa
844 2774 887 2825 est
928 2774 1022 2825 mansi
1033 2776 1064 2826 tu
1079 2775 1229 2827 solitudine
1245 2772 1326 2840 tPsat.
1344 2779 1406 2839 tiri.
1415 2769 1446 2828 in
1462 2786 1582 2851 quorum
1594 2767 1728 2827 cordibus

90 2853 211 2920 primum
229 2856 442 2910 fundamentum
456 2857 594 2924 Ecclesiae,
610 2859 676 2929 qula
692 2863 722 2913 at
736 2859 886 2929 Apostolus
927 2858 1069 2914 inuenitur
1090 2859 1160 2932 lapis
1182 2859 1359 2935 smaragdus,
1384 2861 1450 2939 quia
1474 2859 1504 2915 in
1527 2858 1596 2932 ipsis
1616 2856 1727 2915 habitui

91 2941 174 2994 dicit:
188 2945 410 2999 Fundamentum
422 2947 504 3000 aliud
520 2960 599 3001 nemo
606 2953 691 3015 potest
701 2963 803 3016 ponere
812 2964 885 3016 pru·
928 2947 1065 3002 Christus.
1081 2949 1135 3003 Sed
1154 2947 1258 3004 adsunt
1270 2950 1402 3021 gryphes,
1420 2949 1448 3003 id
1465 2954 1508 3004 est
1521 2940 1638 3019 maligui
1645 2944 1729 3020 spiris

92 3034 134 3081 tar
147 3032 175 3082 id
189 3035 260 3099 quod
271 3036 393 3101 positum
408 3040 456 3101 est,
477 3036 549 3103 qaod
569 3040 607 3089 est
624 3037 749 3091 Christus
771 3039 849 3090 leura
864 3038 889 3104 (1
895 3035 915 3093 C
928 3040 983 3102 tus,
1000 3037 1048 3108 qui
1060 3036 1206 3115 Christum
1230 3038 1361 3093 nituntur
1382 3036 1482 3093 tallere
1504 3034 1644 3105 fidelibus,
1667 3032 1729 3093 uuit

91 3119 151 3172 tior.
163 3125 215 3187 m).
228 3121 374 3191 Signitlest
383 3136 494 3194 quoque
510 3128 537 3178 et
551 3125 663 3191 electos,
680 3118 800 3195 quorum
816 3126 886 3180 tides
927 3124 1000 3196 quad
1012 3125 1065 3196 ipsi
1077 3142 1142 3180 eum
1155 3124 1287 3190 habeant,
1299 3127 1347 3181 sed
1362 3141 1447 3181 causa
1459 3122 1621 3180 hiridentiae
1636 3119 1729 3180 heau

90 3223 233 3277 nunquam
250 3216 413 3276 marcescet,
429 3211 478 3266 sed
492 3215 604 3284 semper
617 3214 647 3267 in
661 3213 831 3284 operationis
845 3214 886 3267 ri·
926 3213 1008 3268 nibus
1019 3230 1084 3268 enm
1097 3212 1235 3269 auferunt·
1245 3214 1299 3270 Sed
1316 3220 1382 3269 sunt
1397 3212 1537 3287 Arimaspi
1550 3227 1640 3269 nuum
1661 3227 1729 3268 neue

89 3311 152 3349 rore
175 3303 345 3367 perseverat.
366 3301 523 3355 Secundum
543 3303 698 3370 sapphirus.
720 3301 804 3373 Lapis
824 3314 887 3374 sape
927 3303 986 3356 lum
1003 3302 1150 3370 habentes,
1161 3302 1189 3358 id
1213 3311 1256 3358 est
1275 3301 1356 3358 electi
1376 3316 1465 3358 unum
1490 3290 1601 3358 oculum
1622 3300 1728 3357 mestis

88 3386 186 3454 phims
199 3386 228 3440 in
243 3403 295 3440 sua
309 3394 421 3469 natura,
433 3405 612 3471 nequaquam
624 3390 763 3461 pretiosus
774 3398 825 3456 est,
837 3391 886 3446 sed
927 3391 1111 3461 possidentes,
1122 3390 1169 3462 qul
1188 3391 1328 3446 bellantur
1342 3406 1405 3446 curn
1424 3387 1590 3463 gryphibus,
1603 3389 1657 3444 hoe
1671 3388 1723 3457 est

89 3476 116 3527 ln
127 3476 261 3545 mysterio
274 3477 670 3547 raldeprteclsrusinveaitur,
682 3480 886 3550 quiavidelicet
927 3492 989 3534 cum
1003 3481 1134 3550 malignis
1147 3477 1301 3551 spiritibus,
1318 3478 1518 3548 Christumque
1532 3476 1585 3531 sibi
1600 3476 1725 3548 rapiunt,

89 3579 202 3617 aereum
213 3565 334 3619 calorem
342 3566 885 3638 retinet,atqueideosanctossignificat,
926 3568 974 3636 qai
989 3572 1031 3620 est
1055 3568 1126 3636 lapis
1141 3568 1289 3636 pretiosus.
1311 3566 1345 3618 Et
1360 3570 1392 3618 ut
1405 3564 1542 3618 Dominus
1561 3561 1727 3633 designatus

89 3653 137 3722 qui
147 3654 373 3708 roelestiamente
386 3659 496 3726 petunt,
509 3656 633 3710 dieentes
648 3657 712 3710 cuni
726 3657 860 3726 Apostola
877 3674 884 3709 s
926 3654 1061 3731 perhanc
1072 3652 1204 3725 lapidera,
1220 3653 1259 3707 ita
1271 3650 1362 3720 electi,
1374 3651 1726 3723 quarnmtldesnunqttsm

90 3742 188 3794 Nostra
203 3744 370 3797 conuersatio
385 3747 416 3797 r'a
427 3746 498 3798 eatis
510 3748 549 3797 est
564 3743 679 3813 (Philip.
695 3751 746 3809 rut.
762 3744 886 3798 Tertium
927 3741 1166 3795 marcescibilem
1181 3746 1209 3795 et
1223 3739 1276 3812 ipsi
1295 3740 1325 3794 in
1339 3739 1523 3794 fundamento
1533 3738 1664 3795 Ecclesia
1676 3746 1729 3812 pte

89 3832 289 3886 chalcedonius.
307 3831 511 3886 Chalcedonius
532 3831 604 3902 lapis
627 3832 717 3886 multo
740 3836 785 3887 est
807 3830 887 3887 vilior
927 3828 1042 3894 rantur,
1059 3827 1125 3900 quia
1138 3829 1210 3883 alios
1223 3828 1389 3899 etesemplo
1402 3834 1430 3883 et
1442 3825 1569 3882 doctrina
1578 3826 1721 3897 erudiunt,

90 3934 173 3988 quarn
186 3919 334 3991 sapphirus
347 3919 376 3974 in
389 3925 501 3986 natura,
513 3920 600 3975 sedin
616 3919 743 3992 mysticis
757 3920 887 3977 sensibus
926 3922 955 3970 et
968 3916 997 3971 in
1011 3917 1115 3972 Christi
1129 3916 1255 3972 doctrina
1270 3918 1437 3972 confortant·

90 4008 168 4061 valde
180 4008 323 4063 invenitur
336 4011 365 4063 et
381 4008 443 4080 ipsa
466 4010 614 4080 pretiosus.
631 4009 681 4064 list
699 4010 774 4065 enirn
789 4010 884 4066 tortis·
963 4006 1096 4073 Ouinium
1110 4008 1260 4076 sardonyx.
1277 4006 1422 4077 Sardonyx
1436 4004 1624 4078 compositum
1634 4011 1678 4062 est
1689 4016 1725 4062 ax

89 4096 165 4149 simae
180 4103 297 4163 nature,
313 4096 384 4152 adeo
398 4101 430 4151 ut
443 4099 570 4152 omnium
591 4099 778 4172 sculpentium
798 4112 886 4170 argn-
925 4094 1019 4151 sardio
1032 4103 1061 4150 et
1075 4095 1191 4167 onyche.
1213 4094 1294 4169 cujus
1310 4109 1416 4165 genera
1436 4088 1558 4165 plurima
1580 4100 1656 4162 sunt,
1672 4088 1724 4167 seb

89 4184 190 4238 montis
205 4186 318 4241 resistat
334 4202 340 4237 :
354 4191 440 4258 atque
456 4186 520 4241 idco
538 4186 677 4257 signiiloat
698 4193 819 4255 sanctos,
837 4186 886 4259 qui
925 4185 1075 4255 pretiosior
1086 4183 1176 4237 tribas
1203 4181 1343 4237 coloribus
1361 4180 1544 4252 distinguitur
1563 4182 1592 4238 in
1607 4181 1725 4253 modum

88 4272 262 4328 invictissimi
273 4275 422 4329 santlnter
430 4274 641 4346 adrersshujus
651 4275 884 4339 munitissumis
926 4270 1068 4343 unguinis,
1079 4271 1144 4344 quia
1153 4270 1182 4324 in
1192 4269 1343 4325 subteriori
1354 4273 1434 4341 parts
1447 4269 1533 4325 habet
1546 4271 1661 4342 nigrum
1675 4285 1729 4328 aar

89 4377 161 4416 unus
180 4363 246 4416 dicit
263 4383 268 4417 :
287 4366 354 4432 (iuis
377 4378 426 4418 nos
449 4365 616 4434 separabita
632 4365 766 4419 charitate
782 4328 1058 4427 uhrtsthorempn
1068 4359 1162 4415 medio
1171 4358 1401 4425 rubicundum,in
1410 4359 1550 4436 superiori
1559 4358 1725 4432 candidatu·

89 4453 175 4520 (hant.
189 4452 270 4521 rnrhl
282 4454 316 4507 Et
326 4452 546 4508 turumbertus
557 4467 620 4506 sum
631 4455 698 4523 quta
709 4468 881 4520 heqreemars,
925 4450 976 4505 Vel
989 4450 1072 4504 aliter
1087 4466 1094 4502 ε
1109 4449 1229 4521 primam
1244 4452 1353 4520 partem
1369 4445 1455 4503 babet
1468 4448 1589 4520 nigrum,
1599 4450 1723 4506 medient

88 4555 174 4607 neque
188 4544 245 4594 etta
254 4560 263 4602 ,·
283 4557 368 4610 neque
382 4543 487 4610 capeti,
505 4544 534 4595 et
556 4544 665 4605 caetera,
681 4546 812 4609 patarum
836 4558 887 4597 nos
925 4538 1084 4605 candidam,
1095 4539 1225 4609 superius
1236 4537 1363 4601 rubeam,
1374 4535 1537 4606 significans
1544 4536 1722 4612 sanctssimi

87 4639 215 4693 separare
229 4644 246 4681 a
265 4629 399 4684 charitate
413 4627 517 4684 dhristr'
532 4629 642 4699 (iuat.);
654 4628 760 4684 attules
773 4627 844 4684 bene
855 4629 885 4684 in
925 4627 1010 4699 nigri,
1025 4627 1054 4682 id
1076 4634 1119 4682 est
1131 4625 1265 4702 despecti,
1282 4620 1519 4696 contemptibiles,
1533 4632 1561 4681 et
1575 4618 1724 4682 atomis·-

88 4714 270 4771 fundamento
283 4716 637 4782 Ecclestaconstitnnntur,
647 4718 714 4788 quia
723 4717 884 4773 atttsesem-
924 4720 1003 4788 biles,
1013 4719 1150 4783 ridentur,
1163 4718 1211 4772 sed
1222 4723 1316 4771 tarnert
1327 4715 1451 4770 innovati
1462 4709 1731 4786 purgaturum-⁰

87 4804 133 4873 pla
148 4804 321 4860 tortitudinis
334 4805 467 4877 praebent.
483 4804 563 4861 [inde
579 4810 607 4860 et
620 4805 695 4861 idern
709 4807 886 4862 auditoribus
926 4809 972 4876 sti,
988 4824 1100 4881 semper
1112 4807 1260 4878 splendore
1275 4803 1341 4859 ildei
1354 4803 1529 4859 intuuntur
1541 4798 1579 4858 ab
1589 4812 1632 4871 ed,
1647 4812 1680 4862 ut
1696 4806 1723 4863 st

86 4893 145 4946 suis
161 4893 249 4946 uicit:
268 4897 423 4949 imitatores
435 4899 490 4949 mci
501 4899 579 4949 estote
591 4898 664 4949 sicut
681 4900 706 4949 et
719 4908 765 4963 epa
780 4896 886 4950 Christi
925 4897 1078 4952 necessitas
1097 4894 1245 4966 ingruerit,
1260 4895 1346 4947 etiarn
1361 4904 1413 4964 per
1432 4891 1576 4959 charitatis
1596 4894 1727 4963 arquatis

86 4983 113 5050 (i
127 4984 188 5038 dor.
207 4990 275 5049 nir).
293 4979 384 5038 Habet
406 4994 517 5056 quoque
538 4983 612 5038 idem
631 4985 702 5056 lapis
724 4979 883 5039 similitudi·
924 4987 1067 5059 proprium
1080 4983 1246 5054 sangninem
1261 4998 1316 5036 non
1331 4983 1422 5036 solum
1437 4994 1490 5054 pro
1502 4980 1610 5051 anatole,
1624 4987 1728 5054 rerum*

85 5089 150 5127 nem
163 5073 283 5127 lucernae
300 5072 439 5142 pallentis,
456 5078 485 5128 et
503 5072 532 5127 in
547 5073 600 5127 boc
615 5072 803 5128 humilitatem
817 5085 881 5127 san·
924 5075 1008 5130 etiam
1026 5088 1075 5145 pro
1091 5070 1160 5143 ipsis
1170 5070 1290 5125 tundere
1302 5080 1358 5122 nan
1370 5063 1499 5123 metuant
1510 5068 1730 5144 inimicisquarl

87 5168 195 5216 ciarum
215 5160 362 5231 significat,
378 5161 427 5233 qui
446 5158 621 5233 inpraesenti
639 5161 695 5215 vita
715 5161 812 5233 pallidi
837 5162 885 5216 tra·
925 5163 1102 5235 significatur
1115 5176 1166 5233 per
1176 5159 1297 5214 colamur
1310 5156 1440 5212 rabenna.
1457 5156 1528 5211 ilinc
1548 5157 1578 5226 ln
1600 5151 1728 5229 cupitus

86 5249 196 5311 bantur,
221 5251 288 5322 quia
305 5249 510 5320 despiciuntur,
525 5257 745 5305 contemnuntur
767 5257 794 5304 et
812 5250 886 5306 vehit
927 5252 1099 5307 canticorum
1125 5247 1248 5302 Ecclesia
1272 5245 1338 5300 dicit
1355 5244 1466 5300 :licitis
1488 5260 1533 5300 mc
1549 5249 1731 5314 possimis

88 5336 117 5389 in
133 5337 249 5393 nihilum*
264 5344 442 5411 reputantur.
459 5338 591 5394 Attamen
606 5338 659 5412 ipsi
682 5340 800 5394 obseura
823 5340 885 5407 loco
927 5341 1000 5409 quod
1013 5341 1091 5407 pisca
1110 5351 1182 5402 mm,
1199 5337 1267 5404 quia
1285 5335 1448 5387 deuotoruar't
1468 5346 1511 5389 me
1525 5339 1567 5390 sot
1580 5335 1668 5402 (Cant.
1685 5336 1721 5409 tl.

88 5425 326 5499 incensatisque
344 5429 440 5483 lumen
463 5427 587 5483 scientia
605 5435 689 5503 atque
710 5427 819 5484 ardoris
839 5428 886 5498 de·
926 5429 1007 5485 Unda
1022 5426 1125 5482 Paulus
1140 5416 1429 5496 maurmunster
1440 5422 1563 5477 exterior
1573 5420 1659 5489 huma
1671 5428 1721 5482 nd·

89 5508 352 5570 monstrauimus
373 5522 404 5572 et
424 5532 460 5572 ex
478 5531 536 5572 uno
558 5516 669 5572 iliarum
693 5510 888 5581 diminuitis
927 5503 1302 5585 septemplicium
1311 5505 1728 5569 munumarsturttattetir
