3818 6104
143 288 197 348 628
371 256 560 346 naunouls
575 288 820 346 astusastus.
836 290 950 350 salso.
965 290 1045 350 OPP.
1062 290 1155 347 Plus
1169 290 1194 353 1,
1212 318 1245 332 -
1261 288 1451 351 ΟΟΜΜΕΝΤ.
1466 287 1560 344 ulau.
1714 286 1750 349 ttt

144 417 173 472 td
187 417 376 479 astacumine,
387 416 501 486 eoquod
516 415 634 468 nimium
647 413 808 468 sicutacuta
818 414 854 468 ad
868 414 1061 476 deci-Anobis
1079 419 1110 468 in
1123 416 1195 482 [acie
1206 414 1312 469 Christi
1320 416 1394 469 tesu.
1411 411 1488 468 Ordo
1503 415 1548 466 est
1563 428 1570 464 ε
1591 410 1665 466 Deus
1675 413 1713 482 qui
1722 415 1750 470 di·

143 505 261 577 piandos
275 505 413 559 homines
430 505 521 571 Neque
542 504 730 556 adulterantes
755 504 867 556 uerbum
881 505 940 568 net,
982 504 1023 557 xit
1039 504 1119 558 :Fiat
1133 505 1190 569 lux,
1205 519 1268 556 curn
1284 503 1376 558 adhuc
1390 501 1517 556 tenebrae
1540 504 1642 565 esseut,
1661 505 1688 555 ct
1700 502 1748 560 lucta

144 595 217 650 sicut
228 593 452 665 pseudoapostoli
466 591 656 654 multimodis,
672 592 717 644 scd
736 594 766 644 in
781 593 943 659 inariisesta-
983 588 1094 660 estius,
1111 593 1203 647 illuxit
1214 591 1345 646 cordibus
1357 591 1462 646 nostris
1488 590 1585 644 lumen
1609 589 1670 644 fidei
1684 596 1704 646 et
1713 593 1748 647 lo·

145 689 217 739 tione
231 686 364 746 raritatis,
378 681 511 735 subaudis
534 680 718 751 praedicamus
742 680 856 734 verbum
878 681 939 744 Dei,
983 681 1331 741 ctrinaeinlacicChristi,
1347 681 1433 735 idest
1453 681 1484 735 in
1512 680 1749 752 praesentiebant

143 789 200 828 non
214 772 306 826 fucato
321 785 460 835 sermone,
475 784 567 839 neque
581 768 785 838 philosophico,
809 770 857 823 sed
872 770 941 823 sim·
982 770 1216 841 perpraesentiam
1226 770 1331 825 Christi
1342 768 1377 824 ad
1387 769 1624 825 illuminationem
1633 769 1747 825 etdenon·

142 860 218 932 plici,
233 865 267 914 ut
280 859 420 928 simplices
432 857 537 928 quiquo
550 857 659 927 possint
678 856 747 911 illud
766 857 939 928 intelligere;
982 859 1148 913 strationem
1163 858 1287 914 scientim
1297 858 1453 913 divinitatis
1461 875 1528 914 sure.
1543 858 1596 912 Per
1604 859 1746 928 prumalem

142 951 362 1004 commendantes
377 947 599 1013 nosmetipsosad
617 961 725 998 omium
744 949 940 1000 conscientiam
981 963 1048 1017 ergo
1058 947 1164 1001 Christi
1179 948 1359 1003 manifestata
1372 954 1416 1003 est
1429 947 1555 1019 cognitio
1567 946 1616 1001 Dei
1634 946 1745 1001 Patrisat·

140 1039 299 1101 bominum,
311 1036 393 1090 idest
407 1033 562 1089 laudabiles
576 1049 628 1087 nos
640 1032 773 1087 iacientes
791 1033 826 1087 ad
842 1050 940 1088 omnes
981 1052 1035 1106 que
1048 1036 1138 1090 totius
1147 1034 1303 1104 Trinitatis,
1320 1037 1465 1108 sicutipse
1480 1035 1610 1090 Christus
1622 1033 1695 1088 dixit:
1708 1037 1745 1089 ls-

141 1127 270 1182 homincs
282 1130 379 1179 sancte
400 1122 527 1185 vivendo,
544 1121 615 1176 bene
636 1121 829 1192 praedicando,
844 1137 939 1177 caram
981 1131 1031 1191 ter,
1040 1125 1220 1192 manifestari
1235 1142 1336 1180 nomen
1350 1131 1431 1179 tuum
1445 1125 1606 1180 hontinibus
1616 1139 1675 1192 quos
1689 1124 1746 1177 att

140 1220 201 1280 Deo,
211 1215 240 1270 id
251 1220 302 1280 est,
312 1211 617 1284 inpraesentiaDei,cui
626 1212 719 1281 placet
728 1210 800 1280 quod
807 1211 934 1280 agimus:
978 1218 1016 1267 sti
1031 1214 1103 1267 mibi
1117 1214 1208 1282 (loon.
1225 1216 1290 1280 xvv),
1305 1229 1362 1268 non
1373 1213 1443 1269 illud
1458 1228 1514 1284 quo
1521 1212 1597 1266 Deus
1609 1211 1745 1275 diceris,sed

140 1307 183 1360 vel
197 1321 291 1360 coram
307 1303 376 1366 Deo,
393 1301 459 1372 quia
474 1298 596 1355 sicutab
623 1300 671 1354 illo
695 1298 775 1354 nobis
789 1299 883 1366 datur,
897 1300 936 1355 ita
978 1303 1255 1373 quoPatervocaris.
1425 1374 1427 1378 Α

138 1394 325 1466 praedicamus
336 1391 365 1445 in
381 1390 531 1461 praesentia
548 1389 723 1459 illiusquam
744 1388 936 1458 cognoscimus
1011 1392 1149 1446 Habemus
1167 1397 1260 1445 autem
1277 1392 1439 1445 thesaurum
1453 1393 1542 1445 istum
1560 1391 1746 1456 incrustanti-

139 1482 219 1537 nobis
240 1482 338 1536 adesse
365 1485 530 1551 praesentem
547 1497 553 1531 :
570 1484 681 1549 poterat
700 1478 803 1548 aliquis
831 1478 934 1544 dicere,
978 1483 1037 1545 biis,
1052 1481 1217 1535 thesaurum
1232 1479 1394 1534 hicdicitur
1413 1481 1530 1534 thecuat
1551 1478 1678 1551 repositio
1693 1479 1747 1535 aud.

139 1572 279 1644 quomodo
294 1569 451 1641 praedicatis
466 1569 494 1622 in
509 1566 744 1633 manifestatione,
761 1584 825 1622 cum
839 1584 936 1623 omnes
976 1569 1151 1623 Thesaurum
1162 1574 1256 1623 autem
1276 1569 1400 1640 appellat
1422 1567 1575 1639 Apostolus
1595 1568 1646 1622 isto
1666 1566 1692 1620 in
1703 1567 1747 1621 loeo

137 1677 194 1715 non
204 1660 363 1728 intelligant
374 1673 435 1728 quae
448 1655 539 1711 dicitis
562 1672 653 1726 neque
667 1656 807 1710 credantl
821 1658 863 1710 Ad
878 1657 936 1711 hac
976 1663 1184 1712 sacramentum
1198 1658 1366 1728 cognitionis
1385 1661 1489 1712 sanctae
1502 1656 1655 1720 Trinitatis,
1669 1663 1694 1711 et
1705 1673 1747 1727 up·

136 1747 284 1820 subjunxit
295 1746 467 1816 Apostolus:
498 1747 503 1752 ’
722 1740 726 1747 ’
940 1726 1092 1800 Bsterium
1102 1746 1371 1802 incamatiouisFilii
1382 1746 1536 1818 Dei1quia,
1548 1746 1747 1801 sicutthesaums

172 1837 283 1903 Quodsi
296 1838 421 1902 opertum
439 1839 475 1887 est
486 1835 668 1900 litianpetium
683 1838 821 1897 nostrum,
837 1833 934 1900 idest,
976 1835 1004 1888 in
1018 1836 1125 1890 occulto
1138 1841 1282 1891 etsacreto
1302 1836 1418 1906 ponitur
1436 1836 1507 1902 loeo,
1524 1835 1567 1890 ita
1585 1835 1657 1892 istud
1669 1840 1748 1908 mysia

134 1924 158 1978 si
173 1925 300 1978 clausum
316 1928 358 1976 est
373 1926 401 1976 ct
413 1921 562 1976 obscurum
578 1925 610 1974 ut
633 1937 689 1975 non
704 1921 889 1991 intelligatur,
903 1925 936 1977 in
976 1923 1051 1977 rium
1068 1923 1096 1976 in
1110 1923 1239 1979 cordibus
1253 1924 1367 1978 illorum
1386 1924 1645 1980 eratreconditum.
1655 1925 1747 1979 imai

135 2015 178 2068 liis
190 2016 241 2082 qui
253 2016 380 2081 pereunt,
397 2015 434 2064 est
446 2016 569 2078 opertum
582 2027 591 2072 ;
606 2009 686 2080 quasi
701 2009 777 2064 dicat
791 2029 796 2063 :
822 2011 873 2065 llis
887 2011 936 2081 qni
977 2011 1140 2065 otiliavocat
1153 2027 1270 2082 corpora
1277 2010 1399 2081 fragilia,
1413 2028 1476 2082 qnae
1488 2029 1521 2067 ex
1529 2011 1598 2066 limo
1612 2013 1745 2068 terrefacti

134 2108 255 2173 pereunt
266 2102 295 2155 in
308 2099 485 2167 infidelitate,
500 2099 555 2152 illis
566 2104 610 2152 est
633 2104 773 2169 opertum,
794 2099 861 2169 quia
879 2115 935 2154 non
976 2104 1053 2163 sunt,
1065 2105 1094 2154 et
1103 2100 1186 2153 variis
1198 2100 1375 2171 passionibus
1395 2106 1424 2155 et
1442 2101 1655 2156 infirmitatibus
1678 2100 1744 2171 subia-

134 2189 290 2260 inspiratur
300 2188 340 2241 eis
354 2205 371 2241 a
386 2187 493 2258 Spiritu
517 2191 624 2250 sancto,
648 2203 739 2257 neque
763 2187 861 2241 volunt
874 2204 935 2242 cre·
977 2193 1049 2252 cent,
1059 2188 1137 2252 lami,
1149 2188 1518 2260 siti,nuditati,caeterisque
1532 2189 1654 2258 talibus;
1671 2195 1698 2243 ut
1711 2205 1743 2242 su·

135 2278 221 2331 dere:
240 2275 398 2331 volentibus
420 2279 515 2329 autem
532 2275 655 2341 credere,
678 2275 859 2330 manifestum
880 2283 932 2332 est.
977 2279 1098 2332 blimitas
1112 2281 1148 2331 sit
1163 2280 1276 2331 uirtutis
1291 2279 1340 2332 nei
1352 2277 1382 2331 in
1394 2279 1481 2343 nobis,
1497 2283 1522 2332 et
1536 2294 1633 2333 nones
1645 2275 1743 2339 noluit

133 2365 294 2420 Audiebant
303 2364 440 2436 siquidem
449 2380 546 2418 omnes
555 2363 782 2434 pradicationem
793 2366 935 2436 apostolo·
975 2371 1027 2430 est,
1043 2371 1076 2420 nt
1084 2366 1204 2420 altitudo
1217 2365 1331 2420 virtutis
1345 2366 1397 2422 Dei
1417 2366 1605 2422 annuntietur
1615 2383 1663 2438 per
1673 2369 1743 2421 nasa

133 2472 208 2520 rum,
220 2455 269 2508 sed
277 2454 331 2507 illis
342 2452 390 2524 qui
399 2452 529 2507 volabant
537 2454 661 2516 eredere,
674 2452 908 2508 manifestabatur
923 2473 932 2508 .·
975 2460 1119 2525 appareat,
1130 2455 1263 2526 quianon
1275 2460 1319 2509 cst
1335 2471 1367 2509 cx
1378 2453 1469 2520 nobis,
1487 2471 1581 2527 neque
1594 2456 1643 2511 illa
1662 2455 1742 2527 sapies·

134 2545 189 2599 illis
203 2560 268 2598 voro
283 2541 374 2613 quiin
390 2540 556 2596 infidelitate
576 2541 790 2613 permanebant,
806 2542 933 2596 occulta·
974 2542 1024 2606 tia,
1034 2559 1126 2613 neque
1135 2542 1222 2597 virtus
1235 2543 1448 2604 miraculorum,
1458 2543 1508 2598 sed
1520 2561 1555 2598 ex
1569 2544 1635 2608 Deo,
1645 2560 1698 2615 qua
1708 2557 1742 2613 per

131 2631 225 2686 batur.
975 2647 1026 2685 nos
1040 2637 1134 2685 tannen
1150 2631 1340 2700 ministratur,
1359 2647 1392 2685 ac
1415 2631 1439 2685 si
1459 2631 1569 2687 diceret
1582 2632 1643 2687 aliis
1655 2630 1739 2685 verbim

167 2720 310 2788 lnquibas
324 2720 392 2773 Deus
405 2720 490 2787 lituras
502 2720 597 2772 secuti
615 2720 755 2772 recurarit
775 2724 876 2772 mentes
890 2720 933 2772 in·
974 2719 1149 2774 'thesaurum
1163 2719 1262 2790 gratim
1280 2719 1415 2790 spiritalis
1438 2721 1513 2791 qnod
1537 2720 1740 2792 predicamusct

130 2812 266 2878 fidetium.
282 2808 403 2872 Quidam
417 2807 624 2871 haereficorum,
636 2813 665 2860 et
678 2806 812 2869 Marcion,
829 2807 933 2877 aliique
975 2808 1049 2877 quod
1068 2808 1149 2878 signa
1158 2807 1358 2862 miraculorum
1374 2808 1493 2863 lecimus
1507 2809 1538 2863 in
1552 2825 1664 2880 corpore
1673 2805 1738 2877 tegili

131 2898 360 2971 pseudoapostoli
379 2898 455 2952 hunc.
484 2913 596 2951 versum
619 2895 694 2949 male
714 2895 930 2967 distinguentes,
974 2895 1142 2965 bajulamus,
1160 2901 1189 2950 et
1203 2897 1276 2967 quod
1291 2897 1377 2951 etiam
1390 2897 1556 2968 frequenter
1570 2898 1636 2953 dum
1649 2898 1738 2952 aliossa

129 2989 220 3042 Deum
235 2988 321 3056 hujus
335 2987 427 3041 saeculi
439 2986 569 3041 dicebant
582 3001 643 3040 esse
658 2986 829 3055 appellatum
842 2985 870 3039 in
878 2985 932 3039 hoc
973 3000 1074 3038 namus
1088 2985 1142 3055 ipsi
1156 2985 1344 3052 infirmamur,
1365 2984 1545 3055 subjacentes
1565 2986 1642 3052 lami,
1659 2985 1736 3048 sitin

128 3077 190 3130 loco
206 3075 362 3144 diabolum,
374 3077 409 3129 de
424 3092 479 3144 quo
498 3076 601 3129 dicitur
617 3089 622 3123 :
639 3076 737 3129 Omnes
749 3078 792 3129 dli
805 3078 930 3142 pentium
942 3041 963 3099 C
973 3072 1183 3144 quodsaeimus,
1194 3089 1249 3128 non
1259 3079 1356 3128 nostra
1367 3074 1531 3139 virtute,vel
1541 3071 1735 3135 nostrismeritit,

129 3166 266 3218 musonio
277 3165 442 3231 (Psal.xcvt;
453 3163 517 3217 licet
532 3163 607 3216 enim
621 3162 660 3216 dii
669 3163 857 3233 appellantur,
874 3179 930 3218 non
971 3162 1019 3216 sed
1039 3161 1197 3217 sublimitas
1206 3163 1339 3233 potentiae
1353 3162 1404 3217 Dei
1419 3179 1481 3217 csse
1495 3163 1689 3234 intelligantur.

130 3252 252 3308 suntdii.
265 3250 310 3305 Ita
320 3267 386 3320 ergo
397 3256 440 3304 est
452 3250 678 3321 distinguendus,
698 3256 730 3305 ut
745 3252 867 3322 primum
887 3251 930 3306 di·
1006 3253 1176 3306 lnomnibus
1192 3251 1283 3305 modis
1292 3256 1321 3305 et
1331 3250 1399 3306 locis
1410 3253 1622 3307 tribulationem
1632 3252 1736 3306 diventa
1780 3292 1782 3313 ,

129 3346 220 3396 catur.
233 3338 383 3409 lnquibus,
396 3338 476 3393 idest
489 3339 519 3392 iu
533 3339 590 3392 illis
604 3339 650 3409 qui
663 3345 792 3409 pereunt,
801 3341 874 3394 Dacis
886 3358 931 3395 ve-
969 3342 1109 3407 patimur,
1122 3341 1457 3407 sednonanpustiamur:
1473 3339 1502 3394 id
1517 3346 1571 3410 est,
1585 3337 1737 3396 licettnbule

129 3446 197 3484 rus:
215 3434 244 3483 ct
258 3427 359 3482 deinde
372 3427 456 3494 inira,
481 3428 629 3482 excaecavit
644 3434 752 3482 mentes
774 3428 929 3483 infidelium
970 3428 1060 3482 tiones
1075 3433 1104 3482 et
1117 3427 1262 3498 angustias
1276 3427 1477 3496 sustineamus,
1484 3435 1583 3485 tamen
1591 3430 1735 3486 nonitacon·

129 3520 215 3590 hujus
230 3517 334 3579 saculi,
348 3533 412 3572 cum
428 3533 485 3571 non
508 3515 687 3581 illuminavit,
702 3516 776 3571 sicut
790 3517 930 3572 induravit
970 3514 1136 3584 stringimur
1158 3514 1215 3569 sive
1243 3515 1449 3585 angustiamur,
1467 3523 1500 3572 ut
1526 3518 1657 3573 cedamus
1667 3517 1736 3570 toas

131 3624 180 3663 cor
194 3606 349 3662 Pharaonis
364 3622 427 3660 cum
451 3622 508 3659 non
536 3605 680 3667 emollivit,
698 3611 728 3658 ut
755 3622 808 3659 non
824 3607 929 3673 sulpeat
971 3603 1177 3675 praedicatione,
1187 3608 1216 3657 et
1225 3619 1397 3658 cessemusa
1417 3611 1516 3660 nostro
1527 3607 1672 3679 proposito.
1683 3605 1736 3670 lpa-
1769 3660 1774 3670 ,

130 3699 304 3752 illuminatio
320 3697 464 3763 Ecanpelit
474 3695 501 3748 in
515 3697 580 3758 illis,
594 3693 621 3746 id
635 3698 678 3747 est
688 3693 757 3747 lidcs
767 3693 928 3748 etdoctrina
970 3696 1094 3756 riamur,
1111 3692 1138 3746 id
1153 3697 1197 3746 est
1207 3692 1401 3761 conjiciamur,
1415 3699 1445 3748 et
1465 3694 1635 3768 improperia
1645 3691 1739 3749 suamc·

129 3784 272 3855 Evangelii
281 3789 309 3838 ct
317 3784 408 3854 gloria
425 3783 539 3837 Christi.
551 3782 629 3846 Quod
643 3783 823 3852 Evangelium
838 3783 929 3852 gloria
969 3798 1043 3840 mus,
1056 3780 1098 3835 vel
1108 3780 1181 3852 quod
1190 3780 1351 3847 meliusest,
1364 3781 1443 3852 quasi
1452 3799 1593 3854 pauperes
1603 3781 1739 3854 abjicimuri

130 3874 237 3929 Christi
251 3879 302 3938 est,
320 3874 386 3943 quia
398 3871 436 3925 ibi
450 3876 604 3925 narrantur
619 3871 750 3925 nativitas
765 3872 826 3940 ejus
835 3871 930 3926 diviua
970 3872 1078 3924 sednon
1088 3871 1279 3926 destituimur,
1286 3868 1373 3935 idest,
1384 3886 1439 3925 non
1446 3868 1740 3944 derelinquentium

129 3964 300 4020 othumana,
311 3960 619 4021 virtusmiraculorum,
637 3960 740 4031 passio,
748 3959 926 4027 resurrectio,
970 3958 1018 4012 sod
1029 3957 1127 4029 positis
1142 3957 1171 4012 in
1187 3963 1354 4028 paupertate
1368 3964 1397 4013 et
1420 3957 1525 4031 inopia,
1537 3961 1617 4016 adest
1627 3957 1693 4015 nobis
1703 3966 1743 4027 μ’

129 4052 255 4106 ascensio
266 4051 301 4105 ad
310 4051 403 4114 coelos,
416 4047 552 4102 adventus
561 4047 747 4116 adjudicium,
770 4051 828 4116 qni,
850 4047 929 4101 Chri·
969 4046 1117 4101 storDeua
1154 4049 1240 4116 Apros
1265 4045 1363 4101 Graeco
1391 4047 1528 4103 vocabulo
1548 4048 1644 4104 mons
1659 4044 1744 4102 lictus

130 4147 201 4203 stus,
211 4144 303 4205 iiiiaaa
319 4143 356 4190 est
365 4139 412 4191 llei
432 4135 535 4197 Patris,
547 4136 575 4190 id
588 4136 740 4190 estsimilis
754 4135 781 4190 ei
795 4135 823 4190 in
838 4136 926 4190 omni·
969 4151 1084 4206 pauper,
1096 4135 1160 4189 inde
1170 4135 1308 4207 aporiare,
1333 4136 1447 4208 proprie
1457 4137 1540 4208 quasi
1549 4151 1689 4211 pauperem
1699 4129 1745 4187 ab·

129 4226 183 4281 bus
194 4225 347 4280 secundum
362 4223 547 4278 divinitatem.
964 4225 1060 4294 jicerc.

166 4313 314 4367 Nouenim
337 4313 514 4377 nosmetipsos
534 4311 829 4374 dicamussatlesum
844 4311 958 4411 Chri·D
1001 4312 1114 4382 Semper
1136 4316 1381 4382 mortificationem
1403 4317 1522 4370 lesuin
1543 4331 1650 4386 cor-pore
1669 4314 1749 4370 naal?⁰

130 4401 360 4455 stumllominam
369 4402 506 4460 nostrum,
518 4397 545 4451 id
554 4403 605 4458 est,
621 4414 677 4453 non
698 4400 848 4470 quaerimus
864 4417 927 4455 nos·
967 4405 1202 4470 circumferentes,
1214 4403 1433 4475 siveportantcs.
1446 4403 1541 4468 idest,
1553 4403 1752 4478 sempersumss‘

130 4496 203 4546 tram
213 4489 335 4550 landem,
353 4503 409 4542 non
427 4486 504 4540 lucra
514 4487 689 4557 temporalia,
702 4487 751 4541 sed
765 4489 884 4558 gloriam
898 4495 928 4544 et
967 4489 1170 4545 mortificantes
1186 4492 1314 4546 membra
1327 4497 1424 4547 nostra
1433 4509 1498 4547 cnm
1512 4493 1589 4549 vitiis
1598 4499 1627 4549 et
1639 4480 1756 4561 mnmpi‘

130 4581 266 4634 honorem
277 4577 381 4632 Christi
396 4575 581 4647 predicamus
595 4580 623 4630 et
638 4575 799 4644 quaerimus,
809 4582 877 4631 etut
891 4576 926 4631 ab
967 4579 1089 4643 scentiis,
1102 4584 1133 4633 ut
1148 4583 1240 4634 atrita
1252 4582 1327 4642 lesu,
1336 4579 1462 4652 qnaipse
1482 4581 1568 4637 modo
1578 4581 1758 4637 vivitimmor'

129 4671 177 4726 illo
191 4683 414 4725 remuneremur.
431 4665 482 4720 llle
498 4664 573 4719 enim
587 4663 708 4735 scipsum
723 4664 864 4735 praelicat,
880 4667 928 4737 qui
969 4668 1035 4722 talis
1049 4670 1081 4721 in
1091 4670 1250 4736 corporibus
1260 4672 1363 4723 nostris
1376 4672 1574 4738 manifestetur
1587 4672 1762 4743 magona?

130 4761 235 4815 aculto
261 4773 391 4813 sermone
417 4755 551 4826 loquitur,
568 4759 596 4807 et
617 4753 764 4809 veritatem
784 4754 928 4825 Evangelii
968 4756 1275 4824 lemresnrreetionem,
1286 4757 1370 4812 aliter
1378 4757 1508 4814 Christus
1520 4759 1594 4815 cut
1602 4757 1714 4832 pascitur
1726 4741 1764 4801 ff

103 4864 107 4870 ·
131 4849 231 4919 quaerit
244 4849 347 4914 lucare,
363 4851 396 4901 ut
424 4843 591 4917 predicetur
614 4843 673 4913 ipsa
699 4843 810 4913 sapiens
825 4860 885 4899 esse
900 4849 929 4899 et
968 4845 1091 4900 vescitur
1106 4845 1135 4900 in
1159 4845 1228 4911 suis,
1256 4845 1416 4901 sicutdicet
1438 4847 1559 4904 electis:
1580 4832 1771 4915 Quandiuh'fl.

129 4936 269 4998 laudetur,
281 4941 309 4990 ct
318 4936 366 5007 qui
377 4934 470 5006 potius
479 4949 529 5004 pro
541 4931 627 4986 lucris
641 4932 844 5003 temporalibus
856 4949 929 5005 prae·
968 4934 1092 4989 minimis
1104 4935 1175 4990 meis
1187 4934 1302 5002 lecistis,
1317 4934 1385 4992 mihi
1399 4935 1506 4992 lecistis
1520 4938 1630 5003 (ldattlt.
1640 4939 1706 4999 mi.
1715 4925 1770 4986 3⁶

131 5022 262 5076 dicationi
273 5023 388 5087 insistit,
406 5039 491 5093 quam
506 5039 556 5093 pro
569 5021 627 5075 vita
641 5026 759 5078 aeterna.
968 5024 1104 5079 occiditur
1115 5029 1144 5079 ct
1159 5023 1440 5097 mortificaturatane
1452 5025 1614 5097 flagellatur
1626 5031 1654 5081 at
1669 5024 1775 5096 Μ

152 5137 154 5140 >
166 5112 303 5177 Quoniam
316 5113 386 5164 Deus
409 5114 459 5178 qut
485 5113 566 5177 dicit,
582 5110 717 5165 subaudis
735 5110 764 5165 in
789 5110 925 5184 principio
968 5113 1066 5184 quitur
1077 5113 1107 5167 in
1120 5113 1188 5168 suis.
1199 5114 1299 5168 Nonne
1310 5113 1337 5168 iu
1349 5114 1493 5186 Stephano
1504 5113 1717 5186 persequebatur
1734 5090 1779 5151 ὁ

130 5197 334 5261 creaturarum,
344 5198 376 5251 de
385 5199 502 5250 tenebris
518 5202 605 5254 lucem
623 5190 813 5268 splendescere,
831 5201 925 5255 dicens
966 5199 1155 5270 lapidabatur,
1181 5202 1293 5271 quando
1308 5200 1399 5256 dicit:
1422 5202 1517 5265 Saule,
1532 5202 1627 5267 Saule,
1640 5199 1702 5271 auid
1715 5186 1782 5249 θ’

129 5305 193 5345 cnm
208 5284 427 5340 adhuctencbrae
439 5293 531 5339 essent
548 5287 738 5357 superlaciem
748 5287 852 5359 abyssi,
864 5289 925 5341 Fiat
962 5291 1153 5356 persequeris?
1165 5290 1235 5355 (Aet.
1247 5294 1296 5352 rxt.
1309 5288 1356 5343 Sic
1374 5290 1445 5345 dixit
1461 5289 1548 5345 etiam
1564 5291 1662 5346 Petro:
1674 5268 1782 5342 lecffl

128 5385 189 5441 liic,
206 5382 230 5431 et
240 5378 314 5442 lacta
324 5380 360 5427 est
372 5375 421 5427 lau
440 5373 513 5429 (Gerr.
534 5376 563 5438 rt,
579 5378 634 5442 ipse
648 5379 744 5431 illusit
758 5378 924 5430 incordibus
965 5377 1082 5430 Romam
1110 5376 1212 5431 iterum
1243 5377 1369 5448 cruciligi
1397 5378 1426 5432 in
1453 5385 1492 5434 ta.
1516 5380 1643 5451 Semper,
1661 5355 1782 5448 inqa‘ti

128 5470 241 5531 nostris,
257 5465 351 5518 lumen
363 5461 427 5515 tidei
442 5466 471 5515 et
491 5461 632 5525 doctrinae,
645 5465 692 5533 qui
706 5466 828 5520 tenebra
839 5470 923 5519 antea
963 5465 1211 5519 mortificationem
1222 5466 1288 5520 iesu
1303 5464 1332 5519 in
1348 5482 1464 5537 corpore
1474 5472 1573 5522 nostro
1597 5483 1691 5523 snmus
1704 5453 1782 5519 ὁ]

142 5555 293 5628 samusart
303 5553 540 5607 illuminationem
549 5552 667 5605 scientie
676 5555 815 5609 ctoritatis
827 5555 876 5609 liei
889 5554 920 5610 in
961 5553 1149 5611 cumlerentes
1158 5553 1217 5610 sive
1226 5553 1419 5628 ponmtesnct
1430 5559 1474 5612 est
1484 5570 1599 5629 semper
1610 5548 1782 5613 monii&
