3818 6104
297 278 637 339 emesinorneee.
656 283 684 338 s.
700 272 1235 339 eaunr.-1nee1sr.mnnnn.
1538 266 1594 339 en

109 422 141 463 un
155 409 249 462 Aaron
264 408 364 463 melius
378 413 462 469 esset,
478 408 531 461 sub
550 421 606 478 quo
632 404 858 478 populushbus,
874 407 1083 464 indiscretione
1095 409 1232 474 ciborum,
1247 408 1357 462 dierum
1370 422 1402 461 ac
1423 404 1592 478 tempoiuul,

109 495 217 566 ilegem
228 495 379 566 accepitsi
387 504 481 549 nutem
491 496 678 550 sacerdotium
689 495 758 565 legis
797 494 894 549 dicens
905 514 911 548 :
929 495 1014 552 Mane
1029 506 1107 551 extre
1120 496 1288 561 castratam
1301 484 1403 567 eorpui
1415 502 1495 549 tuum
1508 513 1514 548 ε
1527 495 1596 549 oller

109 600 128 639 n
150 591 194 638 est
216 585 252 637 ad
275 585 418 638 Christum
449 585 603 638 secundum
629 584 756 637 ordinem
797 584 849 638 hoc
865 585 906 638 vel
921 585 999 648 illud,
1016 586 1125 641 abstine
1140 585 1231 640 abhis
1244 585 1323 648 cibis,
1335 584 1597 639 obserreistatem·

109 672 169 740 ech,
185 689 298 728 necesse
311 680 355 727 est
368 680 401 726 ut
415 680 445 727 et
456 673 679 743 legisti-eustatio
694 674 754 729 list.
796 688 875 741 porc,
892 678 1048 745 ceteraque
1064 675 1107 728 his
1125 674 1238 739 similla,
1253 689 1314 745 quae
1335 673 1430 727 omnia
1454 674 1545 727 morte
1566 671 1598 725 tl-

109 761 183 832 ,lege
194 761 285 833 Moysi
300 778 413 816 necesse
429 768 472 815 est
481 762 601 816 transire
614 762 651 816 ad
664 761 755 831 legem
798 761 902 815 niendn
916 768 1016 830 ernnt3
1030 760 1135 817 Christi
1149 767 1243 817 autem
1256 754 1445 816 sacerdotium
1468 759 1595 830 spiritale

109 850 226 920 ‚Neque
241 851 317 904 enim
330 856 422 920 potest
439 850 569 904 sacerdos
583 850 643 903 sine
656 851 718 920 lege
728 856 757 903 et
798 858 849 912 est,
867 855 895 902 et
909 849 1063 905 secundum
1080 851 1213 905 virtutem
1230 851 1294 904 sitae
1317 848 1484 913 insolubilis,
1500 848 1529 902 id
1553 852 1597 902 est

109 939 388 993 mentoesseetsine
402 938 757 1010 praeceptis.Summisnisi-
797 937 952 991 secundum
966 939 1122 1009 potentiam
1138 938 1201 994 vitae
1223 934 1419 998 indeficientis,
1434 953 1495 1007 quse
1518 936 1596 990 nullo

109 1025 179 1081 nbat
201 1027 354 1097 Apostolus
369 1034 401 1080 ut
424 1042 441 1079 a
459 1027 521 1096 lege
542 1026 633 1098 Moysi
652 1026 758 1081 iaceret
797 1025 1002 1081 interveniente
1015 1027 1115 1080 mortis
1129 1034 1206 1081 metu
1217 1027 1287 1081 solvi
1301 1017 1596 1097 poteritllebeteniih

109 1129 136 1169 re
163 1115 199 1169 ad
221 1115 312 1184 legem
338 1114 524 1184 Evangelii,a
543 1113 702 1169 carnalibus
719 1114 754 1167 nd
797 1115 924 1171 Christus
937 1116 1011 1169 inire
1030 1116 1115 1169 eitum
1126 1116 1315 1181 insolubilem,
1330 1116 1397 1187 quia
1412 1115 1539 1186 quamvls
1560 1110 1596 1169 ed

109 1224 123 1261 ι.
797 1209 909 1275 tempus
924 1211 1053 1259 mortuns
1063 1210 1138 1259 esset
1150 1205 1181 1258 in
1192 1212 1383 1268 cernensium
1398 1205 1467 1258 vivit
1477 1204 1508 1258 in
1517 1206 1596 1258 aeter·

109 1296 174 1347 enim
189 1294 244 1346 hsc
263 1294 409 1357 dicuntur,
422 1294 454 1345 de
473 1293 533 1345 oh'u
559 1295 635 1346 tribu
659 1299 709 1355 est,
721 1295 753 1346 de
795 1308 862 1346 rrum
879 1290 1037 1359 divinitate,
1052 1298 1081 1347 et
1109 1294 1225 1364 insuper
1239 1290 1429 1357 humanitate;
1446 1294 1596 1364 postquam

109 1383 218 1435 scituri
230 1387 328 1449 preste
343 1383 409 1447 suit.
426 1382 608 1447 Manifestum
622 1388 661 1434 est
675 1386 752 1435 enim
793 1382 882 1436 victor
895 1397 913 1435 a
927 1381 1046 1439 mortuis
1061 1383 1224 1445 resurrexit,
1241 1382 1316 1435 unde
1336 1374 1412 1436 Dens
1425 1383 1509 1435 Peter
1527 1388 1596 1436 cod-

109 1469 163 1522 rdcr
173 1475 250 1523 ortus
260 1472 295 1522 sit
304 1470 439 1522 herloinus
450 1474 549 1533 noster,
562 1472 591 1522 in
601 1486 657 1537 qrtc
677 1470 751 1523 trihu
793 1474 916 1524 testatur
929 1472 1136 1541 §urendomuiu
1152 1471 1326 1536 vivit,dicens
1340 1484 1391 1542 per
1404 1470 1593 1524 Psalmistani':

109 1558 272 1611 scerdoh'hus
286 1558 388 1625 rtloyses
400 1561 505 1610 torretes
514 1558 597 1611 estln
609 1572 665 1627 quo
677 1558 752 1611 enirn
792 1558 834 1612 'l'u
844 1575 875 1612 es
888 1558 1019 1613 sacerdos
1034 1559 1064 1613 in
1077 1566 1225 1614 aeternum.

110 1644 233 1705 icuntur,
249 1645 277 1698 iel
291 1651 342 1709 est,
359 1646 394 1699 de
409 1660 463 1716 quo
474 1645 520 1698 hic
531 1645 751 1716 dicuntur,quod
829 1648 1106 1715 depromtioqutdem
1117 1650 1148 1715 ytt
1160 1648 1337 1715 precedentis
1349 1647 1544 1714 mundeti,hoc
1554 1650 1598 1702 est

109 1748 140 1789 os
155 1733 184 1786 in
196 1739 342 1796 eternum,
359 1733 509 1787 Dominum
525 1733 686 1801 significans
694 1734 783 1804 Sal-'13
793 1733 862 1803 legis
875 1734 962 1805 Moysi
972 1741 1083 1803 propter
1093 1738 1351 1803 tattrrnit-otnnp'ur
1361 1740 1385 1789 et
1398 1736 1595 1790 s‘nntttitctetm

109 1822 141 1876 de
154 1822 210 1875 alia
221 1821 296 1874 tribu
305 1829 356 1885 est,
373 1838 457 1890 quam
472 1823 649 1882 sacerdotali,
665 1823 756 1876 deilla
797 1823 995 1876 infirmitatem
1010 1821 1107 1893 utique
1123 1823 1152 1876 in
1167 1824 1219 1877 lice
1235 1820 1356 1876 habebat
1371 1823 1415 1876 lex
1433 1842 1439 1875 ε
1456 1808 1596 1894 quiaope'·

109 1910 134 1965 le
150 1926 205 1980 qua
218 1909 313 1963 nullus
327 1909 409 1962 altari
421 1918 521 1979 presto
545 1911 608 1972 luit,
626 1912 679 1964 hoc
702 1916 754 1978 est,
797 1917 892 1964 rantes
906 1914 963 1965 non
977 1911 1087 1964 valebat
1107 1910 1248 1981 adjuvere,
1265 1911 1448 1966 inutilitatem
1475 1926 1541 1966 vero
1565 1912 1596 1966 in

109 1998 171 2053 uda.
181 1999 244 2052 Non
259 1998 333 2051 euim
344 1998 440 2051 ordine
456 1999 756 2070 tontumrnodo,neque
798 1997 860 2062 hoc,
874 1997 940 2068 quia
954 1998 1062 2051 nemini
1077 2011 1194 2068 regnum
1209 1998 1344 2052 celorum
1354 1988 1592 2070 valebateperlre'.

109 2092 138 2141 to
153 2088 195 2140 rel
206 2086 363 2156 praeceptis,
380 2092 519 2140 ulutatum
534 2092 586 2145 est.
604 2088 651 2141 scd
668 2088 754 2141 etiarn
798 2085 877 2140 Unde
888 2086 1018 2157 sequitur
1029 2101 1035 2135 t
1047 2089 1128 2141 Nihil
1147 2090 1223 2142 enim
1246 2089 1284 2141 od
1302 2088 1454 2155 perfectum
1476 2089 1596 2143 otldusit

109 2175 242 2247 {uomodo
258 2175 426 2228 translatum
441 2180 485 2229 est
509 2175 696 2230 sacerdotium
720 2177 755 2230 de
798 2174 1394 2246 teeuuideoimninilpromittentprotuli
1413 2177 1527 2247 qdldern
1541 2161 1596 2231 alh·

109 2263 242 2331 unumne
253 2263 556 2317 sacerdotalividelicet
569 2264 603 2318 ad
619 2265 753 2334 regalem,
796 2262 864 2333 quid
881 2276 999 2334 corpora
1013 2264 1185 2328 mundando,
1203 2270 1316 2334 peccata
1335 2263 1408 2319 levis
1424 2265 1595 2333 relaxend03

113 2352 174 2425 ipsa
188 2352 224 2405 sit
235 2358 264 2405 et
273 2352 375 2421 regalis
389 2358 417 2405 et
430 2353 612 2407 sacerdotalis
627 2353 656 2407 in
673 2353 755 2407 Chri-
796 2351 846 2405 sed
860 2353 932 2406 nihil
943 2352 979 2407 ed
994 2352 1047 2407 hoc
1062 2353 1176 2423 profuit,
1193 2360 1226 2406 ut
1235 2354 1372 2423 perlectos
1384 2353 1478 2408 lbcere
1492 2353 1598 2424 potuit-

109 2446 195 2496 strex
217 2448 245 2495 at
258 2441 406 2494 sacerdos?
421 2441 543 2509 ,Intuere
571 2443 750 2512 mysterium,
796 2441 1042 2496 setservientesin
1063 2456 1106 2505 ea,
1124 2442 1258 2512 quoniam
1273 2443 1403 2511 graviora
1418 2444 1597 2513 peccatenon

109 2529 224 2599 tregale
238 2528 425 2582 sacerdotium
441 2529 469 2582 iu
485 2529 698 2586 Melchisedech,
713 2546 755 2584 se·
795 2527 976 2591 tollebat,nec
984 2531 1100 2599 januam
1114 2530 1192 2600 regni
1208 2525 1329 2584 coeiestis
1343 2531 1427 2585 alicui
1442 2530 1595 2602 opertebat.

109 2617 323 2688 ensequentiam
331 2618 416 2687 hujus
425 2619 697 2681 sermonis,secundo
707 2634 756 2672 au-
797 2618 975 2687 (luapropter
987 2617 1138 2689 reprobate
1151 2620 1204 2682 est,
1221 2623 1253 2672 ut
1266 2618 1365 2688 grathe
1378 2618 1494 2673 deretur
1508 2620 1596 2683 locus,

109 2706 295 2779 sacerdotium
323 2706 499 2760 solummodo
527 2708 701 2761 sacerdotale
726 2709 755 2762 in
798 2704 826 2758 in
842 2704 1182 2776 qnaperlectioconstat3
1204 2706 1281 2760 utilis
1302 2706 1414 2777 quidem
1439 2706 1493 2761 luit
1513 2704 1598 2761 tidem

109 2786 159 2849 rtio
171 2801 266 2848 eutem
280 2794 332 2847 suit
348 2794 449 2847 iterum
458 2796 552 2863 regale
566 2795 754 2849 sacerdotium
797 2793 964 2848 lnbentibus
973 2794 1002 2848 in
1017 2794 1262 2859 Christo,nonillis
1273 2794 1416 2864 quitatum
1427 2798 1506 2865 spem
1516 2804 1597 2850 suain

109 2904 124 2951 ι,
138 2882 210 2937 sicut
224 2888 253 2936 et
267 2882 367 2952 prinro.
380 2882 459 2936 Unde
483 2890 511 2936 et
533 2884 656 2937 Ecclesia
671 2883 754 2937 medo
796 2883 826 2935 in
844 2883 905 2952 ejus
926 2880 1087 2936 carnalibus
1113 2880 1353 2937 observationibus
1378 2880 1529 2953 ponebant.
1548 2883 1597 2938 ln·

109 2971 253 3025 erdotium
268 2969 363 3035 habet,
379 2970 489 3024 dicente
503 2971 588 3024 Petro
603 2989 609 3023 :
627 2973 785 3034 Vosenimc
798 2972 934 3023 traductio
948 2985 1011 3024 nero
1030 2973 1153 3024 melioris
1167 2974 1233 3040 spei,
1249 2969 1383 3025 subaudis
1404 2971 1447 3025 'est
1465 2969 1550 3025 modo
1568 2970 1597 3026 lh

109 3060 466 3127 tumpeyetesecerdotium
478 3060 502 3121 (l
518 3061 588 3112 Pete.
604 3072 641 3123 11;
655 3061 754 3116 ,naeth
795 3059 897 3128 graba,
910 3073 962 3125 per
974 3074 1058 3128 quom
1074 3072 1153 3129 spem
1165 3062 1361 3127 promeremur
1375 3059 1412 3112 ed
1427 3060 1522 3114 ileum.
1538 3056 1597 3113 lla·

109 3147 174 3203 ibus
188 3164 254 3216 ergo
268 3146 285 3200 J
289 3147 343 3200 uda
358 3163 391 3200 ex
407 3163 462 3217 qua
475 3146 612 3200 Dominus
624 3153 702 3201 ortus
714 3153 758 3202 est
799 3145 861 3201 buit
873 3146 987 3224 quidem
999 3147 1043 3200 lex
1057 3147 1202 3217 spemsed
1212 3162 1269 3201 non
1282 3148 1368 3202 talem
1379 3147 1491 3218 qualem
1505 3146 1599 3218 gratl'a

109 3252 158 3291 iem
179 3234 310 3299 Mariam,
325 3251 388 3289 cunr
412 3251 524 3305 semper
538 3235 617 3307 regie
630 3240 714 3297 esset.
730 3240 759 3290 et
798 3234 938 3305 prestitit.
956 3234 1113 3305 Sperabant
1127 3236 1201 3289 enlm
1217 3235 1432 3305 beneplacentes
1449 3228 1599 3307 legemqirb

120 3324 311 3388 sacerdotalis,
332 3324 361 3376 in
375 3323 485 3376 Christo
497 3323 551 3377 suit
564 3330 716 3394 utrumque
731 3332 759 3378 et
798 3323 989 3377 custodientes
1002 3324 1145 3394 possidere
1159 3330 1265 3377 terram
1277 3330 1306 3377 et
1313 3325 1394 3393 juxta
1407 3323 1493 3378 illud:
1509 3322 1538 3378 Si
1548 3340 1598 3378 vo·-

118 3411 311 3475 sacerdoteliS,
328 3411 463 3465 translato
479 3428 511 3465 ex
530 3417 589 3466 toto
603 3413 758 3467 sacerdotio
799 3411 911 3464 lueritis
923 3411 997 3465 bone
1011 3418 1092 3466 terrai
1106 3413 1398 3483 corriedetisnihilqne
1408 3412 1599 3467 aerumnosum

109 3501 157 3565 eei,
173 3517 235 3572 quse
246 3507 331 3554 antea
342 3499 524 3553 sacerdotalis
538 3507 609 3555 erat.
799 3499 875 3569 petri
888 3515 1021 3570 prospere
1032 3501 1132 3566 virere,
1149 3501 1223 3554 sicut
1235 3502 1340 3555 dictum
1352 3508 1411 3554 est:
1429 3501 1483 3564 Qui
1503 3499 1600 3556 lecerit

109 3591 164 3645 lius
178 3589 269 3643 redime
289 3589 471 3655 enanifistum
497 3594 543 3654 est,
562 3593 587 3643 si
606 3591 759 3643 resumtum
801 3604 836 3640 ea
850 3587 932 3641 viret.
949 3587 1001 3641 llic
1020 3595 1115 3642 autem
1135 3604 1281 3658 speramus
1298 3607 1303 3640 :
1321 3589 1387 3658 quia
1406 3588 1548 3668 placentes
1571 3593 1601 3643 et

109 3678 287 3731 Melchisedech
297 3678 696 3745 essurpetetiussocerdosqui
705 3694 761 3731 non
802 3676 968 3744 Euangeliou
980 3684 1120 3747 pascente
1133 3677 1331 3743 custodientes,
1347 3690 1405 3730 non
1419 3682 1523 3730 terram
1532 3662 1600 3747 poe

109 3766 211 3834 ‚tapam
225 3766 351 3818 rireiedote'
366 3766 490 3818 earnalis
504 3766 594 3831 sectus
608 3767 762 3831 est,sedse·
802 3762 965 3829 sidabimus,
981 3764 1031 3818 sed
1045 3764 1145 3818 coelum
1159 3781 1165 3831 ;
1186 3764 1302 3835 insuper
1322 3764 1406 3818 etiem
1432 3765 1507 3835 quod
1529 3763 1599 3818 coelo

109 3857 227 3909 tristem
243 3856 303 3906 nite
314 3854 482 3906 insolubilis.
498 3853 673 3908 contestatur
684 3856 760 3907 enim
804 3852 892 3906 multo
902 3851 1001 3906 melius
1014 3857 1067 3917 est,
1081 3866 1227 3923 speramus
1236 3852 1355 3923 proximi
1369 3852 1599 3919 Deoconslsterc‚

109 3957 140 3997 er
153 3941 312 4012 loquensad
327 3940 429 3994 Filium
441 3956 575 4008 quonlam
590 3947 620 3996 tu
634 3958 661 3995 es
673 3954 761 3996 sacer·
801 3940 941 4010 adipsum
955 3942 1104 4011 paternum
1119 3941 1220 3994 solium
1234 3941 1379 4011 pervenire
1394 3946 1422 3996 et
1438 3941 1599 4017 ministinre

109 4046 203 4084 eruum
227 4030 378 4084 secundum
401 4030 528 4083 ominem
552 4031 757 4087 Melchisedech.
803 4029 829 4083 ei
841 4044 905 4083 cum
924 4028 1028 4083 sennis
1042 4028 1157 4099 angelis,
1170 4030 1253 4099 juxta
1265 4029 1340 4100 quod
1362 4029 1491 4084 Salvator
1511 4027 1552 4083 ull
1572 4026 1602 4084 ih

110 4112 242 4173 dictionis
257 4118 310 4171 isto
325 4117 355 4171 in
366 4118 427 4171 locu
441 4116 561 4171 hebetur
579 4118 649 4173 satis
664 4134 762 4173 neces·
804 4115 955 4186 Evangeho
970 4134 977 4169 ε
994 4118 1147 4185 &luebunt
1160 4119 1235 4171 lusti
1248 4120 1320 4170 sieut
1331 4120 1370 4171 sot
1393 4120 1425 4170 in
1449 4120 1531 4184 reique
1554 4116 1604 4171 ea·

109 4211 252 4277 eapropter
262 4220 337 4258 nunc
347 4205 458 4258 dicatur
466 4204 522 4259 ita:
539 4207 572 4259 Et
583 4208 705 4273 carpitus
717 4207 765 4260 od-
806 4209 858 4259 tris
871 4209 925 4270 sui,
942 4211 1077 4273 eruntque
1090 4208 1163 4260 sieut
1184 4208 1278 4273 enecti
1300 4207 1391 4260 Dcttn
1412 4204 1602 4275 eololliettb.

109 4296 217 4363 isestum
229 4299 276 4359 est,
290 4292 434 4358 subaudis,
450 4293 624 4347 destructum
639 4309 700 4348 esse
716 4309 763 4348 so·
774 4304 867 4380 Duru,
880 4292 937 4362 ts).
951 4293 1010 4348 Hoc
1022 4308 1085 4348 vero
1098 4294 1296 4359 secerdotium,
1310 4310 1360 4365 per
1371 4293 1445 4365 quod
1460 4293 1604 4364 hencglo-

109 4381 218 4453 elegis,
236 4397 286 4451 per
298 4381 352 4435 hoc
363 4381 438 4450 quod
452 4381 580 4435 Christus
595 4397 652 4435 non
666 4396 767 4435 secun-
808 4381 880 4435 nam
894 4382 1051 4451 possessuri
1069 4396 1177 4449 eumue,
1193 4386 1306 4438 nonest
1324 4383 1386 4438 sine
1406 4381 1603 4454 jurejurando,

109 4473 180 4525 inem
195 4472 289 4523 Aaron
304 4469 406 4523 dicitur
420 4470 542 4523 sacerdos
559 4486 613 4522 esse
637 4472 669 4523 in
689 4476 767 4524 ster·
808 4474 840 4524 ut
852 4470 964 4524 lirmnm
974 4470 1025 4525 Dei
1040 4471 1254 4538 promissionem
1269 4472 1426 4527 credemus.
1440 4471 1521 4527 Unde
1533 4470 1607 4543 Ape-

109 4560 288 4624 lrecuudum
310 4560 435 4612 ordinem
463 4559 671 4625 Melchisedech3
696 4574 767 4629 qua·
807 4559 897 4613 stolus
916 4558 1028 4613 subdit:
1043 4558 1076 4613 Et
1098 4566 1235 4628 petentem
1255 4567 1303 4628 est,
1323 4560 1457 4616 subaudis
1479 4560 1605 4625 ilrmurd,

109 4662 164 4702 loe:
182 4646 291 4717 quiade
304 4644 380 4700 tribu
389 4646 455 4701 Levi
470 4662 525 4699 non
536 4645 679 4709 suitQuod
691 4646 767 4700 enim
810 4645 885 4700 istud
902 4646 1091 4701 sacerdotium
1107 4647 1210 4701 Christi
1221 4648 1256 4701 de
1272 4663 1327 4718 quo
1340 4648 1492 4718 loquimur,
1508 4642 1606 4716 utique

109 4734 238 4791 reundum
250 4734 375 4788 ordinem
391 4733 594 4789 Melchisedech
605 4740 768 4805 exsurgeret
809 4734 931 4788 multum
947 4739 999 4799 est,
1020 4735 1088 4804 quia
1100 4751 1155 4788 non
1170 4737 1229 4788 sine
1248 4734 1439 4803 jurejurando
1462 4735 1607 4788 firmatum

109 4814 193 4886 sedne,
215 4839 271 4877 non
295 4821 449 4876 dubitative
472 4822 606 4892 loquitur,
622 4822 670 4875 sed
690 4822 768 4877 uiser-
809 4828 861 4877 est.
874 4823 933 4876 Atii
945 4823 1055 4890 quidem
1070 4822 1326 4890 rinejurejumndo
1352 4823 1421 4889 theti
1439 4826 1504 4876 sunt
1518 4836 1607 4876 sucer-

109 4910 180 4983 yuasi
194 4910 314 4965 diceret:
332 4909 460 4980 Amplius
475 4910 567 4964 adhuc
579 4926 630 4980 per
652 4910 705 4963 hoc
719 4910 768 4964 de·
808 4912 881 4964 dotes
892 4915 924 4963 ut
934 4911 1026 4963 Aaron
1038 4910 1144 4980 tlliique
1159 4910 1230 4979 ejus,
1248 4909 1349 4979 quibus
1364 4909 1439 4964 Deus
1463 4910 1609 4981 nonjure-

109 5016 146 5057 ‚ur
158 4999 333 5054 destructum
348 5014 409 5053 esse
420 4999 608 5053 sacerdotium
623 4997 771 5069 legis,quis
812 4997 935 5068 eitqnod
950 5003 1044 5053 essem
1066 4998 1224 5052 secerdotes
1244 4997 1428 5052 insternunt
1455 4996 1611 5055 secundum

109 5106 126 5144 u
138 5087 266 5143 ordinem
278 5086 479 5142 Melchisedech
501 5087 623 5142 surrexit
644 5087 772 5141 Christus
813 5086 940 5141 ordinem
954 5085 1033 5156 legis,
1051 5088 1207 5150 latrantem,
1221 5086 1250 5140 ld
1262 5091 1306 5141 est
1317 5086 1446 5142 Christus
1460 5104 1524 5143 eum
1533 5092 1613 5158 jure·

109 5176 199 5243 erdos,
215 5176 263 5246 qui
279 5192 335 5229 nen
348 5175 502 5229 secundum
516 5176 637 5229 carnalis
647 5175 772 5231 mandeti
808 5175 936 5245 jurando
956 5173 1085 5228 sacerdos
1099 5174 1189 5228 iectus
1204 5179 1248 5228 est
1267 5184 1318 5243 per
1337 5190 1410 5237 curn,
1426 5175 1480 5231 hoc
1500 5178 1545 5232 est
1562 5182 1614 5249 per

109 5270 168 5321 ctus
181 5269 225 5318 est
239 5263 369 5317 sacerdos
383 5263 457 5317 sicut
472 5266 576 5318 Aaron.
596 5265 699 5334 Legem
713 5280 772 5318 car·
812 5263 902 5318 Deum
913 5267 1023 5334 patrem
1036 5265 1087 5330 qut
1096 5262 1209 5315 disttcd
1219 5264 1302 5317 titum
1314 5266 1614 5320 :turooetltommeser

109 5342 186 5409 iden
200 5359 290 5417 rocat,
307 5351 373 5421 quia
385 5368 418 5404 ex
431 5353 553 5406 maxima
564 5359 643 5421 parte
653 5353 774 5407 carnalis
814 5368 871 5406 non
884 5351 1021 5418 penitebit
1037 5366 1109 5418 eum,
1119 5350 1147 5405 id
1158 5357 1202 5405 eet
1216 5366 1271 5406 non
1287 5351 1408 5408 mutabit
1418 5354 1614 5424 juramentum

109 5438 171 5495 ralia
180 5440 343 5511 precipiens
355 5458 361 5493 :
375 5441 406 5493 in
417 5434 637 5508 circumcisione,
648 5441 679 5495 in
693 5457 775 5496 mun·
816 5455 908 5504 suum,
925 5439 1059 5510 quoniam
1070 5444 1100 5493 tu
1108 5442 1266 5495 essumdos
1275 5444 1307 5494 in
1317 5447 1451 5496 eternum
1463 5440 1613 5495 secundum

109 5527 236 5599 eorporis,
252 5527 283 5582 in
299 5528 399 5583 hostiis
415 5533 444 5582 et
458 5528 647 5583 oblationibus
660 5529 777 5583 carnali·
821 5529 948 5583 ordinem
969 5528 1175 5590 Melchisedech.
1194 5532 1229 5586 In
1252 5533 1363 5585 tentum
1386 5528 1508 5585 meliotis
1527 5524 1615 5605 Testa·⁴
