3840 6098
107 208 172 265 593
451 212 640 271 EXPOSITIO
659 216 698 272 IN
718 218 794 274 EPP.
816 220 845 274 S.
866 222 982 277 PAULI.
1005 252 1036 263 -
1057 224 1097 280 IN
1115 225 1225 281 EPIST.
1248 227 1260 280 I
1279 227 1327 282 AD
1346 227 1426 284 COR.
1698 231 1749 285 594

89 333 248 392 subaudis
257 336 292 392 ad
302 338 564 396 alioslntlubantur
574 341 721 407 Corinthii,
734 345 813 413 quasi
822 360 913 399 exem·
920 347 1067 406 Averam?
1080 349 1142 402 Non
1165 355 1208 403 est
1230 351 1280 416 ita,
1293 353 1358 422 quia
1378 369 1444 407 vera
1465 368 1511 406 ros
1540 353 1622 408 docui
1646 360 1674 408 et
1694 371 1750 410 non

87 425 152 496 plo
177 426 290 481 illorum
304 436 411 485 caeterae
432 437 530 499 gentes
555 432 646 485 invita
671 433 856 488 credidissent
881 435 910 489 in
952 435 1033 494 salsa,
1048 453 1197 508 verumque
1219 439 1314 505 fidem,
1327 449 1355 494 et
1374 441 1578 494 credulitatem.
1592 440 1666 511 Ergo
1695 458 1751 512 qua

83 514 694 581 Christum,etabillisessetdiliamatum.
712 520 911 593 lileuaithpo·
953 525 1060 578 ratione
1089 527 1293 594 praeduavorim
1323 528 1410 592 vobis,
1432 528 1455 582 si
1480 530 1590 591 tenetis,
1606 530 1659 583 nisi
1675 531 1750 600 quod

79 603 215 659 stolus:
232 611 274 661 An
291 624 308 660 a
321 606 397 660 vobis
412 606 525 661 verbum
543 608 602 672 Dei,
620 609 648 661 id
662 616 705 662 est
727 610 797 663 dales
807 611 910 666 Christi
952 603 1219 668 frustracredidistis
1233 617 1342 684 ignoro.
1356 617 1574 674 Frustracredit.
1587 619 1634 688 qui
1645 617 1750 687 abipsa

75 693 139 745 vel
160 695 230 764 ejus
244 696 436 765 Evangelium,
458 696 592 767 processit
606 697 640 750 ad
654 697 852 767 aliasgentes‘t
864 700 911 753 ln·
952 700 1006 753 fide
1021 703 1198 770 postmodum
1219 705 1333 758 recedit.
1350 706 1412 758 Jam
1438 706 1467 759 in
1494 705 1676 777 sequentibus
1701 721 1749 760 ex-

72 781 330 838 flammabantur
340 784 426 838 etiam
441 786 470 838 in
486 785 547 848 hoc,
569 784 649 855 quasi
675 786 741 838 solis
764 787 819 840 illis
835 789 911 842 salus
952 789 1031 857 ponit
1045 790 1111 860 quid
1121 792 1322 860 praedicaverit.

76 883 168 937 quae
179 871 210 924 in
221 871 334 925 Christo
345 879 388 926 est
396 889 446 943 per
458 873 633 943 patriarchas
644 879 672 927 et
684 873 911 944 prophetastuis·
991 877 1106 930 Tradidi
1113 882 1186 932 enirn
1194 881 1267 933 uobis
1278 883 1308 933 in
1314 881 1457 948 primis,id
1469 887 1510 936 est
1520 881 1549 936 in
1559 881 1672 935 exordio
1680 896 1749 936 mea

71 962 140 1011 set
159 961 309 1028 promissa
326 979 332 1014 :
348 966 377 1014 et
390 961 495 1015 hocest
513 962 586 1032 quod
600 962 667 1016 dicit
681 966 910 1020 :ariliurossolor
952 965 1166 1034 praedicationis,
1183 969 1255 1035 quod
1267 974 1291 1021 et
1311 972 1412 1038 accepi,
1434 969 1569 1025 subaudis
1588 986 1606 1024 a
1624 969 1745 1036 Christo,

59 1051 254 1117 pervenit?
270 1047 383 1103 verbum
397 1049 458 1103 Dei.
952 1056 1085 1122 quonium
1096 1055 1220 1109 Christus
1240 1055 1413 1111 moriuusest
1426 1074 1478 1126 pra
1495 1060 1612 1126 peccatis
1635 1059 1748 1125 nostras,

126 1133 171 1189 Sr'
186 1139 253 1203 quis
263 1138 372 1190 uidetur
381 1139 514 1205 propheta
525 1155 588 1203 erse,
601 1137 627 1193 id
638 1144 682 1192 est
691 1139 804 1209 sapiens
814 1140 911 1195 doctor
951 1143 1101 1194 secuudum
1130 1142 1299 1210 Scripturas.
1326 1144 1484 1215 Scripturas
1507 1145 1619 1199 Veteris
1648 1131 1748 1200 Testa·v

66 1225 116 1277 et
136 1224 318 1294 explanator
337 1224 556 1296 Scripturarum,
579 1233 629 1280 aut
643 1230 788 1293 spiritalis,
804 1229 832 1281 id
856 1234 908 1295 est,
951 1230 1038 1282 menti
1068 1237 1215 1295 memorat,
1237 1248 1298 1300 quar
1322 1231 1445 1285 futuram
1467 1234 1623 1302 passionem
1643 1232 1747 1287 Christi

64 1311 141 1381 qui
178 1313 323 1382 spiritalia
342 1329 442 1384 capere
461 1316 559 1385 possit,
574 1321 713 1381 copuoscat
730 1332 789 1383 qua
811 1318 910 1386 scribo,
951 1317 1125 1375 cecinerunt.
1140 1318 1492 1375 Dicitenimlsaias:Sicut
1508 1324 1564 1374 ouis
1581 1322 1617 1374 ud
1637 1324 1747 1376 accisio-

65 1401 169 1468 quia
186 1402 305 1454 Darninr'
318 1404 452 1456 inundata
467 1409 543 1462 sunt,
556 1403 584 1456 id
599 1410 650 1464 est,
661 1402 801 1473 intelligat
817 1413 845 1458 et
860 1421 910 1476 ap·
952 1421 1013 1458 nera
1024 1408 1424 1475 ducetur,etsirutopnusaon
1438 1411 1578 1476 aporiatus
1589 1424 1671 1462 suurn
1682 1409 1745 1474 (lsu.

62 1488 208 1561 probet
224 1490 292 1560 quia
306 1491 415 1545 Domini
429 1498 472 1545 est
490 1492 665 1546 mandatum.
680 1493 910 1563 pseudoapostoli
951 1495 1132 1562 uu).litquiu
1146 1498 1267 1562 sepultus
1283 1501 1329 1558 est,
1342 1495 1476 1550 subaudis
1486 1494 1639 1550 secundum
1649 1495 1745 1565 Scrip-

64 1593 98 1632 a
115 1577 243 1647 seipsis
257 1583 285 1632 et
298 1595 315 1632 a
328 1579 439 1633 diabolo
450 1581 645 1650 loquebantur,
655 1583 799 1651 apostolus
814 1588 909 1636 autem
951 1590 1039 1647 turas,
1052 1585 1137 1647 dabit,
1155 1583 1400 1654 inquitpropheta,
1414 1584 1631 1652 impiosludaeos
1644 1600 1695 1652 pro
1705 1600 1746 1637 sc·

63 1666 213 1724 Paulus
230 1674 259 1720 et
272 1668 371 1738 reliqui
383 1669 431 1723 Dei
442 1671 574 1723 mandata
585 1670 772 1740 proferebant.
786 1670 909 1741 Ideoque
920 1656 942 1715 Β
949 1673 1067 1737 pultura
1081 1675 1105 1723 et
1118 1672 1228 1723 divitum
1239 1686 1288 1738 pro
1304 1676 1389 1724 ntortc
1404 1687 1454 1724 sua
1463 1673 1557 1743 (ibid.)
1571 1679 1614 1733 ;et
1621 1672 1725 1725 iterum
1737 1685 1745 1726 τ

61 1753 134 1811 his
152 1755 260 1809 verbis
272 1756 363 1826 tangit
387 1774 434 1812 eos
458 1758 505 1828 qui
529 1774 579 1828 pro
601 1758 684 1811 lucris
707 1759 909 1829 temporalibus
951 1759 1022 1821 Erit,
1045 1758 1145 1828 inquit,
1168 1760 1325 1824 sepulcrum
1353 1762 1410 1826 rjus
1438 1761 1591 1825 plor-rosum
1614 1762 1677 1826 (Ira.
1695 1762 1744 1828 m).

63 1847 113 1900 et
131 1843 299 1898 desideriis
314 1845 459 1900 burninum
476 1863 532 1900 non
547 1847 651 1912 divina,
667 1847 716 1900 sed
730 1854 844 1901 terrena
861 1849 908 1902 do·
951 1848 1088 1900 ltortuum
1103 1845 1176 1898 enim
1190 1861 1253 1898 eum
1265 1846 1334 1899 nulli
1348 1846 1465 1900 dubium
1481 1853 1523 1900 est
1545 1853 1574 1901 et
1593 1848 1746 1918 sepultum.

65 1931 216 1988 cebant.
951 1935 983 1988 lit
998 1937 1065 2001 piria
1082 1937 1234 1986 resurrexit
1246 1937 1327 1987 tertia
1338 1936 1381 1988 dia
1402 1937 1553 1989 seeundum
1572 1936 1744 2005 Scripturas,

120 2020 254 2090 Siquis
279 2027 372 2076 cutem
395 2026 516 2090 ipuorat.
532 2023 666 2078 subaudis
693 2025 751 2078 haec
775 2025 910 2078 mandata
950 2020 1102 2074 vivificabit
1115 2037 1165 2074 nos
1177 2028 1239 2091 post
1261 2020 1331 2075 duos
1346 2021 1415 2085 dies,
1432 2023 1461 2074 iu
1489 2023 1572 2077 tertia
1601 2023 1747 2079 suscitabit

68 2107 232 2172 Domini,
247 2111 442 2176 iquorabitur,·
472 2110 498 2163 id
515 2116 567 2174 est,
579 2111 602 2164 si
624 2111 686 2182 quis
710 2112 849 2180 repudiat,
866 2113 908 2166 vel
950 2126 1018 2175 nos;
1034 2114 1058 2163 et
1073 2112 1140 2176 quic
1154 2113 1228 2162 visus
1243 2114 1281 2162 cst
1296 2109 1396 2176 Cepha.
1409 2110 1518 2181 Cephas
1540 2113 1642 2182 Syrum
1657 2118 1701 2166 est
1718 2118 1748 2167 et

71 2212 151 2255 non
170 2196 318 2268 approbat
332 2198 390 2251 haec
411 2199 543 2252 mandata
561 2199 683 2264 Domini,
703 2200 906 2272 repudiabitur,
950 2199 1218 2263 llebraeum,Petrus
1229 2198 1356 2254 uraecum
1365 2204 1392 2252 et
1402 2199 1629 2254 Latinum.Licet
1638 2207 1748 2255 cenum

75 2300 145 2341 nec
162 2284 376 2355 approbabitur
389 2287 534 2341 aDomino
549 2287 578 2340 in
593 2287 638 2341 die
650 2288 761 2356 judicii,
950 2288 1040 2341 locum
1057 2304 1111 2340 non
1124 2287 1261 2340 definiant
1275 2285 1461 2356 Evangelistae
1472 2288 1519 2343 ubi
1533 2289 1698 2360 apparuerit
1711 2289 1747 2358 ei,

124 2375 248 2442 Itaque,
262 2375 376 2438 fratres,
393 2376 448 2428 moi
468 2375 496 2428 in
522 2376 588 2441 lide,
603 2380 790 2439 cruciamini,
803 2377 830 2430 id
854 2381 906 2438 est,
949 2385 1045 2430 tamen
1060 2375 1230 2430 credendum
1241 2380 1293 2435 est,
1310 2375 1377 2446 quia
1397 2376 1560 2448 apparuerit
1579 2378 1615 2432 ei.
1631 2379 1665 2432 lit
1686 2383 1747 2447 post

83 2462 249 2519 studetote
260 2468 289 2517 et
302 2461 409 2533 diligite
430 2465 607 2535 prophetare.
624 2464 650 2517 id
671 2471 714 2519 est
734 2466 907 2536 Scripturam
950 2467 1004 2519 bac
1025 2467 1153 2519 irrideri-m
1171 2484 1179 2518 .·
1195 2475 1292 2518 octava
1317 2465 1447 2519 videlicet
1471 2466 1516 2520 die
1536 2466 1749 2523 resurrectionis

88 2550 300 2620 interpretari,
315 2558 341 2604 et
353 2559 450 2622 aperte
469 2569 616 2623 exponere,
633 2554 718 2607 etiam
734 2554 757 2607 si
773 2554 834 2623 quis
851 2553 910 2607 vult
950 2570 1017 2617 suae,
1031 2554 1143 2625 quando
1158 2569 1221 2607 cum
1233 2553 1368 2607 alliserat
1381 2554 1512 2608 Thomas.

91 2639 139 2693 vel
156 2645 258 2710 potest
284 2642 389 2708 linquis
414 2645 499 2709 toqui,
519 2632 601 2695 nolite
623 2643 778 2709 prohibere,
798 2648 908 2696 tantum
985 2644 1086 2696 Deinde
1100 2645 1225 2695 visusest
1237 2643 1301 2708 plus
1321 2658 1406 2709 quam
1430 2646 1588 2710 qur'npentis
1611 2645 1749 2710 fratribus

99 2733 130 2783 ut
143 2727 259 2781 habeat
270 2727 463 2799 interpretem.
482 2730 582 2784 Omnia
604 2735 698 2783 autern
714 2731 820 2784 bonerto
838 2734 908 2797 fiant
949 2730 1082 2786 simutid
1098 2737 1141 2783 est
1153 2728 1341 2782 credentibus.
1361 2730 1420 2782 Hoc
1436 2746 1547 2799 quoque
1569 2746 1666 2785 vemm
1690 2737 1743 2800 est,

103 2819 130 2870 in
144 2818 238 2883 cndu,
253 2817 282 2870 id
299 2822 342 2872 est
356 2835 419 2873 cum
435 2819 544 2872 decore.
948 2818 1015 2872 licet
1038 2818 1216 2888 evangelista
1242 2833 1299 2870 non
1325 2825 1555 2871 commemorent.
1584 2818 1625 2872 Ea
1648 2821 1749 2886 quibus

950 2910 1035 2960 matti
1051 2912 1173 2965 arenant,
1189 2906 1218 2960 in
1248 2921 1372 2976 corpore,
1389 2923 1473 2974 usque
1498 2907 1599 2969 adbuc,
1611 2907 1747 2964 subaudis

410 2959 527 3014 CAPUT
546 2960 604 3014 xv·
953 3012 1022 3066 quos
1035 2996 1058 3048 si
1073 2994 1155 3048 vultis
1169 2994 1344 3064 interrogare
1358 2993 1490 3064 potestis;
1514 2994 1628 3064 quidam
1653 3002 1749 3052 autem

135 3083 244 3136 Notum
262 3087 357 3136 autem
372 3084 445 3136 uobis
459 3085 541 3150 socio,
559 3085 673 3151 fratres,
688 3083 716 3137 id
737 3090 789 3149 est,
801 3083 836 3137 ad
854 3100 911 3139 me·
951 3084 1135 3148 dormierunt,
1150 3083 1178 3137 id
1189 3083 1344 3137 estmortui
1356 3092 1431 3145 sunt,
1445 3083 1670 3153 quodideodicit,
1683 3086 1750 3156 quia

110 3171 223 3224 moriam
239 3170 316 3225 robis
335 3172 447 3229 reduco.
463 3173 649 3239 Eruupctium
669 3174 742 3240 quod
759 3175 910 3241 predicari
950 3173 1060 3226 facilius
1075 3178 1206 3243 poterunt
1216 3170 1346 3225 suscitari
1361 3171 1502 3225 aChristo
1518 3172 1553 3225 de
1565 3188 1664 3226 somno
1676 3188 1749 3228 mor·

111 3260 189 3320 vobis,
206 3261 281 3328 quod
290 3267 315 3313 et
330 3264 479 3328 accepistis,
494 3263 590 3328 inquo
605 3265 629 3314 ct
643 3264 731 3326 statis,
741 3264 871 3330 perquod
882 3268 906 3316 ct
950 3261 1088 3332 tis,quam
1097 3261 1160 3331 quis
1173 3277 1190 3314 a
1202 3260 1276 3314 socio
1291 3275 1342 3312 suo
1356 3259 1391 3313 de
1412 3276 1510 3312 somno
1526 3260 1630 3315 lectuli.
1645 3263 1748 3317 Deinde

110 3351 270 3403 valeamini.
290 3348 395 3402 Fuerat
413 3349 563 3418 Apostolus
582 3350 654 3419 apud
676 3348 836 3403 Corinthios
856 3367 906 3420 per
947 3354 1068 3403 visurast
1083 3351 1190 3414 durabo,
1212 3349 1259 3420 qui
1278 3349 1468 3419 spoponderat
1486 3350 1515 3402 in
1535 3365 1615 3402 coena
1633 3350 1747 3405 Domini

109 3449 191 3489 unum
207 3451 312 3490 annum
333 3442 362 3490 et
376 3452 423 3490 ser
439 3453 560 3503 menses,
571 3437 725 3508 predicans
746 3438 801 3490 illis
816 3436 904 3491 Evan·
945 3455 1000 3492 non
1011 3455 1040 3492 se
1052 3439 1258 3492 manducatura
1269 3454 1296 3491 m
1306 3442 1356 3490 aut
1366 3436 1528 3490 bibuturum
1538 3437 1743 3494 donecvideret

108 3524 210 3595 galium
226 3544 233 3591 3
250 3524 309 3584 sed,
323 3529 386 3596 post
397 3526 457 3596 ejus
468 3526 631 3587 discessum,
644 3526 907 3580 introieruntineos
949 3527 1092 3580 Christum
1110 3543 1126 3579 a
1154 3526 1271 3579 mortuis
1294 3523 1469 3578 suscitatum.
1488 3526 1590 3578 Deinde
1615 3529 1745 3592 apostolis

108 3613 344 3684 pseudoapostoli,
360 3614 408 3684 qui
423 3614 565 3684 negabant
583 3615 726 3668 Christum
746 3631 779 3668 cx
800 3615 906 3684 virgine
948 3618 1122 3671 orunttruam
1134 3612 1281 3668 monteubi
1292 3612 1533 3666 constituerateos
1542 3613 1592 3677 ire,
1600 3614 1748 3684 etquando

107 3707 213 3765 natum,
230 3719 353 3772 passum,
381 3719 398 3756 a
417 3703 536 3757 mortuis
555 3703 742 3758 suscitatum:
764 3704 907 3773 negabant
948 3704 1032 3757 ooelos
1057 3703 1146 3773 petiit.
1171 3702 1321 3756 Nouissime
1337 3706 1430 3753 cartem
1450 3704 1586 3766 otrentum,
1612 3707 1748 3771 tanquam

107 3806 217 3862 quoque
232 3791 466 3845 resurrectionem
481 3792 643 3862 generalem
652 3792 786 3845 suturam.
800 3792 905 3847 idcirco
946 3794 1068 3845 adorabo
1083 3794 1157 3843 risus
1171 3795 1208 3843 est
1222 3794 1246 3842 et
1262 3790 1342 3843 inibi.
1354 3789 1567 3844 Abortivusest.
1579 3790 1626 3861 qui
1637 3791 1697 3844 sine
1706 3791 1748 3847 le·

106 3880 268 3950 compulsus
279 3879 428 3951 Apostolus
447 3880 613 3949 recapitulat
632 3897 693 3950 qua
708 3880 770 3933 illos
782 3897 904 3950 praesens
946 3879 1046 3948 gitimo
1056 3886 1182 3948 tempore
1192 3877 1323 3931 nascendi
1339 3877 1479 3930 nascitur:
1492 3883 1570 3930 extra
1583 3884 1694 3948 tempus
1705 3877 1746 3933 vi·

107 3967 249 4022 docuerat.
263 3968 343 4023 Unde
363 3968 448 4022 dicit:
470 3969 574 4022 Notum
595 3968 671 4022 robis
690 3968 761 4022 facio
782 3969 905 4040 Evange-
947 3967 1047 4020 delicet
1066 3981 1219 4036 congruum
1246 3970 1296 4018 aut
1308 3973 1459 4034 antequam
1472 3964 1572 4017 debeat
1591 3966 1678 4029 nasci,
1698 3971 1749 4021 aut

106 4055 171 4110 lium
190 4057 264 4128 quod
278 4057 434 4128 accepistis,
452 4058 508 4111 sire
523 4057 687 4128 suscepistis
701 4073 718 4110 a
731 4074 789 4110 me:
804 4058 847 4110 vel
861 4074 905 4112 ac·
947 4063 1017 4125 post.
1035 4056 1072 4109 Ut
1083 4056 1097 4108 J
1101 4055 1173 4108 ulius
1189 4055 1281 4107 caesar
1297 4052 1350 4105 luit
1365 4053 1508 4106 abortivus
1522 4053 1569 4122 qui
1585 4059 1648 4123 post
1658 4053 1748 4124 legiti-

107 4150 216 4216 ceptum
238 4144 385 4211 habuistis,
401 4146 429 4199 in
446 4163 500 4217 quo
524 4153 553 4201 et
570 4148 660 4201 statis.
681 4148 712 4200 ln
738 4163 905 4217 unaquaque
946 4160 1024 4197 mum
1038 4151 1150 4212 tempus
1168 4158 1230 4195 curn
1247 4140 1359 4194 caesarie
1374 4146 1458 4194 natus
1482 4147 1535 4209 est,
1550 4148 1625 4194 secto
1648 4142 1747 4196 matris

106 4233 184 4305 plebe
197 4233 274 4288 fideli
285 4235 341 4288 duo
351 4243 417 4288 sunt
432 4237 526 4306 populi
540 4237 677 4306 :perlecti
695 4245 724 4289 et
736 4236 902 4306 imperfecti,-
913 4240 1043 4333 Dutero:
1060 4232 1098 4286 sic
1113 4239 1141 4285 et
1156 4231 1307 4302 Apostolus
1321 4229 1465 4284 abortivus
1481 4230 1688 4299 quodammodo
1702 4246 1747 4286 ex·

107 4324 151 4377 sed
166 4322 213 4377 hic
231 4324 368 4393 perlectos
384 4324 413 4376 in
429 4325 483 4377 fide
503 4325 664 4395 alloquitur.
677 4325 783 4378 lterum
804 4332 902 4379 contra
950 4322 1031 4384 stitit,
1049 4321 1114 4391 quia
1128 4328 1188 4391 post
1206 4327 1317 4390 tempus
1342 4325 1481 4373 natusest
1498 4318 1526 4370 in
1542 4318 1663 4384 Christo,
1681 4319 1747 4390 quia

108 4409 285 4481 imperiectos
301 4409 464 4480 subjunxit:
485 4411 543 4477 Oua
563 4415 670 4464 ratione
691 4415 904 4479 praedicaverim
949 4425 1003 4462 non
1020 4409 1115 4463 abillo
1129 4415 1299 4463 vocatusest
1323 4424 1385 4460 cum
1409 4406 1500 4459 adbuc
1521 4417 1595 4459 esset
1607 4406 1636 4460 in
1651 4422 1745 4474 carne,

108 4499 186 4562 rabia
202 4502 229 4552 si
244 4502 351 4563 tenetis,
364 4503 420 4553 nisi
429 4501 538 4566 frustra
553 4500 718 4554 credidistis.
731 4502 905 4555 Litteratura
947 4498 994 4551 sed
1011 4514 1073 4551 cunr
1085 4500 1142 4567 jam
1159 4498 1187 4551 in
1202 4498 1317 4550 dextera
1333 4495 1423 4549 Patris
1435 4501 1509 4548 esset
1523 4495 1674 4548 collocatus
1686 4517 1693 4554 v
1705 4495 1747 4549 vel

107 4585 187 4658 bajus
202 4587 332 4642 versiculi
346 4588 439 4641 minus
458 4587 591 4659 quiddam
611 4605 711 4643 sensus
730 4591 841 4643 videtur
856 4591 905 4644 ha·
945 4585 1088 4640 abortivus
1098 4592 1149 4645 est,
1167 4585 1233 4655 quia
1243 4587 1314 4639 sicut
1327 4584 1361 4638 de
1376 4584 1430 4636 vita
1441 4583 1558 4636 abortivi
1570 4581 1743 4653 desperatur,

108 4673 180 4742 bere,
196 4677 262 4748 quia
274 4676 419 4747 pulchrius
432 4677 548 4729 sonatin
562 4677 668 4731 Graeco.
685 4679 903 4749 Notandumque
945 4676 984 4729 sic
998 4683 1027 4729 et
1040 4676 1074 4728 de
1087 4675 1142 4728 vita
1157 4675 1236 4728 Pauli
1245 4672 1473 4744 desperabatura
1484 4672 1621 4732 fidelibus,
1633 4672 1746 4742 quando

108 4763 172 4819 illud
187 4765 388 4834 interrogative
400 4765 662 4835 atqueincrepative
672 4783 733 4820 esse
744 4767 903 4837 legendum.
945 4780 993 4817 eos
1003 4762 1232 4835 persequebatur.
1249 4761 1302 4824 Qui
1326 4759 1423 4829 utique
1436 4762 1603 4828 perpetuum
1615 4758 1749 4816 incurris·

108 4850 196 4922 Igitur
205 4853 317 4909 dicatur
333 4853 389 4906 ita:
406 4854 479 4916 Quid
492 4854 624 4908 utilitatis
639 4855 784 4926 accepistis
798 4855 827 4910 in
840 4856 901 4920 hoc,
945 4859 989 4907 set
1001 4857 1129 4915 mortem,
1146 4851 1201 4905 nisi
1215 4851 1240 4903 ei
1265 4865 1282 4901 a
1306 4847 1417 4901 Christo
1441 4845 1540 4900 luisset
1566 4846 1744 4904 subventum.

108 4942 176 5012 quod
191 4941 337 5012 pradicavi
353 4942 439 5003 vobis,
451 4942 474 4996 si
486 4943 567 4996 modo
582 4943 690 5014 decepti
705 4945 905 5015 apseudoapo·
945 4942 1029 4995 Visus
1039 4944 1082 4994 est
1096 4947 1190 4994 autem
1206 4939 1231 4992 ei
1247 4938 1282 4991 de
1295 4936 1363 4989 coelo
1377 4947 1440 5006 post
1454 4950 1510 4989 non
1530 4952 1646 5005 parvum
1676 4943 1745 4993 tem-

106 5029 182 5083 stolis
196 5029 281 5083 aliter
294 5029 407 5091 tenetis,
420 5029 474 5082 nisi
494 5030 560 5099 quia
581 5030 686 5084 frustra
705 5032 763 5085 sive
782 5032 906 5086 inaniter
946 5047 998 5101 pus
1014 5028 1185 5083 ascensionis
1200 5043 1267 5091 sure,
1282 5024 1393 5096 quando
1403 5030 1522 5078 caecatus
1533 5025 1615 5079 estin
1627 5025 1747 5082 viadum

107 5117 272 5183 cnsdidistis,
286 5117 374 5172 inboc
385 5117 902 5191 quudafrderecessististDicitergo:
946 5125 1076 5190 pergeret
1089 5120 1257 5173 Damascum
1281 5116 1348 5182 (Act.
1366 5119 1414 5181 1¹),
1430 5120 1458 5168 et
1477 5119 1575 5185 postea
1599 5115 1693 5169 oranti
1715 5115 1747 5169 in
1840 5157 1843 5161 .

107 5205 165 5270 Qua
185 5207 295 5261 ratione
309 5207 366 5260 sive
380 5224 435 5278 qua
457 5207 578 5261 utilitate
599 5208 805 5277 praedicaverim
827 5210 904 5264 vobis
946 5209 1061 5278 templo.

106 5296 219 5350 verbum
236 5296 311 5355 fidei,
326 5296 350 5349 si
360 5296 472 5357 tenetis,
488 5296 622 5350 subaudis
634 5298 715 5350 modo
725 5299 807 5351 aliter
818 5316 903 5369 quam
983 5299 1035 5363 apo
1048 5300 1123 5350 enim
1138 5312 1200 5349 sum
1215 5296 1351 5348 minimus
1368 5296 1564 5362 apostolorum.
1581 5292 1673 5348 Causa
1691 5293 1746 5348 hu·

105 5392 171 5439 tunc
186 5385 316 5450 audistis,
333 5385 386 5438 nisi
402 5385 466 5454 quia
481 5385 583 5439 trustra
600 5387 780 5440 credidistis?
795 5390 837 5441 An
859 5405 903 5441 me
946 5386 1074 5440 militatis
1089 5387 1139 5438 hoc
1155 5385 1233 5439 dicit.
1245 5384 1318 5437 sicut
1337 5388 1365 5436 et
1380 5381 1530 5436 Mattheus
1558 5383 1605 5451 qui
1622 5388 1701 5435 vocat
1715 5397 1745 5434 so

104 5472 274 5545 predicante
290 5471 385 5544 adepti
405 5472 472 5528 estis
490 5474 574 5528 tidem
598 5475 781 5547 superlluaru,
798 5480 827 5529 et
848 5492 903 5529 nou
945 5474 1136 5546 publicanum.
1154 5473 1304 5528 Valetium
1316 5470 1449 5525 minimus
1464 5478 1508 5524 est
1522 5476 1648 5540 ternpore
1663 5475 1746 5523 etva-
