3840 6098
135 240 187 318 W
342 241 531 298 HAYMONIS
551 196 794 308 HALBEESEAT.
815 243 928 307 ΕΡΙθΐι
948 243 1028 306 om
1050 206 1143 305 ΗΠΒ
1161 250 1184 305 Ῑ.
1205 277 1241 295 -
1258 250 1445 308 connum.
1465 251 1559 307 BIBL.
1714 247 1769 306 348

135 365 486 439 aspenmtemlabommet
493 368 655 439 passionum
670 369 961 440 sustinctprocuri·a
971 386 1056 440 quarn
1070 372 1106 426 ad
1121 379 1216 441 poturo
1231 376 1359 445 pertinet.
1381 375 1453 431 Nam
1469 375 1559 429 sancti
1582 374 1710 428 doctores
1724 371 1771 427 vi-

136 464 202 510 sto:
223 458 251 511 in
265 457 455 525 superioribus
470 473 543 521 vero,
572 457 623 510 hoc
647 464 689 514 est
711 459 740 511 in
760 459 928 523 celestibus,
971 474 1039 513 uum
1055 460 1202 529 spirituale
1224 464 1379 527 ruminant,
1396 463 1509 534 quando
1523 456 1663 532 praecepta
1680 475 1771 516 aran-

137 546 373 615 pulchritudinem
382 547 582 605 atsuavitatem
592 552 733 617 exspectat
742 548 928 618 praemiorum.
971 548 1060 616 gellen
1074 549 1222 619 diligenter
1242 553 1401 622 exquirunt,
1418 559 1448 605 et
1469 551 1567 606 crebra
1585 542 1772 605 meditatione

136 635 233 697 Potest
244 641 273 695 et
287 652 337 705 per
353 637 473 706 palmam
487 634 571 693 arbor
586 634 738 705 Dominicae
748 636 933 707 arucisexpri·
973 635 1143 707 investigant
1154 644 1238 710 atque
1248 640 1365 696 invicem
1379 641 1536 695 conferunt·

137 725 186 786 mi,
201 724 230 787 in
244 741 328 794 quam
338 724 616 794 Redemptornosler
627 741 677 794 pro
693 725 809 780 humani
822 726 932 796 generis
1010 742 1024 781 a
1048 725 1105 795 Ego
1126 726 1227 782 dilecto
1251 745 1323 793 mco,
1346 735 1375 783 et
1399 730 1434 790 ad
1449 745 1494 783 me
1507 727 1651 783 conversio
1664 728 1737 796 ejus.
1754 742 1770 778 s

136 813 329 882 redemptione
338 812 474 877 ascendit,
490 817 519 868 et
535 812 629 883 inqua
640 813 747 870 hostem
760 814 877 870 humani
887 828 934 885 ge·
975 829 989 868 a
1004 813 1062 883 Ego
1074 814 1174 871 dilecto
1189 833 1279 881 meon
1291 817 1424 872 subaudis
1431 816 1596 888 obsequium
1609 807 1729 886 justitia
1743 817 1774 868 et

136 900 214 962 neris.
227 901 378 975 superarit.
395 901 442 956 att
456 917 522 977 ergo
536 919 542 953 :
558 901 655 976 «Diri,
672 902 820 958 ascendam
833 903 861 958 in
872 904 933 974 pal·
973 901 1129 971 devqtionis
1139 906 1270 975 impendo
1283 924 1289 958 :
1302 906 1351 970 illi,
1367 911 1396 960 et
1407 921 1464 959 non
1478 904 1558 959 alteri
1571 904 1657 958 fidem
1667 907 1696 956 et
1709 893 1773 960 scr·¹

137 1004 214 1068 mam
226 1007 235 1055 ;
246 1008 260 1043 s
271 989 299 1060 id
313 995 365 1054 eat,
381 1005 432 1059 per
446 1005 524 1048 meos
534 990 684 1061 propbetas
699 991 887 1057 locutussum,
903 998 933 1058 et
972 990 1090 1047 vitutem
1104 1009 1195 1047 meam
1207 994 1350 1063 promitto.
1367 995 1422 1048 «Et
1431 994 1467 1048 ad
1476 991 1774 1061 mercennarioque,-

136 1078 311 1148 prornisime
325 1078 531 1149 adpersionem
546 1083 706 1146 venturum,
730 1085 758 1133 et
774 1097 864 1136 meam
879 1082 931 1136 Ec-
971 1083 1004 1135 ut
1017 1095 1063 1145 me
1073 1079 1104 1135 iu
1122 1081 1252 1152 prasenti
1265 1082 1341 1136 inter
1353 1082 1463 1137 labores
1477 1087 1505 1136 et
1524 1094 1665 1136 aerumnas
1685 1080 1774 1148 bajus

136 1165 250 1228 blesiam
264 1167 506 1238 memororum..
518 1167 735 1239 Apprehendam
753 1169 865 1239 (inquit)
875 1171 932 1225 iru-
971 1166 1035 1223 vita
1046 1173 1169 1234 tueatur,
1184 1176 1211 1224 et
1224 1171 1254 1224 in
1268 1170 1363 1225 futuro
1384 1171 1421 1225 ad
1442 1170 1547 1240 gaudia
1566 1168 1627 1222 ritae
1648 1166 1774 1223 calade

136 1259 198 1316 ctos
212 1256 289 1325 eius3
304 1274 319 1314 r
335 1256 364 1311 id
378 1262 421 1313 est
433 1257 541 1315 tructus
555 1255 692 1312 bonorum
707 1264 823 1327 operum
843 1265 872 1312 et
888 1259 931 1313 la·
972 1254 1095 1313 inducat.
1112 1257 1209 1327 Potest
1232 1259 1318 1312 etiam
1339 1259 1398 1313 lraec
1418 1256 1480 1312 ess'a
1494 1272 1545 1312 vox
1565 1257 1722 1328 synagogae
1738 1268 1774 1309 ex

137 1343 249 1409 borum,
267 1343 370 1414 quium
383 1344 505 1401 Ecclesia
519 1345 639 1401 desudat
651 1347 875 1412 remunerando;
890 1349 933 1402 vel
975 1359 1094 1415 persona
1107 1352 1266 1401 sanctorum
1284 1347 1568 1411 Petrum,adventum
1580 1344 1685 1399 christi
1698 1332 1775 1397 desi?

137 1432 222 1492 eiiam
236 1433 390 1493 secundum
414 1449 509 1492 meum
530 1450 654 1497 sensum,
677 1450 732 1504 quo
748 1450 797 1503 per
810 1434 934 1504 palmam
975 1433 1143 1489 derantium.
1160 1437 1200 1489 Ac
1213 1435 1237 1490 si
1247 1436 1369 1490 diceret:
1384 1436 1447 1491 Scio
1464 1433 1577 1507 (inquit)
1591 1426 1672 1489 illum
1686 1431 1776 1503 spiri·

138 1537 208 1581 crux
223 1520 399 1591 intelligitur.
418 1523 657 1592 «apprehendam
668 1522 785 1586 fructus,
805 1540 819 1574 r
836 1523 865 1577 id
880 1527 933 1585 est.
975 1522 1046 1583 tuali
1068 1525 1217 1594 praesentia
1241 1525 1310 1578 mibi
1331 1540 1443 1596 semper
1464 1523 1572 1587 adesse,
1599 1525 1629 1575 et
1641 1520 1706 1575 ideo
1720 1533 1776 1590 ego

138 1611 253 1681 impleto
266 1611 408 1684 triumphe
418 1611 566 1682 passionis,
582 1611 691 1667 veniam
708 1612 743 1665 ad
757 1611 877 1682 gloriam
892 1629 935 1667 re·
976 1611 1077 1665 diiecto
1090 1629 1153 1666 meo
1164 1613 1240 1666 omni
1253 1612 1401 1668 devotione
1410 1606 1540 1666 famulari
1551 1609 1642 1681 cupio,
1652 1609 1701 1663 sed
1711 1607 1776 1663 tab-

138 1700 328 1770 surrectioniq,
345 1705 374 1755 et
382 1700 516 1770 apostolis
529 1701 598 1755 meis
609 1700 768 1770 spiritualia
780 1700 854 1755 dona
867 1677 966 1755 con-R
975 1700 1038 1754 dem
1056 1720 1067 1751 ι
1082 1700 1117 1753 ad
1133 1716 1177 1754 me
1189 1701 1331 1755 conversio
1346 1702 1435 1770 ejus.»
1446 1700 1512 1770 quia
1526 1705 1596 1769 opto·
1603 1703 1636 1752 ut
1643 1690 1774 1763 madeus,

139 1789 246 1848 cadam.
265 1806 280 1843 a
301 1789 335 1863 Et
354 1795 438 1844 erunt
455 1787 544 1846 ubera
557 1794 608 1844 tua
625 1789 698 1844 sicut
716 1789 789 1845 botri
805 1792 932 1854 vinea.»
975 1787 1047 1843 sicut
1069 1789 1206 1860 promisit,
1230 1789 1259 1844 in
1276 1805 1338 1843 mea
1361 1775 1518 1845 substantia
1535 1786 1605 1841 mihi
1626 1789 1775 1856 appareat.

139 1878 201 1938 lloe
220 1877 349 1947 superius
360 1879 421 1948 jam
436 1878 592 1948 expositum
612 1883 675 1950 est:
692 1895 756 1933 nam
773 1877 861 1933 ubera
881 1880 933 1934 Ec·
974 1877 1045 1931 biam
1060 1876 1170 1930 dixerat
1190 1892 1276 1948 supra
1298 1891 1417 1947 sponsus
1440 1891 1448 1931 ε
1469 1874 1654 1935 «docendam
1670 1872 1701 1925 in
1715 1871 1778 1943 pal-

138 1966 229 2025 clesiae
241 1967 371 2024 doctores
383 1972 526 2034 suut,cum
539 1968 668 2038 parvulos
678 1967 796 2038 simplici
806 1968 933 2023 doctrina
974 1980 1069 2031 mam;
1084 1982 1097 2016 o
1115 1965 1144 2019 id
1158 1970 1209 2031 est,
1224 1966 1391 2036 promiserat
1404 1982 1435 2019 ae
1445 1965 1565 2018 incarne
1578 1964 1776 2024 venturum&

139 2055 289 2120 nutriunt3
303 2056 353 2112 sed
377 2055 449 2111 botri
464 2057 549 2111 rineae
565 2056 734 2127 efficiuntur,
752 2073 815 2110 cum
830 2057 935 2126 perlec-
975 2070 1025 2124 pro
1035 2054 1158 2108 humano
1165 2071 1267 2124 genere
1277 2070 1436 2125 passurum,
1449 2059 1477 2108 et
1487 2052 1552 2107 inde
1560 2046 1775 2122 gratulabunda

139 2143 260 2204 tioribua
279 2143 412 2215 sublimia
426 2159 542 2214 quaeque
556 2145 735 2203 annuntiant,
752 2146 823 2199 Nam
837 2145 935 2201 beatus
975 2141 1095 2207 dicebat,
1120 2162 1134 2193 ι
1149 2143 1206 2212 Ego
1225 2143 1326 2209 dilecto
1341 2159 1414 2206 meo,
1428 2147 1458 2196 et
1471 2143 1506 2195 ad
1521 2156 1566 2196 mo
1580 2142 1612 2195 at
1625 2130 1775 2194 conversio

140 2231 244 2298 Paulus
256 2246 313 2288 uno
324 2232 478 2302 eodemque
492 2239 619 2303 tempore
633 2233 721 2289 ubera
735 2239 763 2288 et
777 2231 871 2287 botros
883 2233 935 2287 ho·
976 2230 1052 2299 ejus;
1071 2249 1082 2281 r
1097 2230 1126 2283 id
1141 2237 1192 2295 est,
1210 2231 1292 2284 credo
1312 2231 1392 2285 illurn
1406 2231 1548 2285 hominem
1564 2234 1726 2290 venturum,
1745 2229 1777 2280 et

139 2317 211 2381 buit,
225 2320 336 2388 quando
359 2319 394 2374 de
409 2320 520 2376 Christo
539 2322 656 2392 loquens
670 2322 763 2375 dixit:
782 2341 793 2371 ι
809 2322 935 2386 Quorum
976 2318 1006 2373 in
1027 2333 1090 2372 mea
1112 2318 1270 2387 substantia
1292 2319 1436 2384 hominem
1460 2318 1565 2383 mundo
1586 2315 1775 2371 manifestan-

140 2411 244 2477 patres,
258 2412 286 2465 et
301 2407 449 2478 exquibus
464 2408 601 2464 Christus.
620 2427 633 2462 r
650 2409 720 2463 Ecce
735 2408 831 2473 ubera,
845 2409 874 2463 id
893 2414 937 2463 est
977 2408 1054 2463 dum.
1716 2398 1720 2403 ⁶

141 2494 258 2565 simplex
270 2495 305 2553 de
320 2496 431 2552 Christo
447 2496 616 2566 predicatio.
642 2497 698 2552 Sed
721 2498 780 2553 baec
802 2497 889 2553 ubera
906 2497 936 2551 in
1015 2495 1124 2561 «lieni,
1147 2496 1247 2551 dilecta
1271 2497 1319 2561 mi,
1337 2497 1516 2567 egrediemur
1527 2495 1557 2551 in
1571 2509 1681 2564 agrurn,
1695 2508 1777 2547 com·

141 2583 338 2642 suavissimum
353 2591 382 2641 et
398 2585 582 2642 fortissimum
598 2586 693 2641 vinum
708 2603 839 2641 conversa
859 2593 934 2653 sunt,
978 2599 1120 2639 moremur
1145 2585 1174 2652 ip
1197 2585 1277 2640 villis.
1298 2604 1309 2636 r
1332 2586 1464 2656 Eiusdem
1487 2585 1642 2656 synagoge
1655 2597 1708 2645 pox
1720 2586 1775 2647 est,

141 2688 205 2733 cum
223 2672 444 2748 subjunximus
456 2681 499 2741 est
514 2675 588 2730 Deus
602 2674 765 2729 benedictus
780 2675 808 2729 in
824 2675 933 2729 saecula.
981 2673 1085 2736 «Veni,
1097 2673 1197 2733 dilecte
1209 2674 1257 2738 mi,
1271 2692 1284 2725 o
1300 2674 1329 2728 id
1346 2681 1398 2737 est,
1411 2690 1516 2744 appare
1531 2686 1581 2743 per
1595 2676 1778 2740 assumptum

178 2780 192 2820 e
212 2761 247 2817 Et
266 2761 336 2816 odor
352 2762 409 2818 oris
423 2763 466 2819 tui
486 2763 559 2819 sicut
573 2764 721 2819 malorum.
739 2763 842 2833 Guttur
855 2768 936 2818 tuum
977 2761 1134 2818 hominem.
1151 2762 1218 2817 Tale
1232 2767 1275 2816 est
1289 2767 1317 2816 et
1330 2763 1398 2816 illud
1414 2759 1579 2823 Pisalmis‘tre,
1593 2779 1603 2810 s
1617 2758 1715 2819 Exciso
1725 2773 1779 2829 po-

140 2848 213 2910 sicut
226 2849 320 2909 vinum
335 2851 484 2921 optimum.
508 2868 521 2906 r
544 2852 583 2907 Os
602 2857 630 2906 et
653 2852 722 2906 odor
736 2851 875 2915 Ecclesia,
895 2856 938 2921 est
978 2851 1095 2905 tentiam
1110 2856 1227 2906 tuamet
1241 2851 1319 2918 veni3
1332 2870 1345 2900 s
1362 2857 1391 2906 et
1401 2851 1490 2913 Isaiae,
1504 2867 1517 2902 ι(
1531 2849 1644 2909 Utinam
1666 2847 1778 2902 dimm-

141 2955 263 3008 praesena
285 2940 346 3008 ejus
369 2940 540 3010 praedicatio,
557 2955 619 3009 quae
637 2940 714 2996 fama
729 2940 770 2995 vel
784 2940 888 3010 scripto
901 2941 937 2995 ad
979 2955 1058 3009 peres
1073 2940 1166 3004 coelos,
1182 2941 1336 2994 etronircs.
1350 2957 1389 2992 o«
1407 2937 1630 3010 Egrediamurln
1642 2948 1774 3007 agrum·

141 3025 271 3085 absentes
287 3028 347 3101 eius
370 3029 504 3097 parvenit.
527 3028 632 3084 unctor
657 3045 721 3083 vero
745 3032 788 3082 est
809 3045 862 3083 vox
875 2992 1062 3100 ipsacdger,
1079 3028 1200 3082 mundus
1223 3028 1277 3082 iste
1300 3034 1352 3082 est.
1379 3048 1390 3081 ι
1411 3024 1596 3097 Egrediamur
1608 3020 1723 3095 (inquit)
1746 3022 1778 3078 in

141 3114 342 3186 predicatoris,
358 3132 420 3185 quae
434 3115 463 3170 in
478 3116 609 3185 prasenti
630 3116 753 3171 auditur.
778 3117 854 3171 Odor
871 3132 937 3187 ergo
979 3133 1107 3186 agrum»
1117 3116 1204 3183 idest,
1217 3116 1545 3186 praedioemusmundo.u
1559 3115 1779 3175 commoremur

142 3201 340 3257 orisEcclesiae
355 3205 487 3259 odoribus
506 3206 644 3259 malorum
665 3213 855 3275 comparatur,
873 3205 939 3275 quia
979 3206 1008 3259 in
1023 3205 1122 3267 villis»
1136 3206 1247 3272 horest,
1260 3205 1449 3276 ipsisquoque
1465 3200 1581 3274 paganis
1600 3201 1779 3266 ademtam

142 3291 204 3360 ipsa
219 3290 294 3348 fama
304 3292 509 3364 predicationis
522 3293 606 3364 plena
619 3298 662 3347 est
675 3293 820 3348 suavitatis
835 3298 862 3348 et
875 3311 938 3363 gra·
978 3292 1187 3347 annuntiemus.
1204 3293 1292 3347 Nemo
1309 3293 1400 3346 nescit
1418 3307 1542 3362 paganos
1562 3288 1661 3343 ovilla
1674 3286 1775 3352 dictor,

142 3378 198 3438 ua.
213 3377 318 3438 uultur
329 3396 394 3436 vero
408 3381 471 3437 vino
485 3381 591 3452 optimo
602 3381 782 3447 assimilatur,
797 3383 863 3453 quia
877 3382 939 3453 ipsa
980 3383 1046 3452 quia
1055 3381 1132 3452 πάγος
1141 3382 1246 3448 Gracc,
1262 3382 1327 3436 villa
1342 3382 1444 3444 dicitur
1457 3379 1568 3437 Latine.
1584 3376 1657 3432 Inde
1672 3376 1777 3448 pagani

142 3482 193 3525 vox
210 3467 419 3537 praedicantium
436 3481 566 3539 magnam
582 3469 611 3523 in
634 3486 665 3524 so
684 3470 815 3524 virtutem
831 3471 939 3525 audito·
979 3471 1056 3533 dicti,
1069 3471 1134 3540 quia
1148 3471 1231 3540 longe
1249 3477 1316 3535 sunt
1333 3487 1349 3524 a
1364 3470 1476 3523 civitate
1494 3468 1554 3522 Dei.
1571 3467 1669 3521 Potest
1682 3471 1778 3519 atrox

143 3554 221 3616 ribus
234 3557 407 3616 ostendebat.
423 3557 502 3621 Quod
518 3574 582 3612 vcro
601 3558 738 3613 malorum
760 3559 830 3613 odor
844 3559 873 3612 in
891 3576 939 3613 no·
980 3559 1107 3613 Ecclesia
1122 3575 1193 3623 esse,
1212 3577 1225 3609 c
1245 3559 1325 3624 Veni,
1341 3558 1442 3615 dilecte
1458 3558 1505 3611 mi.
1528 3577 1539 3607 r
1555 3557 1594 3609 Ac
1610 3554 1633 3608 si
1646 3555 1777 3608 dicaret:

141 3644 228 3700 ritate
252 3653 304 3710 cst,
326 3647 383 3701 vini
399 3664 463 3701 vero
477 3649 507 3701 in
521 3651 670 3706 vetustate,
685 3647 824 3717 significat
839 3647 940 3716 praedi·
979 3646 1043 3700 Jam
1059 3647 1192 3717 mysterio
1207 3647 1378 3711 ascensionis
1393 3652 1568 3715 assumptum
1580 3643 1726 3696 hominem
1742 3640 1780 3696 sd

143 3732 281 3790 ostionem
303 3735 431 3791 Ecclesia
446 3741 474 3789 et
495 3735 525 3791 in
548 3736 592 3791 sui
614 3737 745 3796 novitate,
762 3741 791 3790 et
809 3735 893 3789 etiam
909 3735 938 3789 in
980 3737 1064 3789 coelos
1084 3736 1245 3796 sublevasti,
1263 3735 1312 3788 sed
1327 3735 1399 3800 veni,
1415 3734 1514 3788 divinas
1529 3731 1686 3801 majestatis
1704 3745 1779 3801 praa·

143 3820 188 3879 sui
201 3822 370 3896 perfectione
389 3838 502 3883 onmem
526 3823 629 3879 habere
652 3823 818 3879 suavitatem
834 3829 939 3893 etgra-
980 3820 1777 3894 sentiamesapiusvisitandosEgi-ediamurinagrurnn

144 3909 222 3966 tiam.
235 3929 248 3963 u
260 3911 382 3985 Dignum
396 3912 496 3967 dilecto
509 3928 571 3967 meo
581 3913 617 3967 ad
630 3912 792 3984 potandum,
803 3912 939 3983 labiisque
980 3913 1084 3967 Eodem
1099 3929 1182 3967 sensu
1195 3929 1251 3983 quo
1266 3918 1294 3967 et
1307 3911 1444 3983 superius,
1461 3909 1647 3964 Praedicemus
1661 3912 1720 3961 tuas
1733 3906 1780 3960 in·

144 4002 173 4055 et
187 3998 318 4057 dontibus
329 4001 405 4056 illius
420 4001 654 4067 ruminandumr
671 4002 729 4056 Vox
743 4002 871 4055 Ecclesia
885 4007 936 4056 est.
980 4001 1149 4057 carnationis
1172 4001 1255 4054 iidem
1277 3999 1390 4066 mundo.
1414 4016 1427 4050 s
1453 3999 1668 4052 commoremur
1686 3993 1781 4048 invil-

145 4087 215 4162 Quqe
239 4090 357 4156 audiens
380 4106 409 4143 ae
431 4089 539 4146 laudari
559 4106 575 4144 a
593 4106 706 4160 sponso,
732 4089 940 4158 gratulabunda
980 4090 1035 4155 lis,
1052 4109 1064 4141 »
1080 4089 1108 4142 id
1124 4094 1177 4155 est,
1189 4089 1274 4143 etiam
1296 4086 1489 4157 ignorantibus
1514 4092 1543 4138 te
1562 4083 1683 4154 paganis
1696 4090 1781 4153 tuam

144 4177 296 4246 respondet
311 4195 317 4227 :
332 4196 344 4230 ι
362 4177 482 4246 Dignum
500 4177 603 4231 dilecto
618 4192 681 4231 meo
693 4175 727 4229 ad
743 4177 906 4244 potandum.
924 4193 938 4227 r
981 4180 1065 4233 fidem
1079 4178 1288 4240 annuntiemus,
1311 4177 1404 4242 necin
1416 4175 1547 4235 transitu,
1561 4173 1780 4232 sedcommore·

145 4264 189 4319 Ac
202 4263 226 4320 si
239 4264 360 4336 diceret:
375 4263 499 4334 Sponsus
513 4280 592 4319 meus
606 4269 705 4334 guttur
715 4280 808 4319 meum
822 4263 941 4335 vinoop
981 4284 1045 4321 mur
1056 4266 1116 4331 tibi,
1130 4268 1217 4320 donec
1231 4266 1294 4320 illos
1314 4282 1347 4319 ex
1362 4264 1478 4335 paganis
1490 4261 1651 4324 catholicos,
1663 4275 1697 4313 ex
1711 4259 1782 4314 alia·

145 4350 214 4405 timo
228 4351 407 4420 compararit,
424 4358 452 4404 at
463 4351 532 4406 illud
548 4352 642 4406 vinum
656 4351 771 4424 dignum
782 4357 825 4405 est
838 4352 873 4406 ad
889 4367 939 4422 po·
948 4333 1024 4408 Dnis
1034 4353 1083 4409 tibi
1098 4354 1225 4425 proprios
1239 4354 1382 4407 faciamus.

145 4438 262 4497 tandum
273 4439 334 4511 ipso
348 4438 449 4499 dilecto
470 4455 543 4508 meo,
558 4439 610 4494 boc
624 4445 668 4493 est
680 4440 841 4510 praedicatio
856 4456 940 4495 evan·
1018 4442 1128 4496 «Mane
1139 4459 1288 4512 surgamus
1301 4443 1336 4495 ad
1350 4441 1454 4494 vineas.
1470 4459 1481 4491 r
1499 4440 1581 4493 Mane
1596 4441 1713 4491 exortus
1736 4439 1784 4490 est

144 4526 243 4596 gelioa,
259 4543 343 4598 quam
355 4526 385 4581 in
400 4544 448 4581 ore
462 4544 525 4583 meo
539 4529 640 4598 posuit.
656 4545 706 4599 per
720 4527 821 4598 ipsum,
837 4534 866 4583 et
884 4544 941 4586 nou
980 4549 1057 4586 novae
1067 4531 1174 4601 gratia,
1191 4531 1303 4601 quando
1320 4529 1460 4592 videlicet,
1475 4525 1689 4582 transeuntibus
1701 4529 1785 4579 tens

146 4617 295 4687 paralium
310 4616 472 4674 annuntiari
486 4616 569 4673 debet
583 4617 611 4672 in
625 4617 739 4673 mundo.
754 4618 851 4686 Neque
865 4617 940 4674 enim
981 4619 1039 4674 bris
1045 4618 1411 4687 infidelitatis,Evangclium
1427 4617 1531 4671 mundo
1545 4615 1628 4685 coepit
1639 4613 1780 4684 pradica-

144 4722 194 4776 per
211 4705 297 4763 alium
313 4705 570 4775 decebatmysteria
579 4705 657 4775 regni
668 4705 788 4761 coelestis
794 4705 940 4775 praedicari
981 4709 1015 4762 ri.
1033 4708 1233 4762 ‹Videamussi
1240 4707 1334 4762 floruit
1343 4707 1449 4760 vineas
1463 4706 1522 4758 Hoc
1532 4717 1584 4769 eat,
1594 4702 1780 4772 inspiciamus

146 4795 174 4849 in
188 4795 302 4855 mundo,
320 4811 403 4865 quam
415 4811 465 4864 per
480 4795 664 4850 mediatorem
677 4794 727 4848 Dei
740 4800 768 4849 et
782 4794 939 4852 hominum·
982 4795 1143 4852 Ecclesiam.
1164 4796 1188 4848 si
1201 4796 1260 4865 jam
1276 4794 1368 4866 prima
1381 4794 1446 4848 fidei
1459 4792 1622 4846 rudimenta
1642 4790 1779 4861 suscepit.

147 4882 412 4954 «Etlabiistinquitl
428 4883 681 4938 etdentibusillius
695 4883 907 4938 ruminandum.
925 4902 938 4937 o
984 4885 1036 4938 «si
1052 4885 1133 4938 liores
1146 4884 1253 4938 tructus
1272 4883 1441 4953 parturiunt.
1461 4900 1472 4932 r
1489 4879 1676 4951 Inspiciamus
1691 4879 1784 4934 etiam

146 4971 234 5026 Labie
251 4977 280 5026 et
293 4971 391 5027 dentes
411 4971 516 5042 spousi,
539 4978 571 5028 ut
589 4989 675 5043 supra
697 4972 803 5028 dictum
823 4977 874 5030 est.
891 4972 939 5028 do·
982 4973 1006 5027 si
1020 4973 1102 5026 tiores
1113 4971 1412 5041 parturiunt'tructum,
1425 4970 1453 5023 id
1464 4975 1515 5029 est.
1529 4969 1552 5022 si
1562 4967 1602 5022 illi
1613 4967 1663 5038 qui
1675 4968 1737 5037 jam
1751 4967 1785 5021 in

145 5065 236 5114 oteres
251 5059 339 5114 sancti
362 5065 436 5114 suut.
459 5060 529 5127 illud
545 5077 612 5130 ergo
624 5061 719 5116 vinum
742 5061 879 5130 optimum
895 5076 941 5114 ru·
981 5060 1124 5115 Christum
1139 5060 1328 5122 crediderunt,
1343 5060 1436 5113 idonei
1451 5064 1516 5112 sunt
1531 5057 1566 5111 ad
1578 5056 1649 5110 bena
1662 5072 1790 5127 operan-

144 5146 308 5202 minaudum
326 5156 368 5200 est
382 5147 462 5202 labiis
478 5153 506 5201 et
519 5148 650 5205 dentibus
665 5150 769 5220 sponsi,
787 5149 854 5218 quia
867 5165 939 5218 pra·
980 5149 1132 5204 dumNam
1146 5151 1227 5203 liores
1239 5149 1342 5215 emittit
1355 5148 1485 5208 Ecclesia,
1501 5146 1697 5216 cumprimum
1714 5145 1786 5200 fida*

144 5234 247 5293 dicatio
267 5235 426 5304 evangelica
445 5252 462 5290 a
486 5234 645 5292 doctoribus
659 5237 808 5292 tractanda
820 5243 848 5291 ct
859 5253 940 5308 expo·
981 5240 1022 5293 les
1034 5239 1068 5293 ad
1080 5240 1163 5292 sidem
1172 5239 1296 5291 veniunt.
1307 5237 1402 5291 Floras
1411 5252 1476 5290 uero
1487 5235 1594 5289 tinctus
1604 5233 1780 5304 parturiunt,

144 5328 237 5382 nenda
260 5334 312 5382 est.
338 5329 396 5381 Nec
420 5328 573 5383 absurdum
595 5336 646 5393 est,
672 5331 745 5400 quod
765 5346 827 5383 cum
845 5330 940 5383 vinum
981 5344 1043 5380 cum
1053 5324 1673 5397 jamipsatideetdilectionebeneoperatur,
1686 5339 1725 5376 ne
1738 5321 1782 5393 ip·

144 5422 266 5488 potetur,
281 5423 310 5472 et
328 5433 382 5471 non
396 5418 562 5483 ruminetur,
577 5419 622 5473 hic
635 5427 729 5473 tamen
743 5420 846 5473 dicitur
857 5418 941 5485 labiis
981 5416 1093 5470 sairdas
1108 5423 1198 5469 otiose
1212 5415 1257 5478 sit,
1276 5415 1317 5467 vel
1329 5421 1438 5468 mortua
1453 5413 1512 5467 sine
1528 5410 1678 5482 operibus;
1701 5425 1781 5475 nam,

145 5513 174 5562 et
195 5504 326 5561 dentibus
349 5505 558 5575 ruminandum,
581 5507 656 5578 quod
680 5508 770 5578 magis
790 5508 826 5562 ad
846 5507 941 5563 cibum
981 5510 1013 5559 ut
1025 5503 1148 5560 lacobus
1162 5503 1239 5570 dicit,
1251 5521 1263 5554 r
1276 5501 1346 5556 fides
1355 5503 1416 5558 sine
1428 5501 1560 5572 operibus
1574 5503 1690 5555 mortua
1703 5499 1781 5554 eati
