3818 6104
68 270 127 333 837
399 274 590 335 fflOBl'l'lO
612 281 650 337 ΙΝ
670 280 747 338 EPP.
769 282 801 337 S.
819 276 938 337 PAULI.
956 308 988 325 ··
1008 282 1048 337 lN
1066 276 1179 339 EPlfl'l'.
1199 276 1250 341 ΑΒ
1267 276 1374 342 aaut.
1663 282 1716 349 838

69 399 120 455 bet
129 403 301 457 mediocrum
312 403 556 475 peritissimusqui
566 406 682 461 veniens
692 407 721 461 in
731 408 873 462 civitatem
883 408 906 467 ll
915 406 960 460 dis
970 407 1037 477 quia
1048 414 1077 461 et
1086 410 1146 480 ipse
1158 416 1186 465 et
1196 427 1247 465 nos
1257 426 1354 465 exuno
1365 410 1423 465 Duc
1434 410 1521 465 Patro
1533 428 1641 479 sumus,
1652 414 1719 469 licet
1751 478 1757 486 ¹

67 490 237 559 populosam
248 491 296 545 ubi
307 492 389 545 multi
400 492 504 546 intirmi
515 492 663 557 habentur,
673 500 811 567 temperat
823 512 874 566 pro·
915 494 1044 555 discrete.
1068 512 1124 551 uon
1148 502 1333 567 conscenditur
1355 501 1459 566 stutm
1480 516 1577 559 cucero
1595 518 1647 563 cur,
1667 503 1717 573 qui

67 578 178 632 tionem
191 579 518 647 contraomniagenero
537 580 747 647 intirmitatum,
768 589 797 637 et
811 600 876 637 cco-
915 590 982 637 suot
1002 585 1051 638 tilii
1071 586 1330 657 adoptiridirens:
1350 588 1491 643 ll'untr'obo
1515 604 1616 645 aaaron
1635 596 1717 646 tuum

67 670 153 719 vocat
170 681 277 727 omnes,
307 666 402 721 ducos
420 683 426 718 :
447 666 557 725 Venite.
577 684 675 723 omncs
704 670 798 741 populi
826 672 874 741 qui
915 674 1139 740 [retribucionis.
1157 676 1227 730 Cum
1241 676 1319 741 dicit,
1332 692 1388 731 non
1401 677 1717 734 erubescitlrotrcsecs

68 753 155 809 uariis
168 753 383 809 infirmitatibus
396 753 543 819 laboratis,
560 762 588 810 et
609 756 695 811 bibite
710 776 742 812 ax
757 760 809 813 hac
823 776 874 830 pc-
915 776 1023 819 occare.
1037 763 1161 818 ostendit
1175 780 1228 818 nos
1238 780 1299 818 esse
1312 765 1440 818 eamdem
1453 764 1657 823 fraternitatem
1668 782 1717 823 oo·

67 841 251 912 tloua,quam
259 843 734 916 causasalutisrestrarpneparari1
751 849 875 918 spondeo
916 858 982 903 strue
995 850 1176 915 humilitatis,
1196 852 1245 905 sed
1265 852 1293 905 in
1304 853 1495 907 misericordia
1504 855 1566 923 ejus
1576 856 1675 921 multa,
1688 861 1718 911 et

70 930 152 985 robis
164 946 230 985 cum
245 930 442 993 obtestatione,
458 933 532 1002 quod
551 933 575 986 si
594 934 657 1004 quis
673 934 775 989 biberit
788 953 821 990 ex
840 953 874 991 ea
913 938 1074 994 humilitate
1086 940 1209 993 maxima
1223 941 1272 1011 qui
1286 957 1338 994 nos
1353 942 1454 995 tratres
1469 942 1556 1011 elegit
1569 944 1622 997 sibi
1639 960 1644 996 :
1662 944 1716 1000 looc

67 1019 210 1075 nsdolam
233 1020 330 1075 statim
353 1027 550 1091 consequetur.
570 1022 624 1085 Qui
644 1024 762 1078 credunt
780 1025 872 1080 verbis
915 1042 1026 1097 quoque
1037 1028 1199 1098 prophetico
1210 1028 1334 1082 affirmat
1348 1030 1558 1085 testimonione
1572 1031 1653 1101 qussi
1667 1046 1718 1088 no-

67 1106 873 1182 illius,ooccdunt,bibuotetsaoanturzquireroranuunt
914 1131 978 1169 rum
993 1122 1151 1185 putaretur,
1166 1122 1195 1170 et
1215 1132 1271 1170 raon
1286 1118 1375 1171 multo
1390 1124 1456 1171 anto
1471 1118 1646 1189 praedictum.
1664 1121 1715 1175 Ait

67 1194 177 1263 bibere,
185 1213 242 1251 non
253 1204 399 1262 anantur,
406 1198 457 1253 sed
464 1197 493 1251 in
505 1199 731 1254 suaintirmitate
740 1203 871 1257 cantabo·
913 1204 989 1256 enim
1004 1223 1010 1257 ε
1026 1206 1167 1258 lt'antiabo
1183 1221 1282 1258 nomen
1297 1211 1378 1259 turim
1403 1208 1541 1271 frutribus
1553 1211 1631 1263 rucio.
1647 1210 1715 1264 Post

67 1290 162 1339 soant.
170 1285 315 1349 Quantum
326 1302 393 1357 orgo
401 1287 434 1341 d
445 1286 545 1341 medici
556 1286 730 1343 devotionem
739 1292 870 1361 pertinet,
913 1308 1021 1347 sermm
1037 1293 1196 1361 [tassionem
1211 1300 1239 1347 et
1260 1293 1447 1347 venerandum
1467 1296 1712 1365 resurrectionem,

66 1373 873 1449 proomniumillorumoalutepoticnemtemperaritdieet
913 1381 1054 1450 promittit
1068 1396 1099 1435 se
1112 1381 1231 1451 gloriam
1246 1381 1400 1437 diuinitatis
1417 1388 1550 1451 paterna,
1566 1388 1596 1437 et
1610 1400 1715 1441 nomen

65 1461 131 1517 aliia
144 1478 203 1517 non
216 1463 315 1534 prosit,
330 1463 386 1517 nisi
401 1462 445 1517 his
460 1464 508 1534 qui
532 1482 564 1518 cx
586 1482 620 1519 ea
634 1465 775 1521 biberunt.
790 1468 829 1521 ita
845 1475 873 1523 et
913 1468 975 1537 ejus
990 1484 1045 1539 quo
1067 1476 1148 1539 pater
1169 1469 1315 1523 eiectatur
1330 1476 1388 1523 toto
1404 1468 1471 1523 orbo
1491 1470 1712 1541 divulgaturum.

67 1550 210 1615 Christus,
221 1555 360 1622 quantum
376 1552 405 1605 in
417 1568 448 1606 ee
460 1552 524 1615 luit,
541 1570 590 1623 pro
602 1554 732 1609 omnibus
743 1563 871 1611 mortuus
911 1557 1056 1611 Nuntiato
1067 1557 1144 1617 dicit.
1158 1558 1187 1612 id
1202 1563 1246 1612 est
1259 1559 1369 1613 narrari
1385 1558 1487 1612 luciam
1498 1574 1515 1612 a
1528 1560 1715 1629 prodicatori-

66 1644 120 1702 ost.
142 1656 307 1709 quanquam
326 1656 383 1695 nou
397 1641 487 1711 prosit
505 1642 567 1711 ejus
588 1644 681 1712 passio
695 1643 749 1697 nisi
764 1645 870 1699 solum·
911 1643 963 1699 bus
978 1646 1047 1699 miris
1062 1646 1130 1699 mini
1144 1662 1161 1700 a
1175 1652 1203 1699 te
1217 1646 1300 1701 datis.
1314 1647 1387 1701 Nam
1402 1661 1553 1716 resurgens
1566 1648 1716 1705 amortuis

65 1727 152 1783 modo
161 1728 207 1783 ai·
215 1728 263 1798 qui
270 1729 301 1783 iu
307 1744 372 1783 eom
382 1729 659 1785 credererolucrunt.
668 1732 814 1803 Simulque
823 1750 871 1788 no·
879 1714 901 1773 Β
910 1733 979 1787 dicit
988 1734 1152 1789 mulieribus
1165 1754 1170 1789 :
1184 1738 1222 1789 lte
1232 1738 1361 1789 arentiute
1370 1738 1509 1803 frutribus
1517 1740 1713 1807 meto,(llottd.

65 1816 188 1871 madum
203 1816 270 1887 quia
284 1833 341 1871 acu
360 1818 431 1871 dixit
443 1818 604 1888 Apostolus
620 1818 761 1889 subjacuit
775 1821 869 1893 morti,
910 1821 1025 1890 xxvrrr);
1042 1826 1071 1875 et
1085 1822 1120 1875 ad
1133 1821 1270 1877 Mariam:
1292 1824 1360 1877 Vade
1372 1825 1410 1875 uri
1422 1825 1526 1890 fratros
1536 1824 1711 1893 incortiooa.

66 1904 117 1961 md
131 1904 247 1977 proprie
257 1904 381 1974 gustavit
397 1911 527 1971 mortem,
542 1923 594 1977 per
605 1908 680 1977 quod
694 1907 870 1962 velocitatem
911 1918 949 1973 rt,
965 1914 991 1961 ct
1003 1910 1047 1963 dic
1056 1912 1104 1963 eis.
1116 1910 1229 1964 Fratres
1239 1915 1333 1964 sutem
1344 1911 1478 1967 dicuntur
1491 1917 1520 1966 et
1534 1912 1582 1982 qui
1592 1912 1714 1984 diligunt

65 1992 284 2051 resurrectionis
291 1983 626 2049 roluitostendere.Brevi
632 1996 870 2067 etenimtempore
912 1997 997 2067 etqui
1009 1996 1179 2067 diliguntur3
1195 1998 1274 2052 addit
1283 2014 1367 2053 vcro:
1384 2002 1416 2053 ln
1429 2002 1516 2053 medio
1526 2004 1640 2055 ecelesia
1652 2005 1714 2057 tuu-

64 2098 83 2139 o
99 2085 198 2139 morte
211 2081 304 2151 potuit
318 2083 418 2148 teneri,
434 2087 466 2137 ut
486 2099 520 2139 ea
533 2083 652 2145 devicta,
667 2086 813 2139 corilestim
830 2087 869 2139 ri·
910 2087 979 2139 cauo
989 2092 1021 2139 tc.
1039 2085 1072 2139 ln
1083 2086 1174 2141 medio
1186 2087 1325 2151 Ecclesiae,
1338 2088 1390 2141 hoo
1403 2093 1447 2141 ost
1461 2088 1490 2143 io
1500 2094 1574 2143 coetu
1586 2088 1713 2145 idolium

63 2180 129 2231 otor
142 2180 316 2244 resurgeret.
909 2174 1034 2229 laudarit
1043 2175 1133 2230 Deum
1143 2176 1255 2229 Patrem
1265 2175 1352 2229 Filius
1363 2175 1712 2246 quandoapostolismvsr·

97 2264 214 2319 mama
223 2267 369 2318 catiacum
378 2272 490 2334 propter
499 2282 578 2333 ortem
589 2270 721 2331 solutumst
730 2283 779 2336 prr
788 2285 868 2336 quem
909 2265 976 2319 sisa
989 2263 1185 2335 predicatione
1194 2264 1283 2317 dixit:
1298 2266 1432 2330 Confiteor
1442 2266 1502 2329 titi,
1514 2267 1606 2331 Pater,
1621 2267 1715 2320 Domi·

63 2354 174 2411 omnio,
186 2354 237 2419 qui
243 2354 422 2419 norottossttior
434 2356 464 2406 in
473 2356 593 2420 plor-ium
604 2356 767 2411 adieram.
776 2362 868 2410 niorto·
910 2370 943 2406 nc
957 2354 1016 2407 curti
1025 2358 1050 2404 et
1060 2356 1148 2417 terne,
1160 2352 1187 2405 id
1199 2358 1243 2406 est
1253 2352 1338 2406 laudo
1349 2357 1379 2406 ct
1387 2352 1512 2422 glorifico
1521 2363 1560 2415 te,
1572 2354 1638 2424 quia
1649 2358 1712 2409 otr-

63 2452 126 2493 rom
139 2442 241 2493 solutio·
251 2454 348 2493 corum
357 2445 549 2497 corrouramori
555 2458 605 2511 per
614 2448 777 2511 pressionem.
785 2446 868 2499 liecu-
908 2442 1027 2495 concitati
1036 2441 1091 2494 dee
1100 2456 1118 2493 a
1127 2442 1297 2509 cupientibus
1307 2446 1332 2494 ct
1340 2443 1537 2508 prudentibus,
1550 2448 1575 2496 et
1586 2446 1713 2497 resoluat

62 2525 869 2603 bot.inquit,eumauctorem,seilicetsalutiseorum‚per
908 2546 940 2583 eo
953 2531 1081 2596 percutio
1097 2529 1171 2593 (luc.
1187 2530 1227 2591 x).
1242 2530 1305 2598 lpse
1320 2544 1432 2598 quoque
1446 2529 1712 2599 quotidisinmcdio

62 2615 229 2687 pamiouem
239 2618 438 2680 consummari,
448 2618 478 2672 id
488 2624 530 2673 est
542 2620 676 2688 perticere
690 2620 815 2675 omnium
825 2638 868 2675 sa·
909 2617 1037 2671 Ecclesiae
1051 2616 1149 2671 laudat
1162 2616 1253 2670 Deum
1266 2618 1390 2677 Patrem.
1405 2617 1472 2671 dum
1494 2617 1591 2673 fideles
1606 2619 1712 2690 quiquo

61 2703 157 2759 lutera
171 2704 394 2775 perpessionem
408 2706 522 2770 Christi,
537 2706 585 2777 qui
600 2713 643 2762 est
656 2714 755 2762 auctor
769 2711 869 2763 salutis
908 2707 971 2776 ejus
992 2705 1122 2775 passione
1139 2708 1169 2758 et
1189 2705 1394 2758 resurrectione
1417 2705 1567 2775 redempti,
1592 2708 1710 2777 ejusque

63 2792 194 2849 omnium
209 2794 395 2857 credentium,
411 2799 439 2849 et
461 2796 510 2865 qui
530 2800 596 2849 anta
611 2797 769 2866 passionem
788 2815 867 2853 suam
909 2794 1076 2863 loaptismatc
1091 2793 1190 2857 abluti,
1201 2793 1357 2848 indefessas
1371 2792 1468 2847 laudes
1483 2794 1540 2847 Deo
1551 2794 1628 2848 Patri
1639 2795 1711 2850 rste·

62 2881 172 2937 nultos
193 2882 268 2937 idios
281 2883 427 2953 adoptivos
443 2883 600 2939 adduxerat
612 2884 641 2937 in
655 2885 775 2955 gloriam
791 2886 866 2951 tidei,
909 2888 976 2936 runt
987 2882 1079 2945 corde,
1089 2898 1138 2935 ore
1147 2887 1176 2935 ct
1185 2897 1282 2951 opere:
1294 2882 1339 2935 his
1352 2881 1427 2935 enim
1440 2880 1532 2936 tribus
1544 2882 1636 2937 modis
1648 2882 1708 2938 lau·

63 2969 126 3041 spei
136 2976 166 3025 et
175 2970 334 3041 charitatis,
347 2972 395 3043 qui
405 2978 511 3027 certam
522 2990 600 3043 spem
615 2973 867 3043 trabebantgaodis
908 2970 1018 3025 dandus
1030 2974 1073 3023 ost
1088 2970 1172 3023 Deus.
1184 2972 1216 3023 m
1227 2973 1347 3023 iterum:
1363 2971 1417 3037 Epo
1430 2986 1477 3024 cro
1489 2972 1576 3037 fidens
1587 2973 1620 3025 ia
1633 2988 1708 3039 sum,

62 3058 167 3131 patrie
178 3059 300 3119 coelostis
309 3068 338 3116 ot
347 3061 444 3115 aetemi
455 3062 534 3131 regni
544 3062 735 3116 hoereditatem
746 3080 778 3116 se
788 3066 898 3132 posscc
911 3061 962 3113 hoc
976 3062 1019 3112 cst
1033 3058 1064 3112 in
1078 3058 1166 3112 Deum
1180 3058 1303 3113 Petreio.
1322 3058 1378 3111 Vox
1392 3064 1436 3113 cot
1450 3058 1512 3113 Filii
1527 3058 1578 3113 Dei
1594 3058 1630 3114 de
1650 3060 1709 3115 Deo

63 3146 228 3218 percipere3
238 3149 281 3203 rel
291 3154 367 3203 certe
378 3150 595 3220 perpessionem
607 3150 724 3223 decubat
732 3168 796 3205 eum
807 3168 869 3221 per-
908 3144 994 3201 Patre
1003 3163 1036 3199 ex
1046 3152 1126 3215 parte
1135 3146 1320 3201 hornanitatis
1329 3146 1559 3215 loquentisNam
1570 3147 1654 3203 homo
1664 3164 1710 3207 su·

62 3232 256 3291 ficeraonrnia
265 3252 327 3307 quse
335 3236 369 3290 dc
379 3235 427 3290 illo
436 3236 567 3308 predicta
575 3244 664 3291 erunt.
672 3238 752 3291 Unde
761 3238 821 3309 ipse
832 3239 870 3293 di·
909 3240 1022 3303 aceritus
1035 3252 1052 3289 a
1064 3234 1157 3295 uerbo.
1170 3240 1258 3287 totam
1274 3234 1471 3289 confidentiam
1482 3252 1564 3290 suam
1575 3236 1605 3289 in
1618 3236 1710 3291 Deum

63 3319 107 3375 xit
114 3322 245 3392 pendeus
259 3323 288 3377 in
297 3340 395 3379 cruce:
409 3326 637 3379 Goosummatmn
650 3333 688 3377 cot
698 3326 786 3383 [ioan.
797 3326 866 3393 niul
909 3323 1024 3377 Patrem
1035 3323 1155 3393 positam
1164 3322 1377 3386 habebat,umle
1386 3323 1513 3378 ‹licalratx
1524 3327 1615 3389 Pater,
1626 3328 1711 3379 ctori-

62 3408 388 3481 Propter‚qucmomnia
399 3412 426 3466 id
434 3418 477 3467 est
482 3429 532 3483 per
540 3419 657 3467 mortem
664 3414 725 3483 ejus
732 3420 869 3469 restaura·
909 3414 960 3478 tice
983 3414 1086 3465 Filium
1107 3414 1367 3475 tarraconensia.
1386 3410 1421 3465 lit
1436 3428 1486 3481 piru
1506 3412 1635 3468 lidclibus
1650 3412 1710 3467 suis

63 3504 96 3559 lt
104 3501 404 3557 suntomoiocmlestia
414 3501 595 3556 ettorrestria
606 3514 612 3548 ε
625 3501 870 3557 homoscilicetre·
909 3500 1070 3571 supplicans
1092 3500 1186 3554 aiebat
1201 3516 1207 3552 :
1225 3501 1314 3562 Peter,
1330 3502 1391 3553 virdo
1412 3505 1443 3553 ut
1467 3502 1517 3554 aii
1536 3516 1582 3567 epo
1595 3516 1670 3566 oum,
1684 3505 1711 3555 ct

62 3588 201 3661 demptus
212 3594 242 3646 ct
255 3606 391 3645 numerus
404 3590 569 3661 angelorum
584 3590 803 3660 redintegratus.
815 3593 869 3645 Per
910 3591 957 3643 icti
970 3591 1028 3643 sirit
1046 3604 1152 3643 urracam
1167 3588 1256 3657 (loen.
1273 3590 1352 3655 xrrr).
1368 3588 1444 3650 Quos
1457 3587 1543 3643 etium
1558 3586 1710 3643 exhortans

63 3678 401 3750 quomammaaubmdis
408 3680 565 3769 factasunt,
574 3679 656 3749 juxta
664 3680 738 3750 quod
747 3680 869 3733 loannes
909 3681 942 3743 ut
954 3676 1153 3731 confidentiam
1166 3674 1312 3738 haberent,
1328 3674 1399 3729 dixit
1414 3693 1420 3729 :
1435 3676 1577 3741 ticrrltditc.
1594 3691 1640 3743 epo
1655 3677 1711 3729 tici

63 3766 148 3829 dicit,
165 3770 262 3821 omnia
274 3784 324 3837 per
336 3771 428 3837 ipsum
439 3770 514 3835 secto
528 3771 595 3822 suat
610 3770 700 3833 (locri.
715 3766 869 3837 rtvidesm
910 3766 1047 3819 rutundum
1065 3766 1154 3827 ilcan.
1168 3770 1235 3833 ru).

64 3860 206 3927 quantum
218 3860 262 3911 est
274 3855 304 3909 in
320 3856 414 3911 medio
434 3855 535 3917 nostri,
550 3854 688 3925 nobisque
703 3856 869 3925 conjunctus
945 3854 977 3907 Et
991 3857 1094 3907 imaum
1109 3871 1117 3906 :
1133 3853 1197 3907 Erec
1210 3868 1258 3917 opo
1271 3853 1386 3919 clamari
1400 3852 1455 3904 arri
1468 3866 1536 3917 quos
1548 3852 1623 3907 dedit
1638 3852 1710 3907 milti

63 3944 140 4001 ast?
166 3944 232 4014 lpse
249 3943 336 4001 Filius
355 3952 384 4000 et
402 3960 453 4001 nos
473 3943 533 4009 lolii,
554 3943 601 3999 illc
621 3944 751 4013 proprius
770 3948 800 3999 et
816 3960 868 3999 nos
908 3943 989 3997 licus.
1014 3941 1079 3997 tlaec
1093 3940 1149 3996 duo
1164 3940 1326 3998 testimonia
1340 3943 1454 4009 sarapta
1467 3942 1535 3995 sunt
1548 3956 1582 3997 or
1595 3939 1709 3997 oraculo

63 4032 214 4103 adoptivi:
236 4032 285 4086 sed
308 4033 356 4086 ille
381 4033 470 4087 salvat
491 4038 520 4086 et
542 4047 593 4085 nos
617 4032 767 4087 salvamur.
784 4031 868 4087 Vides
909 4030 990 4085 lsaire
1004 4029 1148 4101 prophetae
1170 4027 1312 4098 loquentis
1323 4027 1353 4081 in
1368 4042 1488 4097 persons
1502 4026 1567 4085 Filii
1580 4027 1642 4083 Dei.
1655 4026 1708 4087 Isti

63 4120 207 4192 quomodo
219 4137 271 4175 nos
286 4121 431 4191 conjungit
444 4127 474 4177 ct
487 4120 644 4177 discernit?
661 4120 734 4174 Nam
747 4136 811 4174 curn
825 4119 868 4173 di·
910 4125 1006 4174 autom
1023 4123 1091 4173 sunt
1104 4116 1194 4188 pueri,
1212 4115 1303 4173 sancti
1317 4114 1446 4173 videlicet
1463 4113 1592 4187 apostoli,
1608 4113 1711 4185 quibus

63 4210 113 4275 cit,
128 4212 232 4263 arcultas
245 4212 316 4276 filius
330 4211 448 4263 addiscit
459 4212 490 4263 in
504 4212 634 4277 pieriam,
647 4208 692 4263 hic
707 4208 866 4278 conjunxit:
910 4206 1049 4263 Dominus
1059 4205 1114 4260 ait:
1127 4208 1222 4272 Puera,
1231 4205 1361 4271 nunquid
1370 4204 1596 4279 pulrmrrtariura
1606 4203 1711 4261 lebetis

66 4314 132 4357 cum
152 4313 221 4354 vero
234 4298 322 4366 addit,
342 4303 487 4354 auctorem
503 4298 604 4353 salutis
623 4313 730 4364 sorum,
746 4298 792 4353 bic
810 4297 867 4353 dis·
911 4299 1001 4359 (loen.
1014 4294 1092 4361 xxrlt
1104 4294 1158 4359 Qui
1172 4293 1243 4349 benc
1258 4292 1338 4363 puori
1352 4298 1488 4351 vocantur
1499 4296 1614 4361 proptor
1628 4290 1712 4351 inno-

66 4387 167 4445 oernit.
875 4378 1033 4441 Dccntiam
1048 4389 1077 4439 ct
1098 4382 1298 4446 humilitatem,
1320 4380 1356 4437 dc
1375 4379 1506 4451 quatinus
1528 4380 1588 4451 ipsa
1600 4381 1712 4443 Veritus

101 4478 158 4545 oui
172 4478 250 4531 enim
262 4478 415 4543 sanctificat
429 4481 454 4530 et
468 4478 518 4545 qai
531 4478 753 4542 coarctiltcantur,
768 4492 801 4531 eo
814 4492 871 4531 ano
911 4474 994 4530 dicit:
1005 4474 1095 4529 Sinite
1103 4474 1234 4541 porrulos
1244 4474 1337 4525 tenire
1351 4471 1388 4525 od
1402 4486 1455 4533 aar,
1469 4472 1572 4527 tatium
1584 4474 1623 4525 rot
1635 4472 1712 4527 caim

68 4581 172 4619 omncs.
191 4564 260 4628 Quis
274 4570 317 4617 est
331 4564 378 4635 qui
392 4563 567 4619 sanctificat?
581 4563 709 4619 Christus
723 4580 773 4633 per
787 4563 870 4619 lidcm
912 4578 1028 4629 reprimo
1044 4564 1173 4616 culorum
1186 4560 1291 4626 (Mattio.
1306 4557 1372 4625 xix).

69 4652 210 4725 passionis
228 4668 286 4707 succ
300 4657 329 4707 et
342 4668 392 4723 per
406 4652 513 4709 donum
536 4648 722 4723 baptismatisi
735 4651 790 4715 Qut
803 4655 870 4707 sunt
929 4651 1154 4719 Quioipoepucri
1161 4646 1706 4710 mramuaicarerurrtcomuietraaauiai:

68 4742 115 4815 qui
140 4741 376 4797 sanctificantur?
395 4741 500 4797 Omnes
522 4741 668 4797 credentes
691 4740 740 4811 qui
764 4739 869 4795 saucti-
910 4744 934 4793 et
942 4742 1136 4807 ipsesimilitcr
1144 4737 1323 4806 participavit
1334 4732 1510 4789 eisdcmllos
1521 4731 1555 4789 de
1564 4731 1708 4801 apostolis,

67 4832 191 4889 ltcamm
210 4830 266 4885 tide
281 4829 419 4901 passionis
436 4830 540 4885 Christi
564 4835 593 4885 et
614 4828 708 4899 gratia
725 4828 868 4899 baptismi.
911 4827 1098 4897 cornibusque
1112 4825 1241 4881 indolibus
1256 4823 1363 4878 dictum
1375 4825 1429 4885 est,
1439 4818 1506 4889 quia
1523 4835 1574 4890 per·
1584 4820 1638 4877 oco
1651 4820 1710 4879 lra-

66 4920 122 4977 Scd
134 4918 187 4991 qui
202 4918 360 4973 sanctificat
382 4918 520 4981 Christus,
538 4922 568 4973 ct
581 4934 632 4971 nos
646 4917 695 4988 qui
709 4918 870 4973 sanctitica-
911 4920 969 4969 tres
982 4913 1097 4969 luerunt
1110 4911 1233 4974 Domini,
1248 4909 1315 4980 quia
1328 4923 1425 4965 rerum
1439 4923 1541 4978 corpus
1554 4912 1584 4967 ot
1597 4908 1710 4980 sangui·

65 5024 141 5069 nur.
160 5024 196 5063 ex
207 5023 265 5063 uno
279 5007 337 5062 Deo
353 5006 436 5061 Patre
449 5023 548 5061 omnes
561 5022 670 5065 sumus.
692 5005 757 5077 quia
771 5006 807 5061 ab
822 5005 869 5059 illo
909 5018 976 5057 nem
986 5002 1095 5065 habuit,
1106 5002 1179 5056 sicut
1188 5006 1216 5055 et
1227 4998 1268 5054 illi
1278 4996 1446 5052 habuerunt.
1455 4996 1515 5060 Quo
1526 4997 1712 5058 lococoatutt·

64 5096 164 5153 omnia
182 5094 320 5166 originem
341 5100 518 5166 aecepemnt.
534 5096 613 5150 Unus
632 5099 676 5150 est
694 5093 770 5149 enim
785 5095 868 5161 Deus,
911 5084 1711 5155 diturltauichoeusoumsuis,quiaususestdicereDeum

63 5202 116 5258 per
135 5200 222 5255 quem
241 5189 271 5239 et
288 5200 305 5239 a
324 5200 379 5255 quo
405 5183 509 5237 omnia.
532 5183 587 5237 Sed
606 5183 688 5237 aliter
707 5184 763 5251 ille,
789 5183 871 5239 alitor
912 5196 1008 5235 rerum
1022 5195 1123 5250 corpus
1141 5194 1198 5231 nou
1221 5174 1441 5239 habuissemus
1460 5174 1610 5245 Apostolus
1623 5174 1709 5243 dicat,

63 5290 128 5331 nos.
148 5272 204 5329 lllc
218 5273 299 5342 qussi
320 5273 451 5343 proprius
471 5271 559 5328 Filius
577 5276 670 5342 petest
684 5272 870 5337 sanctificare,
912 5270 980 5341 quia
993 5268 1161 5325 assumendo
1176 5280 1289 5321 comem
1309 5262 1449 5334 particeps
1463 5264 1571 5319 exstitit
1584 5264 1709 5323 illorum.

60 5379 116 5419 nos
131 5378 200 5417 raro
209 5360 290 5431 quasi
309 5360 462 5432 adoptativi
476 5360 512 5414 ab
525 5360 572 5415 illo
585 5360 802 5415 soroctilrcamur.
823 5362 871 5413 nt·
914 5358 993 5413 Sicut
1003 5356 1078 5412 enim
1091 5355 1132 5409 illi
1145 5354 1236 5425 pueri,
1246 5357 1275 5407 ct
1287 5369 1338 5407 nos
1348 5367 1432 5407 earne
1447 5357 1476 5405 et
1488 5354 1712 5424 mogontiacen-

61 5458 164 5507 umen
188 5464 278 5505 unum
297 5448 434 5505 habemus
451 5449 566 5505 Patrem
586 5449 616 5503 in
640 5448 727 5513 coelis,
744 5448 793 5503 illc
806 5464 872 5518 pro·
913 5452 1039 5501 sturnus:
1056 5444 1095 5499 sic
1110 5449 1139 5499 et
1153 5442 1280 5502 Christus
1295 5440 1473 5519 participavit
1495 5442 1574 5497 carm
1593 5447 1622 5501 et
1642 5458 1710 5499 suu-

60 5540 170 5613 prium,
181 5553 236 5595 nos
244 5536 416 5609 adoptiuum.
422 5540 537 5607 Propter
543 5554 629 5609 quom
638 5553 762 5601 musam,
770 5534 874 5595 subs*
912 5534 1005 5607 ouini,
1016 5534 1103 5593 homo
1115 5533 1216 5603 tactus,
1227 5538 1258 5595 at
1270 5531 1344 5593 aeut
1355 5529 1486 5593 Glttistus
1495 5528 1712 5595 amodum
