3818 6104
58 256 130 316 ΗῚἿ
509 263 698 323 uxrosmo
716 266 756 323 IN
770 263 1032 324 neocastren.
1048 290 1084 305 -
1098 261 1168 317 LIB.
1180 258 1244 314 vn.
1625 248 1695 312 1178

58 384 161 452 tuis,et
168 384 328 443 stabilietur
336 393 524 460 regnumeJus
534 393 564 445 in
573 392 785 462 sempiternum.
796 389 1030 463 lpseAapparuit
1039 385 1210 447 hominibus,
1222 383 1302 454 quasi
1310 381 1462 436 nihilesset
1472 405 1478 439 :
1490 381 1695 453 sedpostqnam

59 476 116 530 erit
128 475 197 529 mihi
221 477 251 530 in
279 477 379 545 filium,
394 482 424 532 et
451 495 502 549 ego
531 481 634 534 eroilli
654 481 682 533 in
698 483 862 551 patremffl
900 475 1195 535 surrexitamortuis,
1213 473 1303 526 tactus
1324 476 1366 526 est
1380 471 1464 525 arbor
1478 485 1591 539 magna,
1606 470 1646 523 ita
1664 474 1697 524 ut

58 565 122 632 ch.
135 568 194 629 vul.
207 565 298 634 Reges
317 565 363 619 isti
385 584 504 637 quorum
520 586 567 623 rex
582 568 710 623 Christus
728 575 778 629 est,
799 586 859 623 em·
900 566 930 619 in
945 566 1032 619 ramis
1045 566 1114 635 ejus,
1126 564 1178 617 hoc
1186 569 1229 616 est
1244 562 1272 616 in
1283 560 1417 614 doctrinis
1436 559 1618 628 Evangelicis,
1634 573 1697 612 aves

58 667 111 706 nes
122 653 212 706 suncti
225 660 302 716 sunt,
319 655 410 724 quise
423 663 452 710 et
465 656 616 711 eliosbene
634 662 745 727 regunt.
755 657 860 721 Quibus
901 656 964 710 coeli
974 654 1111 713 habitent,
1120 652 1149 705 id
1159 656 1202 705 est
1215 650 1305 704 sancti
1319 650 1505 719 requiescant.
1527 648 1581 711 Qui
1595 647 1697 700 idcirce

59 740 162 794 Petrus
177 741 246 795 dicit
261 760 267 793 :
291 743 336 794 ros
348 747 411 796 estis
425 761 510 812 perias
523 747 646 806 electum,
660 749 750 813 reqalc
768 761 860 800 sacer·
901 760 965 797 aves
980 743 1041 797 coeli
1055 742 1243 812 appellantur.
1260 739 1391 808 queniam
1408 736 1634 791 menteccelestia
1649 752 1699 805 pe·

57 830 167 882 dotium
183 830 294 899 (IPetr.
310 837 351 897 n).
370 832 426 902 Ipsi
452 839 518 886 sunt
545 834 629 887 enam
658 834 858 901 dominatores,
901 838 974 887 tunt.
990 837 1022 885 ut
1037 848 1100 885 cum
1113 830 1247 900 Apostolo
1260 828 1353 882 dicere
1368 827 1494 897 possint:
1511 827 1614 879 Nostra
1633 839 1699 877 con·

59 917 108 986 qui
123 916 344 971 dominationem
357 926 488 974 exercent
501 937 586 991 super
597 920 732 987 subditos,
745 928 861 993 accepta
900 922 1132 975 uersatioincelis
1143 924 1180 971 cst
1192 918 1304 987 (Philip.
1317 915 1370 985 ιιι).
1386 917 1458 968 Aves
1473 913 1567 982 itaque
1575 911 1700 982 appellat

58 1009 199 1075 potestate
214 1005 243 1059 in
257 1006 340 1060 Petro
356 1009 493 1077 apostole,
509 1009 554 1062 cui
569 1010 705 1063 Dominus
728 1009 782 1063 ait:
800 1012 861 1064 Tibi
901 1015 1013 1065 sanctos
1028 1009 1056 1062 iu
1071 1007 1177 1061 celesti
1191 1007 1249 1060 vita
1263 1006 1406 1075 degentes.
1421 1004 1488 1068 Qun
1501 1002 1573 1057 bene
1583 1015 1634 1076 per
1643 1016 1700 1054 me·

58 1093 129 1145 ciebo
140 1096 226 1147 claues
238 1099 317 1162 reqni
326 1098 455 1149 celorum
471 1098 704 1166 (statiuisque
715 1099 799 1152 etiam
810 1114 860 1169 per
899 1098 977 1152 dium
993 1098 1093 1150 omium
1111 1097 1204 1150 volare
1217 1095 1359 1158 dicuntur,
1369 1094 1502 1164 quoniam
1517 1089 1699 1145 nanterrenis

59 1178 174 1234 Domini
199 1183 397 1237 vestimentum
425 1183 550 1239 Ecclesia
573 1186 750 1256 intelligitur,
777 1203 861 1257 quam
902 1187 986 1240 rebus
998 1186 1145 1241 inhaerent.
1162 1184 1210 1237 sed
1223 1189 1328 1248 mente,
1343 1189 1375 1237 ut
1388 1183 1493 1236 dictum
1508 1185 1559 1245 est,
1575 1179 1701 1233 coelestia

60 1269 190 1324 Christus
205 1270 282 1324 iente
296 1270 473 1342 baptismatis
483 1272 582 1340 abluit,
601 1285 630 1328 et
644 1292 699 1329 non
711 1275 861 1329 habentem
902 1280 1012 1347 petunt.
1026 1278 1055 1327 et
1082 1272 1186 1342 ubique
1201 1269 1377 1342 predicando
1391 1269 1562 1323 discurrunt.
1586 1266 1645 1319 Hoc
1658 1269 1701 1319 est

60 1359 624 1432 maculamautrugamsibidesponsavit.
642 1364 697 1417 Per
705 1364 797 1417 lemur
811 1380 862 1418 au·
902 1363 976 1432 quod
988 1361 1056 1415 dicit
1061 1376 1111 1429 per
1120 1362 1243 1413 inedium
1252 1358 1397 1422 celum,id
1407 1355 1636 1428 estpermediem
1653 1354 1701 1407 Ec·

61 1447 605 1517 tememnesintelligunturClrristiani‚
622 1453 669 1521 qui
678 1453 824 1506 credentes
833 1453 860 1506 in
902 1451 1025 1505 clesiom.
1040 1450 1080 1503 De
1102 1448 1203 1519 quibus
1214 1447 1303 1501 Isaiae
1313 1446 1395 1500 dicit:
1405 1448 1458 1512 Qui
1472 1449 1537 1497 sunt
1548 1445 1595 1496 isti
1608 1444 1658 1510 qui
1670 1445 1701 1494 ut

61 1534 216 1596 Christum,
228 1534 293 1589 iacti
307 1543 374 1590 sunt
389 1538 440 1590 filii
454 1538 514 1603 Dei,
527 1539 609 1609 juxta
628 1540 695 1594 illud
718 1540 838 1595 ioannis
853 1560 859 1595 ε
903 1542 987 1594 nieme
1001 1542 1104 1599 celant,
1121 1543 1146 1589 et
1157 1541 1239 1605 qnasi
1253 1536 1382 1589 columbe
1395 1536 1432 1588 ad
1454 1535 1588 1601 fenestras
1612 1535 1703 1583 suas?

61 1624 197 1691 Quotquot
207 1630 300 1678 autem
310 1627 488 1680 crediderant
498 1631 529 1680 in
539 1630 736 1689 eurindeditcis
744 1635 862 1698 potesta-
905 1631 971 1699 (iso.
984 1632 1038 1693 ex).
1050 1627 1266 1681 Clamatautem
1286 1625 1404 1693 angelus
1417 1621 1525 1684 avibus,
1539 1621 1568 1674 id
1583 1624 1636 1679 est,
1652 1633 1703 1688 per

62 1715 116 1764 tem
128 1714 203 1777 filios
215 1713 265 1767 Dei
276 1715 337 1778 fieri
349 1717 440 1783 (lacn.
451 1719 486 1777 1).
500 1716 531 1769 ln
546 1733 597 1769 suo
613 1733 680 1786 ergo
696 1717 861 1773 vestimento
870 1701 894 1761 Β
903 1718 1044 1771 internam
1059 1714 1272 1785 inspirationem
1282 1713 1408 1782 loquitur
1419 1711 1470 1775 eis,
1481 1710 1577 1763 dicens
1591 1726 1596 1760 ε
1614 1708 1703 1760 Venite

62 1804 91 1851 et
104 1799 133 1852 in
143 1816 194 1853 suo
205 1800 321 1861 temore,
333 1801 386 1855 lroc
400 1804 481 1857 estin
496 1803 627 1858 cordibus
637 1805 862 1861 electorumsuo-
904 1809 927 1857 ct
942 1806 1152 1871 concrememini
1165 1805 1202 1856 aa
1211 1818 1314 1857 certam
1329 1816 1461 1868 nosquam
1474 1800 1523 1852 Dei
1535 1799 1704 1862 mnnipoten·

62 1902 138 1953 rum,
151 1887 236 1943 habet
251 1890 398 1961 scriptum,
415 1892 489 1962 quod
507 1893 544 1947 sit
558 1895 612 1947 lter
626 1909 722 1960 rcqum
733 1900 758 1948 et
773 1897 864 1950 Donn'·
905 1896 950 1946 tis.
964 1890 1036 1955 Quid
1057 1908 1107 1963 per
1126 1907 1245 1955 canam,
1271 1889 1325 1944 nisi
1354 1888 1511 1943 convivium
1535 1881 1704 1951 intelligitur

63 1991 117 2029 nus
132 1977 351 2032 derrrinontium.
904 1986 1015 2036 eternae
1025 1980 1291 2035 relectionisivocat
1300 1995 1366 2049 ergo
1376 1994 1442 2030 aves
1456 1974 1491 2028 ad
1501 1971 1650 2036 coenam,id
1661 1973 1703 2024 est

99 2065 132 2118 Et
147 2066 206 2118 cidi
216 2066 303 2120 alium
326 2072 458 2135 anqcium
470 2075 589 2124 stantem
602 2074 634 2125 in
648 2074 710 2125 sole.
728 2073 862 2141 Angelus,
904 2085 1002 2125 omnes
1017 2076 1128 2123 sanctos
1140 2069 1175 2122 ad
1191 2069 1289 2139 epulas
1298 2067 1378 2136 regni
1391 2064 1511 2127 venturi,
1524 2062 1619 2116 dicens
1631 2077 1637 2111 ε
1650 2058 1704 2112 Ve-

61 2159 96 2206 ut
109 2169 182 2222 sepe
195 2153 300 2208 dictum
331 2163 383 2217 est,
400 2157 529 2211 Christus
556 2158 733 2228 intelligitur.
754 2161 789 2215 de
807 2177 862 2231 quo
904 2159 1115 2213 nitecredendo
1130 2157 1246 2212 etbone
1271 2155 1408 2210 iaciendo.
1436 2150 1650 2219 Gonqreqamini
1667 2147 1704 2201 ad

61 2239 205 2311 Propheta
216 2243 293 2306 dicit,
311 2244 419 2298 vocabit
433 2262 535 2300 nomen
551 2248 612 2316 ejus
641 2249 737 2319 magni
752 2248 864 2303 consilii
903 2264 1008 2302 cenam
1026 2249 1071 2301 Dei
1086 2248 1289 2314 omnipotentis,
1306 2244 1335 2298 id
1358 2248 1401 2298 est
1423 2242 1459 2296 ad
1473 2252 1622 2294 commune
1636 2250 1704 2289 con-

61 2330 191 2399 engelus.
208 2331 288 2385 Alius
306 2339 400 2386 autem
415 2334 520 2388 dicitur
534 2340 649 2406 propter
663 2337 757 2401 aliam,
779 2354 863 2408 quam
903 2336 1008 2390 rivium
1022 2342 1134 2390 uterne
1148 2334 1317 2389 reiectionis.

62 2419 188 2473 ostendit
202 2419 348 2484 visionem,
364 2439 397 2475 eo
412 2423 495 2476 modo
510 2440 565 2493 que
575 2431 604 2478 et
617 2427 747 2496 superius
757 2426 864 2482 dictum
942 2425 974 2479 e't
988 2426 1161 2478 manducetis
1173 2439 1269 2477 carnes
1278 2438 1372 2490 requm
1381 2426 1405 2474 et
1416 2435 1512 2475 carnes
1526 2420 1705 2472 tribunorum

62 2507 187 2577 est,quia
197 2508 284 2561 alium
296 2525 357 2562 esse
366 2509 484 2564 dicimus
493 2511 646 2577 hominem,
656 2514 778 2582 priorem
788 2515 867 2570 locu·
906 2517 931 2566 et
941 2526 1037 2565 carrus
1045 2513 1172 2578 sortium,
1181 2517 1205 2564 ct
1215 2525 1312 2564 carnes
1322 2524 1466 2577 equorum,
1475 2506 1660 2559 studentium
1673 2505 1706 2555 in

63 2595 170 2649 tionem
182 2596 216 2648 ad
229 2597 388 2651 nosiaotam
400 2602 670 2669 permutantemsel
679 2602 708 2656 in
717 2619 797 2657 sacro
808 2605 866 2658 elo·
907 2601 982 2666 ipsis.
991 2599 1064 2652 Hinc
1075 2605 1117 2653 est
1132 2598 1206 2669 quod
1221 2598 1304 2652 Petro
1314 2596 1383 2650 dixit
1397 2613 1402 2647 :
1422 2595 1515 2649 Occide
1526 2599 1550 2647 ct
1566 2592 1705 2645 manduca

62 2683 265 2754 quiodiversas
281 2683 366 2740 habet
377 2688 604 2756 significationes.
617 2691 775 2761 Aliquando
791 2694 865 2747 enim
908 2692 974 2757 (Act.
986 2694 1023 2755 x).
1034 2689 1061 2742 id
1074 2696 1125 2752 est,
1136 2688 1229 2742 occide
1240 2689 1269 2740 in
1278 2684 1439 2740 hominibus
1456 2681 1660 2740 infidelitatem,
1677 2681 1724 2731 et.

63 2774 301 2845 significatipsum
309 2776 549 2838 Dominumunde
559 2778 696 2849 scripturn
709 2785 769 2836 est:
792 2782 865 2836 Vobis
905 2778 936 2832 in
950 2794 1052 2848 corpus
1064 2783 1154 2839 tuum,
1173 2776 1247 2847 quod
1262 2781 1305 2830 est
1319 2773 1442 2829 Ecclesia
1453 2771 1564 2841 trajice.
1583 2770 1707 2822 Parcer-
1748 2768 1753 2777 '

64 2864 434 2918 linientibusnomcnmcnm
446 2869 553 2919 orietur
563 2871 864 2938 sotjustitieldialnv).
906 2883 971 2921 nem
984 2873 1079 2920 autem
1089 2866 1118 2919 in
1134 2865 1187 2920 hoc
1204 2866 1273 2929 loco,
1289 2869 1366 2919 totus
1379 2854 1707 2930 intelligiturhomodtli·

63 2951 223 3021 Aliquando
231 2952 442 3007 tribulationem
450 2956 722 3025 persecutionum,ut
730 2958 865 3014 Dominus
907 2955 1019 3026 quando
1037 2955 1112 3009 enim
1128 2955 1156 3008 in
1172 2953 1384 3024 Scriptum,per
1398 2950 1524 3004 animam
1538 2945 1705 3002 totushomo

64 3039 135 3094 dicit
147 3040 181 3094 de
206 3041 358 3095 seminibus
374 3059 435 3112 quse
460 3044 621 3098 ceciderunt
635 3062 719 3116 super
743 3053 864 3117 petrosa,
875 3036 1052 3114 Caccipitun
1068 3043 1182 3097 utillud
1201 3061 1208 3096 ι
1227 3044 1260 3096 Et
1274 3042 1375 3095 ridebit
1397 3041 1488 3092 oannis
1504 3052 1569 3090 raro
1583 3037 1706 3088 salutare

64 3127 310 3198 quiaorientasole
320 3131 865 3203 aestuaveruntltliquandomanifestam
907 3133 956 3187 Dei
965 3134 1038 3204 ,lua
1053 3137 1107 3192 tul.
1117 3133 1215 3202 Neque
1225 3126 1533 3184 enimentanimresine
1544 3121 1707 3194 corporibus

63 3231 124 3269 rem
140 3221 173 3270 ut
185 3217 265 3276 illud.
279 3218 353 3288 quod
368 3219 525 3285 Nathan,ex
540 3237 661 3291 persona
671 3223 781 3278 Domini
797 3225 866 3280 dixit
906 3221 1117 3290 ingresseesunt
1130 3221 1159 3275 in
1174 3220 1335 3291 AEgyptum‚
1350 3223 1401 3271 aut
1413 3232 1479 3270 caro
1493 3212 1708 3269 sineanimabua

64 3304 101 3359 ad
116 3305 221 3358 David:
242 3307 281 3359 Tu
297 3308 389 3373 iecisti
401 3310 564 3373 abscondite,
585 3327 631 3377 eqo
645 3314 820 3379 cerofarium
834 3315 864 3369 in
907 3308 928 3362 F
929 3308 1008 3361 ilium
1020 3307 1070 3361 Dei
1084 3307 1177 3361 videre
1190 3306 1303 3377 poterit,
1319 3305 1368 3359 sed
1383 3302 1475 3357 carnis
1489 3303 1533 3355 vel
1547 3301 1647 3355 anirnae
1660 3316 1710 3354 ne·

64 3394 153 3446 oculis
169 3394 235 3448 solis
250 3394 335 3464 hujus
349 3396 520 3462 (illicqxur,
532 3398 560 3450 id
571 3403 614 3451 est
624 3399 654 3452 in
666 3406 772 3470 aperto·
784 3401 865 3465 Quod
906 3397 982 3451 atine
994 3402 1071 3450 totus
1085 3397 1168 3449 horne
1184 3394 1362 3465 intelligitur,
1378 3392 1461 3446 idest
1481 3407 1497 3444 a
1511 3394 1591 3461 parte
1605 3394 1708 3443 tntum.

64 3483 286 3553 tuncimpletum
303 3490 353 3545 est,
363 3486 474 3554 quando
485 3486 607 3541 Absalon
621 3488 781 3543 videntibus
795 3507 865 3545 cun·
907 3484 950 3539 lta
966 3501 1033 3555 ergo
1045 3490 1073 3538 et
1085 3485 1130 3537 hic
1144 3485 1176 3537 fit
1191 3499 1255 3537 cum
1269 3482 1417 3543 dicitur,ut
1429 3480 1600 3532 inanducetr‘s
1610 3492 1709 3530 carnes

65 3569 118 3623 atis
128 3569 273 3639 ingressus
282 3578 324 3625 est
335 3571 368 3624 ad
383 3589 482 3626 uxores
492 3573 642 3645 patrissui.
662 3576 696 3629 Et
716 3574 867 3631 psalmista
908 3590 1006 3641 requnt
1017 3580 1042 3625 ct
1054 3574 1244 3626 tribunorum.
1258 3568 1320 3635 Qua
1331 3569 1358 3622 in
1371 3569 1431 3622 loco
1441 3565 1709 3621 dirersaelrominum

65 3659 95 3712 in
108 3658 206 3711 eodem
224 3675 308 3712 sensu
321 3660 389 3713 dicit
404 3679 410 3713 ε
429 3663 462 3715 ln
484 3664 537 3714 sole
550 3667 639 3729 posuit
656 3665 866 3720 talernaculum
908 3661 1059 3730 qualitates
1073 3660 1108 3713 ad
1122 3659 1266 3713 Christum
1280 3654 1502 3711 convertentium
1522 3653 1708 3722 comprehen-

65 3749 407 3817 sarcrnll’sal.xv111).dc
436 3750 459 3803 si
481 3750 595 3812 diceret,
622 3751 806 3806 humanitatis
825 3769 867 3806 as·
908 3749 1030 3803 duntur:
1048 3749 1119 3803 Sunt
1133 3747 1238 3819 quippo
1249 3747 1279 3800 in
1296 3740 1709 3812 Ecclesiareges,suntettri-

66 3840 408 3905 sumptaesacrementum
437 3837 465 3890 in
491 3838 597 3893 lumine
630 3839 867 3895 manifestationis
910 3837 986 3899 buni,
1001 3837 1085 3890 idest
1099 3836 1216 3891 comites
1232 3840 1261 3889 et
1275 3832 1368 3889 caeteri
1391 3831 1532 3904 principes
1545 3827 1708 3890 nobiliores,

65 3924 200 3980 ostendit.
217 3923 262 3978 lta
276 3941 342 3995 erge
360 3925 390 3978 in
404 3926 457 3979 hoc
472 3928 532 3980 loco
548 3927 589 3980 sol
601 3929 790 3983 ostensionem
807 3946 868 3983 ma-
909 3933 976 3981 sunt
987 3926 1074 3980 sortes
1084 3925 1137 3978 viri
1147 3922 1352 3979 bellicosissimi
1365 3922 1401 3977 ad
1416 3921 1558 3976 Christum
1572 3916 1708 3974 conversi.

65 4013 173 4067 nitestae
187 4013 302 4067 visionis
315 4014 464 4083 significat.
477 4013 509 4068 ln
526 4015 584 4070 sole
605 4015 700 4086 itaque
716 4023 772 4071 stat
786 4018 867 4072 Chri·
908 4017 961 4070 Per
975 4031 1062 4085 equos
1077 4020 1171 4068 autem
1187 4013 1216 4067 hi
1228 4013 1421 4081 designantur,
1444 4009 1493 4079 qui
1518 4006 1597 4079 prius
1629 4009 1711 4059 erant

65 4108 137 4168 stus,
154 4102 182 4155 id
195 4110 239 4156 est
252 4102 281 4156 in
295 4103 445 4157 irrunilesta
469 4105 539 4169 luce,
556 4110 584 4158 et
606 4105 661 4158 sule
684 4106 864 4176 populorum,
906 4103 1064 4174 voluptuosi
1075 4096 1562 4170 etluxuriacoinquinati,dequibus
1573 4094 1711 4166 prophete

66 4191 201 4261 queniam
214 4192 305 4261 gloria
322 4191 397 4245 illius
412 4193 440 4245 in
454 4198 514 4246 toto
529 4192 596 4246 orbe
609 4200 751 4248 terrarum
766 4195 868 4249 diffusa
908 4193 988 4248 dicit:
1002 4185 1581 4260 Equicrnv'ssariisactisuntinsanientesin
1591 4183 1710 4238 seminas

65 4287 118 4334 est.
130 4280 258 4334 Surrexit
269 4280 343 4333 enim
355 4282 680 4352 amortuispraedieatus
691 4289 735 4338 est
747 4284 783 4337 ab
797 4301 866 4354 apo·
875 4307 900 4364 D
910 4280 1056 4351 (aeratus
1064 4280 1092 4333 in
1103 4278 1222 4333 Psalmis
1232 4278 1291 4348 ipse
1301 4277 1438 4331 Dominus
1449 4271 1690 4331 admonet.dicens
1701 4290 1709 4326 ι

65 4369 154 4431 stolis,
174 4370 300 4423 creditur
313 4369 395 4422 modo
409 4370 438 4422 in
453 4376 511 4424 toto
527 4370 641 4436 munde,
655 4377 683 4425 et
697 4372 726 4425 in
741 4373 793 4427 hoc
808 4374 869 4428 luce
910 4369 1069 4434 Neiiicfiem'
1076 4371 1239 4434 sicuthnus
1249 4365 1482 4433 etmnlusquilrns
1500 4362 1712 4416 nonestintclle·

65 4458 131 4512 fidei
144 4463 209 4511 stat.
224 4459 256 4512 Et
268 4460 399 4512 claruerit
414 4475 473 4512 rore
488 4475 592 4526 rnaqna
614 4463 745 4513 erunibus
772 4466 869 4516 aribus
910 4462 969 4511 clus
981 4459 1065 4520 [Psoi.
1080 4461 1166 4513 xxxii.
1192 4456 1246 4510 Per
1256 4469 1380 4509 sessores
1401 4458 1497 4507 autern
1512 4448 1713 4505 heresiarches

65 4562 125 4614 que
135 4548 265 4600 celabant
276 4562 327 4614 per
341 4548 462 4600 medium
473 4551 578 4604 return.
591 4550 663 4602 Aves
677 4549 808 4604 similiter
817 4551 869 4605 ali·
912 4547 1070 4616 intelligere
1085 4561 1245 4617 possumus,
1259 4544 1307 4614 qui
1322 4544 1388 4596 dum
1402 4541 1577 4610 eloquiorum
1594 4537 1713 4591 scientia

66 4635 180 4705 quande
196 4636 224 4688 in
240 4634 341 4689 bonam
371 4641 480 4705 partem
508 4643 661 4706 ponuntur,
675 4639 827 4708 aliquando
842 4641 871 4695 in
913 4634 1072 4689 carnalibus
1088 4635 1213 4688 eminent
1228 4631 1307 4703 quasi
1322 4646 1408 4699 super
1423 4628 1505 4680 bruta
1519 4625 1653 4678 animalia
1665 4623 1711 4676 in-

66 4725 181 4785 malam‚
198 4724 319 4794 ideoque
330 4741 380 4793 pro
399 4724 524 4777 locorum
539 4726 724 4795 qualitatibus
738 4733 805 4781 sunt
827 4745 872 4782 nc·
912 4723 1014 4786 uident,
1035 4727 1131 4794 eisque
1144 4725 1209 4793 jure
1228 4718 1376 4791 potestatis
1391 4716 1425 4769 ad
1449 4713 1593 4784 quodlibet
1603 4711 1712 4765 lacinus

67 4812 211 4882 cipiendae.
232 4813 264 4866 ln
279 4814 353 4865 malo
368 4812 482 4882 quidem
508 4821 662 4884 ponuntur,
678 4823 710 4869 ut
733 4816 871 4871 Dominus
911 4811 1077 4867 abutuntur,
1093 4811 1148 4864 Sed
1162 4807 1313 4878 aliquando
1329 4806 1400 4861 tales
1414 4803 1503 4857 sancti
1519 4817 1571 4855 sua
1584 4799 1713 4854 doctrina

69 4901 137 4955 dicit
146 4902 181 4954 de
193 4902 277 4971 jactis
290 4901 456 4968 seminibus,
471 4918 534 4970 que
548 4920 565 4956 a
577 4904 735 4959 volucribus
746 4911 871 4960 comesta
912 4901 947 4955 ad
958 4901 1041 4954 fidem
1052 4899 1156 4953 Christi
1172 4900 1348 4959 convertunt,
1363 4891 1437 4947 etad
1453 4889 1606 4944 bonitatem
1620 4889 1713 4944 Eccle-

69 4988 188 5045 sunt.ln
201 4990 272 5044 bono
285 4995 420 5043 autemut
430 4991 459 5043 in
476 4991 755 5060 Evangeliodicitur:
774 4992 872 5046 Simile
912 4989 960 5043 sie
977 4989 1102 5049 trahunt,
1119 4984 1304 5056 sicquequasi
1314 4988 1468 5036 mactantes
1483 4993 1531 5034 eos
1544 4978 1708 5036 comedunt.

69 5086 239 5148 estregnum
251 5079 383 5132 coelorum
393 5094 483 5148 grano
503 5079 619 5149 sinapis,
635 5080 710 5149 quod
724 5080 872 5135 minimum
913 5079 946 5132 Et
962 5092 1058 5130 carnes
1077 5078 1204 5129 emnium
1220 5075 1371 5127 liberorum
1386 5087 1419 5124 ae
1429 5083 1573 5122 serrorum
1587 5072 1612 5121 et
1622 5068 1715 5138 pusil-

69 5171 112 5220 est
126 5164 257 5219 omnibus
269 5166 401 5219 oleribus
419 5166 473 5219 Sed
483 5151 492 5165 ⁸
503 5183 567 5220 cum
578 5169 637 5237 Jam
660 5169 766 5222 sactum
788 5168 874 5222 suerit
916 5169 1007 5220 lorum
1020 5181 1054 5217 ac
1068 5179 1242 5232 inaquosum.
1261 5160 1365 5216 Liberti
1394 5163 1461 5212 sunt
1480 5157 1604 5228 virgines
1619 5171 1712 5210 carne.

69 5254 97 5308 in
108 5261 215 5308 terrain
229 5254 339 5319 crescit,
356 5260 384 5308 et
396 5270 499 5323 magna
511 5255 543 5307 nt
558 5257 649 5322 arbor,
675 5257 715 5310 ita
740 5261 773 5310 ut
787 5257 871 5311 volu·
913 5255 989 5310 Servi
999 5233 1228 5322 autemconjugio
1239 5246 1622 5320 obligati,quibusllpostolus
1631 5243 1710 5297 dicit:

68 5360 130 5397 cres
144 5343 207 5396 coeli
222 5342 392 5397 habitantia
407 5343 494 5395 rarnis
509 5343 569 5412 ejus
581 5344 691 5398 titiane.
715 5352 782 5413 nul.
800 5346 869 5399 Gra-
911 5345 978 5398 Cum
988 5344 1060 5394 seret
1069 5344 1159 5395 essetis
1167 5344 1280 5409 peccati,
1296 5339 1480 5406 lr'lrcmsuislis
1489 5337 1609 5404 justitie
1626 5333 1712 5393 (Ilorn.

68 5449 138 5487 num
151 5432 268 5501 sinapis,
278 5431 413 5486 Dominus
427 5436 471 5485 est
484 5431 498 5483 J
501 5447 565 5484 esus
579 5433 717 5497 Christus,
734 5433 781 5503 qui
795 5439 870 5487 tem·
908 5438 957 5498 vr),
968 5430 997 5484 id
1008 5430 1142 5484 estalieni
1153 5429 1246 5483 fuistis
1256 5427 1402 5499 ajustitie.
1415 5426 1468 5481 Per
1481 5423 1598 5495 pusillos
1612 5416 1714 5471 intelli·

67 5534 135 5592 pore
148 5535 207 5573 suae
220 5520 356 5590 passionis
369 5515 556 5589 despicabilis,
573 5526 602 5573 et
620 5521 711 5575 minor
737 5518 869 5575 omnibus
908 5519 985 5589 gitur
998 5519 1099 5588 vulgus
1108 5517 1241 5589 ignobile,
1257 5524 1287 5573 et
1300 5515 1452 5573 mulutudo
1467 5511 1566 5584 plebis.
1581 5506 1636 5562 Per
1647 5520 1710 5559 ma-
