3818 6104
52 245 97 303 205
148 206 155 219 ’
494 239 705 297 unianimo
721 242 760 296 nr
775 241 989 297 soruomnu
1004 243 1234 299 raornmsu.
1623 255 1676 313 aaa

49 363 938 436 ludaeiadChristisuiadrentumreferunt,quemputantAciet
951 365 1052 435 spiritu
1065 366 1121 419 oris
1144 366 1197 421 sui.
1217 367 1296 421 Tunc
1319 370 1444 439 speciosa
1467 372 1575 441 Ninive,
1591 376 1679 432 idest

48 462 192 509 venturum
207 453 237 507 in
252 452 345 509 saeculi
359 452 612 519 consummatione,
627 458 656 505 et
665 468 777 505 rursum
797 468 841 504 ex·
884 453 1006 508 mundus
1020 471 1084 507 curu
1099 455 1224 525 principe
1238 456 1406 528 suoperibit,
1419 458 1458 512 ita
1474 466 1505 514 ut
1515 459 1607 518 nullus
1618 467 1679 536 ejus

48 528 220 597 structurum
239 539 426 605 Hierusalem,
442 546 470 594 et
480 539 664 594 liberaturum
680 541 693 593 J
698 541 790 594 udaeos
809 539 843 593 de
885 540 1061 607 misereatur·
1077 543 1133 596 Nec
1148 542 1280 596 abhorret
1295 543 1316 596 si
1326 547 1479 616 speciosam
1495 548 1620 607 dicamus
1632 552 1680 608 Ec·

48 629 324 702 potestateomnium
332 629 470 698 gentium,
487 645 607 701 eumque
618 628 793 683 adoraudum
809 627 844 683 ab
886 627 1010 691 alesiam,
1027 646 1087 700 quae
1103 631 1131 683 in
1147 631 1202 684 fine
1216 631 1313 685 mundi
1332 632 1384 687 sub
1402 634 1568 696 Antichristi
1584 658 1680 711 perse-

47 717 187 783 omnibus,
201 719 284 789 juxta
293 717 366 787 quod
374 733 459 787 supra
469 716 613 773 dictumze
628 717 662 770 Et
676 715 842 773 adorabunt.
886 716 1006 780 cutione,
1023 733 1085 771 cum
1115 716 1299 771 abundaverit
1325 719 1470 791 iniquitas,
1491 732 1519 780 et
1541 726 1683 791 refrixerit

48 824 109 862 eum
124 806 181 861 viri
194 804 229 861 de
244 807 304 860 loco
310 811 405 869 sumet
413 805 617 860 omnesinsulae
623 805 779 874 gentium.»
788 805 846 859 Nec
886 801 1019 857 charitas.
1036 811 1156 875 ponetur
1169 806 1199 859 in
1213 805 1584 881 solitudinem,paucissimis
1594 835 1684 875 rema·

48 896 136 951 solnm
149 895 336 969 supradictas
349 898 449 964 gentes
462 893 567 947 vicinas
582 895 596 947 J
600 893 749 957 udaeis,sed
760 892 845 947 etiarn
886 891 1082 962 uentibusqui
1097 910 1127 945 se
1136 909 1199 946 vere
1214 900 1243 947 et
1255 910 1310 947 non
1321 896 1451 953 simulate
1469 901 1611 960 fateantur
1620 924 1683 974 esse

48 985 195 1056 AEthiopes
208 990 237 1039 et
251 985 381 1053 Assyrios
397 983 570 1055 superandos
584 981 684 1047 abillo,
696 983 785 1053 ipsam
799 982 847 1035 Ni·
887 979 1069 1037 Christianos.
1087 982 1121 1035 Et
1130 981 1258 1035 tradetur
1268 982 1374 1051 bestiis,
1390 993 1417 1041 et
1432 988 1594 1057 implebitur
1605 1011 1683 1051 mon·

49 1073 138 1129 nivem
151 1072 182 1127 in
198 1071 379 1127 solitudinem
395 1071 586 1141 redigendam,
603 1071 643 1125 ita
657 1077 689 1124 ut
703 1072 753 1124 tiat
767 1069 845 1124 habi·
888 1068 953 1121 stris
971 1068 1112 1124 vitiorum.
1123 1070 1450 1148 Onocrotalusenim,qui
1461 1086 1538 1133 amat
1552 1081 1683 1137 solitudi-
1755 1092 1765 1105 '

49 1162 115 1216 tatio
131 1159 498 1216 bestiarumflocestenim
509 1159 701 1230 quoddicitur.
717 1159 848 1228 Speciosa
888 1171 962 1221 nem,
979 1158 1174 1228 oostleslgssob
1191 1157 1238 1227 qui
1259 1175 1289 1211 ⁸2
1311 1159 1345 1214 ab
1358 1162 1480 1219 Ecclesia
1493 1167 1634 1238 scindunt,
1656 1178 1685 1243 ei

50 1249 194 1320 redigetur
207 1248 236 1303 in
252 1248 515 1318 solitudinemquia
529 1248 658 1302 Ninivem
674 1247 845 1319 Babylonem
888 1261 940 1298 sua
953 1245 993 1301 iili
1008 1248 1199 1305 conventicula
1223 1251 1381 1323 praeferunt,
1407 1258 1436 1306 et
1456 1254 1603 1320 stridorem
1626 1256 1684 1315 sive

51 1339 192 1409 intelligit,
211 1337 331 1393 maxime
345 1342 461 1408 propter
472 1335 685 1390 similitudinem
707 1340 847 1390 monstro·
888 1330 1028 1402 fragorem
1053 1335 1187 1392 falsorum
1204 1341 1368 1411 dogmatum
1383 1341 1472 1412 magis
1491 1360 1573 1415 quam
1590 1364 1686 1403 vocem

53 1443 110 1482 rum
122 1425 280 1481 onocrotali
295 1431 323 1481 et
338 1424 425 1487 ericii,
437 1441 497 1495 quae
513 1423 601 1478 isaias
609 1424 745 1496 propheta
754 1424 783 1478 in
794 1423 847 1478 Ba·
890 1421 986 1475 edum.
1015 1423 1201 1496 Septuaginta
1222 1445 1273 1499 pro
1299 1430 1460 1484 onocrotalo
1476 1448 1489 1481 o
1503 1431 1687 1495 chameleon-

53 1514 257 1587 byloniafuisse
265 1511 398 1566 describit
409 1512 536 1582 postejus
547 1512 741 1565 vastationem.
755 1512 849 1567 Scien·
890 1513 948 1562 lom
967 1532 974 1554 ·
993 1522 1159 1581 posuerunt.
1176 1517 1250 1585 quod
1266 1517 1419 1572 eslanlmol
1434 1518 1559 1575 divorsos
1573 1528 1687 1578 mutans

56 1605 115 1661 dum
137 1621 206 1659 vero
229 1605 455 1659 onocrotalorum
475 1603 530 1657 duo
554 1619 615 1656 esse
632 1619 746 1672 genera,
761 1619 849 1657 unum
891 1614 941 1667 per
954 1607 1095 1656 momenta
1105 1603 1222 1671 colores,
1236 1622 1283 1659 eos
1294 1605 1443 1676 designans
1453 1607 1501 1679 qui
1515 1626 1565 1680 per
1576 1611 1688 1673 diversa

58 1693 266 1765 ,quafflmjud
273 1692 441 1747 solitudinis,
453 1692 549 1745 pictus
556 1697 650 1746 aurem
661 1693 847 1757 onocrotalus,
859 1686 966 1772 Britia,
983 1704 1057 1743 nunc
1073 1690 1195 1756 libidine,
1205 1710 1279 1748 nunc
1287 1694 1412 1759 avaritia,
1425 1712 1500 1750 nunc
1509 1697 1686 1769 crudelitate,

61 1783 117 1852 quja
129 1782 260 1837 crotalon
268 1781 360 1841 Graeci
374 1780 533 1852 cymbalum
552 1785 659 1845 vocant,
671 1785 700 1833 et
710 1780 768 1833 haec
779 1779 848 1842 avis,
890 1775 973 1829 modo
988 1777 1112 1844 tristitia,
1125 1781 1208 1835 modo
1222 1781 1316 1837 inutili
1331 1784 1515 1839 exsultatione
1529 1792 1685 1844 mutantur.

64 1871 118 1943 quia
136 1887 203 1925 vaae
226 1874 314 1937 caret,
336 1875 459 1923 rostrum
483 1869 512 1923 in
529 1868 642 1922 modum
658 1867 850 1938 cymbalorum
891 1862 998 1919 Ericius
1017 1883 1081 1921 vero
1108 1869 1254 1941 spinosum
1277 1870 1383 1924 animal
1407 1878 1435 1925 et
1457 1873 1598 1943 timidum,
1615 1876 1688 1935 etin

65 1957 553 2030 repercutiens,rocissimilitudinem
565 1956 665 2011 reddit.
678 1955 713 2010 Et
727 1956 801 2027 quod
811 1956 852 2010 di·
892 1952 1030 2022 sphaeram
1045 1972 1075 2009 se
1087 1957 1220 2027 colligens
1235 1974 1272 2012 ne
1286 1958 1456 2029 deprehendi
1472 1961 1568 2031 possit.
1584 1979 1632 2019 eos
1642 1959 1688 2019 in-

69 2048 135 2112 uitur,
151 2065 164 2101 r
181 2063 232 2102 vox
247 2046 387 2100 cantantis
401 2045 430 2099 in
445 2045 677 2105 fenestra.corvus
692 2045 721 2104 in
736 2045 853 2115 superii·
893 2041 955 2094 nuit
968 2043 1016 2113 qui
1026 2043 1132 2099 obsessi
1145 2055 1211 2099 sunt
1230 2046 1357 2102 sensibus
1381 2056 1570 2118 peccatorum,
1586 2058 1614 2105 et
1628 2052 1690 2125 ipsa

73 2137 159 2192 uinari
174 2157 185 2189 a
203 2136 245 2190 vei
260 2133 641 2204 daemonesroluntinteiligi,
656 2133 852 2188 petrariarum
894 2138 1009 2199 Pl’ccala
1034 2132 1198 2200 delendum,
1222 2151 1273 2190 110⁰
1298 2136 1347 2191 ussi
1375 2137 1488 2207 quidem
1511 2156 1563 2196 ⁸11³
1584 2142 1691 2201 scelera

74 2243 137 2281 rores
150 2226 303 2286 volucrum,
313 2241 375 2295 qum
389 2224 480 2278 solent
493 2223 522 2277 in
538 2223 656 2276 desertis
669 2222 784 2277 urbibus
795 2239 853 2275 mo·
893 2220 1019 2275 confiteri
1033 2223 1140 2277 volunt.
1165 2224 1271 2278 Corvus
1294 2224 1441 2281 immunda
1459 2227 1517 2281 avis
1528 2234 1557 2282 et
1568 2229 1689 2297 lanians,

77 2315 126 2375 rari,
150 2315 223 2369 sicut
247 2314 340 2374 ululae,
362 2312 496 2376 bubones,
514 2316 542 2365 et
556 2318 676 2383 stryges,
693 2318 852 2382 caeteraque
893 2310 1025 2379 designat
1039 2327 1086 2365 eos
1100 2311 1148 2381 qui
1163 2329 1226 2367 cum
1238 2313 1296 2368 sint
1309 2313 1447 2369 immundi
1464 2315 1547 2383 vitiis,
1563 2317 1627 2373 aliis
1639 2318 1689 2374 de·

79 2404 198 2474 perplura,
213 2402 380 2474 quaomnia
394 2401 497 2455 indicia
512 2406 578 2455 sunt
591 2400 761 2455 solitudinis.
894 2397 1020 2461 trahunt,
1037 2404 1066 2452 et
1087 2399 1242 2469 loquuntur
1256 2417 1353 2472 pacem
1372 2419 1436 2458 cum
1455 2404 1593 2475 proximo,
1617 2406 1693 2463 mala

109 2493 259 2555 rQuoniam
272 2488 424 2546 attenuabo
440 2488 525 2544 robur
537 2490 606 2559 ejus,
626 2507 637 2540 r
653 2489 681 2542 id
697 2496 740 2543 est
754 2488 853 2543 Ninive
894 2491 988 2540 aulem
1000 2493 1067 2542 sunl
1080 2487 1110 2542 in
1124 2489 1255 2543 cordibus
1270 2506 1379 2546 eorum·

82 2580 262 2653 relssabylouis
284 2580 451 2634 imminuam
470 2577 674 2633 fortitudinem.
698 2599 708 2628 r
728 2578 792 2632 Hac
811 2585 854 2632 est

84 2668 156 2723 civitas
167 2669 297 2740 gloriosa.
309 2688 320 2719 r
337 2668 397 2722 Vox
407 2667 551 2738 propheta»
563 2667 642 2737 quasi
654 2666 814 2721 insultantis
827 2667 854 2720 ei
1195 2631 1316 2687 CAPUT
1336 2631 1389 2688 Μ’

84 2766 129 2824 post
140 2757 287 2823 ruinam,et
298 2757 417 2811 dicentis
430 2775 435 2808 :
447 2777 458 2807 r
469 2757 534 2811 Haec
543 2755 826 2825 estcivitasgloriosa,
840 2775 851 2806 r
934 2775 945 2801 ι
961 2754 1020 2820 Vm,
1033 2756 1208 2826 provocatrix
1223 2760 1251 2809 θῐ
1264 2756 1411 2826 redempta
1433 2757 1540 2824 civilis,
1560 2759 1692 2817 ⁰⁰l¹¹mba

88 2845 212 2901 *habitans
221 2846 250 2899 in
261 2845 442 2910 confidentia,
454 2861 516 2915 quae
528 2845 638 2899 dicebat
648 2844 677 2897 in
686 2844 769 2898 corde
779 2860 830 2898 suo
845 2860 851 2895 :
895 2857 951 2896 non
966 2843 1073 2897 audivit
1087 2859 1192 2909 vocem,
1208 2850 1237 2899 et
1248 2861 1305 2898 non
1314 2845 1437 2917 suscepit
1450 2846 1637 2919 disciplinam.
1658 2847 1693 2906 In

10 2964 14 2993 r
87 2933 204 3003 lgosum,
219 2942 247 2990 et
261 2939 341 2988 extra
354 2950 400 2988 me
414 2950 470 2988 non
482 2933 588 2987 estaiia
603 2933 756 3004 amplius.»
774 2932 854 2996 Quod
897 2930 1016 2984 Domino
1030 2949 1086 2986 non
1100 2934 1267 2997 eseconusa
1279 2933 1312 2987 ad
1324 2934 1412 2988 Deum
1427 2951 1508 2989 ouum
1523 2953 1579 2991 noo
1594 2954 1695 3008 oppro-

86 3024 216 3079 nouaclum
226 3040 275 3079 ore
287 3024 382 3078 locuta
391 3027 443 3088 est,
459 3039 556 3076 verum
567 3022 633 3075 etin
646 3022 779 3076 cordesio
794 3038 855 3076 esse
897 3019 1015 3090 piavit.»
1028 3021 1095 3075 Post
1109 3021 1270 3091 praedictam
1281 3022 1456 3078 diversarum
1470 3025 1598 3094 gentium
1608 3027 1695 3098 capti·

86 3113 177 3179 nevit.
193 3112 362 3176 «Quomodo
370 3111 444 3166 facta
452 3118 494 3165 est
501 3111 530 3165 in
541 3110 781 3164 desertumeubiie
792 3109 856 3164 bes·
897 3107 1022 3173 vitatem,
1046 3109 1198 3164 revertitur
1212 3110 1349 3181 propheta
1367 3111 1403 3165 ad
1423 3112 1544 3178 tunsos,
1561 3119 1590 3169 et
1602 3116 1694 3171 omnis

87 3198 233 3256 ieiOmnis
239 3201 288 3273 qui
294 3200 396 3255 transit
407 3217 457 3272 per
471 3216 534 3254 eam
549 3198 680 3265 sibilabit,
697 3204 726 3253 et
735 3198 857 3253 movebit
898 3198 959 3266 ejus
968 3213 1061 3251 sermo
1070 3204 1169 3272 contra
1177 3198 1354 3254 Hierusalem
1365 3206 1417 3254 est.
1430 3199 1479 3254 Vre
1490 3201 1615 3274 (inquit),
1628 3222 1644 3259 o
1658 3204 1696 3259 ci·

86 3303 176 3344 uanum
191 3306 282 3344 suam.
296 3287 399 3353 »Quod
409 3287 509 3358 ergoin
519 3287 631 3342 deserta
640 3287 752 3341 civitate
765 3303 857 3341 mons·
897 3285 978 3348 vitas,
996 3286 1137 3355 quondam
1151 3287 1290 3352 columba,
1306 3304 1357 3358 per
1371 3287 1461 3358 legem
1477 3290 1512 3344 ad
1526 3292 1695 3348 servandam

86 3382 165 3434 huosa
177 3378 273 3433 bestiae
286 3378 420 3433 dicuutur
431 3375 582 3441 habitasse,
599 3382 649 3430 aut
658 3376 698 3429 ita
714 3376 766 3430 fuit
779 3376 857 3445 juxta
898 3374 1085 3429 innocentiam
1108 3382 1253 3446 generata,
1278 3393 1350 3448 saepe
1370 3394 1495 3448 peccans,
1513 3380 1653 3451 captivata
1667 3387 1696 3439 et

86 3462 194 3531 litteram,
209 3472 260 3523 aut
273 3466 326 3522 sub
341 3467 431 3536 figura
445 3464 598 3520 bestiarum
618 3465 722 3518 mutari
735 3453 865 3518 varietas-¹
892 3479 1009 3518 rursum
1025 3464 1181 3534 redempta.
1195 3465 1251 3524 Vae,
1260 3465 1357 3520 civitas
1372 3468 1592 3536 provocatrix,id
1602 3475 1646 3525 est
1659 3471 1696 3526 ad

85 3557 263 3613 tanationum
278 3554 428 3610 indicatur.
443 3554 625 3624 Tropologice
641 3553 858 3622 AEthiopessunt
897 3553 1115 3607 amaritudinem
1128 3554 1186 3608 suis
1196 3554 1347 3609 sceleribus
1363 3555 1518 3625 perducens
1534 3556 1696 3622 Deum,sire

84 3642 384 3716 infideles,quinoudum
398 3643 543 3697 horrorem
555 3641 655 3696 veteris
669 3641 788 3695 hominis
798 3647 858 3694 tan·
899 3642 1082 3711 provocatrix,
1107 3643 1175 3712 quia
1198 3649 1261 3713 post
1279 3649 1421 3714 acceptam
1436 3645 1550 3714 pietatis
1564 3646 1696 3703 notitiam

86 3747 146 3801 quatu
170 3733 347 3805 nigredinem
363 3732 562 3803 deposuerunt.
579 3730 773 3784 comminatur
792 3745 857 3798 orgo
898 3731 932 3783 ad
950 3730 1123 3800 impietatem
1134 3747 1268 3785 conversa
1282 3738 1332 3785 est.
1349 3734 1502 3787 Provocare
1517 3734 1591 3790 enim
1605 3736 1697 3801 Deum

85 3818 113 3874 iis
124 3823 275 3894 quiuolunt
288 3821 323 3874 ad
334 3821 450 3874 meliora
459 3820 625 3883 converti,et
639 3819 753 3873 abluere
764 3818 857 3888 nigre·
899 3824 942 3872 est
951 3818 1064 3871 sciendo
1079 3834 1203 3888 peccare,
1219 3818 1282 3872 Non
1297 3819 1404 3873 audivit
1418 3828 1586 3892 preceptum
1599 3824 1696 3880 Domi-

86 3906 156 3966 liuem
169 3916 360 3985 peccatorum,
382 3909 455 3980 quod
475 3910 535 3978 ejus
556 3907 650 3977 gladio
673 3906 859 3961 interficiendi
900 3907 939 3971 ni,
956 3913 984 3960 et
997 3911 1125 3976 correpta
1148 3906 1238 3960 noluit
1254 3907 1377 3978 recipere
1389 3909 1574 3979 disciplinam,
1592 3927 1695 3982 neque,

86 3998 224 4072 siutgladio
232 3999 361 4054 videlicet
369 3997 445 4052 verbi
455 3998 505 4053 Dei
515 3997 689 4062 acutissimo,
701 4003 733 4050 ut
744 4002 861 4066 agreutm
900 4012 963 4049 cum
979 3994 1060 4048 malis
1075 4000 1259 4065 premeretur,
1278 3994 1384 4050 conlisa
1404 4003 1447 4049 est
1462 3997 1491 4050 in
1510 3998 1640 4053 Domino.
1662 4000 1697 4054 Et

86 4090 257 4155 pemtentmru
272 4088 346 4145 sicut
360 4087 498 4152 Ninivitas,
515 4086 653 4141 moriatur
666 4086 695 4140 in
711 4086 751 4139 eis
766 4100 860 4156 pecca·
900 4100 963 4137 cum
988 4082 1125 4138 Dominus
1148 4083 1222 4137 dicat
1244 4101 1250 4135 :
1275 4084 1362 4154 «Ego
1376 4101 1438 4139 sum
1453 4085 1527 4140 Deus
1541 4087 1696 4159 appropin-

86 4180 138 4242 tum,
150 4185 177 4235 et
191 4178 268 4233 vivat
278 4177 400 4248 iustitia.
416 4175 451 4230 Et
464 4176 516 4230 hoc
527 4173 638 4247 quidem
650 4175 710 4245 ipse
724 4173 860 4228 Dominus
901 4188 1000 4243 quans,
1017 4178 1046 4226 et
1059 4188 1115 4225 uon
1129 4172 1204 4226 Deus
1218 4171 1253 4226 de
1268 4173 1360 4243 longe,
1382 4193 1394 4227 s
1421 4173 1482 4246 ipsa
1497 4178 1593 4230 tamen
1606 4175 1698 4232 noluit

87 4268 189 4325 meatus
206 4275 260 4337 eat,
280 4279 365 4324 nunc¹
376 4283 442 4322 vero
461 4266 596 4337 propheta
611 4263 736 4335 loquitur
749 4264 784 4318 de
803 4263 860 4318 Deo
902 4261 926 4314 ei
941 4261 1177 4332 appropinquare.

88 4358 241 4425 pertertiam
256 4373 404 4429 personam
434 4355 493 4409 «Et
506 4354 636 4409 extendet
651 4369 765 4407 uranum
781 4339 892 4406 suamll
940 4350 1110 4420 «Principes
1129 4351 1200 4420 ejus,
1217 4350 1247 4405 in
1262 4351 1354 4407 medio
1364 4353 1426 4422 ejus
1440 4353 1520 4425 quasi
1533 4355 1629 4411 leones
1647 4374 1696 4412 ru-

88 4460 153 4518 mpe,
165 4448 336 4522 aquilonem,
349 4451 378 4501 et
397 4444 495 4517 perdet
507 4445 605 4499 Assur.
621 4462 632 4494 ι
647 4442 750 4513 Aquilo
763 4448 861 4495 ventus
901 4439 1019 4509 gientes
1034 4458 1047 4490 a
1059 4437 1339 4509 Describitpropheta
1349 4441 1445 4511 quales
1455 4442 1596 4515 principes
1611 4450 1640 4499 et
1649 4446 1697 4517 ju·

89 4540 119 4588 rst
138 4535 339 4608 frigidissimus,
355 4533 403 4604 qui
418 4538 447 4587 et
466 4532 563 4587 dexter
577 4536 699 4586 vocatur.
717 4530 862 4600 Significat
903 4528 977 4582 dices
992 4528 1049 4582 sive
1062 4526 1221 4582 sacerdotes
1246 4526 1404 4583 habuerint.
1423 4529 1568 4601 Principes
1582 4532 1697 4604 (iuquit)

88 4629 163 4680 aanor
176 4624 331 4688 diabolum,
348 4621 439 4695 quiin
458 4636 556 4675 eorum
568 4619 698 4674 cordibus
713 4618 863 4690 requiescit
903 4618 964 4687 ejus
971 4617 1050 4687 quasi
1061 4617 1155 4671 leones
1163 4633 1274 4688 semper
1288 4616 1508 4674 versabanturin
1518 4621 1652 4690 praedam,
1670 4628 1699 4678 et

88 4710 211 4784 inquibus
218 4712 329 4770 refrixit
340 4710 472 4775 charitas,
489 4725 573 4780 quem
592 4713 621 4762 et
638 4724 740 4778 sponsa
756 4707 815 4760 vult
828 4705 863 4761 ab
905 4705 1699 4778 proniorantadetiundendumsanguinemsubjectorum.

87 4799 194 4859 aalma
207 4801 289 4859 horto
300 4800 440 4865 recedere,
452 4798 565 4853 dicens:
580 4797 701 4866 «Surge,
713 4796 817 4866 aquilo,
835 4801 864 4850 et
906 4795 1044 4849 «iudices
1064 4794 1124 4864 eius
1147 4794 1206 4864 lupi
1229 4811 1352 4864 vespere,
1378 4810 1434 4848 non
1456 4794 1653 4866 relinquebant
1670 4800 1701 4855 in

85 4892 144 4957 reni,
158 4894 266 4949 Auster.
286 4911 298 4944 r
320 4891 424 4946 Dexter
441 4892 536 4943 antem
552 4885 655 4941 abillis
671 4892 794 4943 vocatur.
815 4885 863 4955 qui
905 4899 1016 4945 manen
1031 4898 1087 4936 non
1099 4881 1272 4936 dimittentes
1292 4881 1354 4935 aliis
1371 4881 1445 4953 quod
1460 4899 1561 4954 rapere
1579 4887 1702 4958 wssint.

86 4979 134 5051 eJus
146 4980 246 5055 frigore
254 4981 440 5042 delectantur,
452 4982 583 5031 caeterum
594 4991 677 5045 opere
688 4974 802 5028 sinister
808 4978 860 5027 est.
940 4971 1085 5042 Propheta
1092 4972 1154 5040 ejus
1165 4969 1268 5034 vesani,
1286 4992 1293 5014 ·
1307 4970 1392 5025 idest
1409 4970 1592 5030 insanientes.
1610 4994 1624 5030 c
1639 4977 1701 5032 Viri

10 5054 12 5075 ι
84 5067 293 5142 postquamvero
308 5067 588 5122 exoendefltmanum
599 5081 679 5119 suam
692 5081 777 5135 super
786 5063 864 5135 aqui.
903 5061 1040 5123 infideles,
1058 5060 1149 5131 aquia
1164 5058 1353 5129 loquebantur
1367 5060 1449 5131 quasi
1467 5078 1500 5116 ex
1515 5079 1563 5118 ore
1579 5065 1702 5135 Domini,

84 5157 173 5225 baem,
187 5159 287 5233 perdet
301 5160 400 5221 Assur,
414 5156 462 5226 qui
480 5154 614 5224 dirigere,
630 5154 672 5208 vel
684 5154 774 5225 magis
785 5170 864 5207 coar·
906 5151 956 5205 sed
976 5149 1070 5205 omnia
1084 5148 1162 5202 fatua
1174 5154 1203 5202 et
1216 5147 1287 5202 falsa
1302 5148 1499 5220 proferebant:
1518 5173 1529 5203 r
1544 5155 1705 5213 sacerdotes

22 5286 30 5295 ,
81 5264 159 5318 guen,
169 5249 385 5323 interpretatur,
401 5244 530 5299 eumdem
544 5243 695 5313 designans
711 5242 864 5308 diabolum,
908 5241 969 5310 ejus
980 5239 1141 5310 polluerunt
1150 5237 1401 5307 sauctuminjustc
1413 5247 1531 5310 egerunt
1546 5249 1644 5300 contra
1660 5247 1706 5301 le·

82 5340 122 5408 qui
134 5355 229 5397 omnes
241 5352 377 5410 sequaces
390 5350 455 5390 suos
466 5334 501 5388 ad
515 5339 632 5387 mortem
644 5331 749 5402 dirigit,
762 5330 867 5402 quique
906 5345 970 5399 gem
981 5346 993 5380 a
1003 5327 1210 5381 committentes
1220 5326 1399 5397 saerilegium
1419 5328 1448 5383 in
1464 5329 1524 5384 loco
1540 5336 1703 5398 sanctuarii,

78 5427 133 5486 illos
144 5429 244 5503 quibus
260 5431 377 5499 peccata
389 5423 631 5497 suggerit,postea
639 5421 777 5490 coarguit,
794 5427 823 5474 et
832 5421 868 5476 ab
908 5418 1035 5472 dieentes
1048 5416 1203 5471 secundum
1223 5416 1313 5488 legem
1329 5416 1430 5484 facere,
1447 5433 1510 5474 curu
1530 5423 1625 5478 omnia
1639 5440 1706 5495 age-

75 5518 112 5573 eie
117 5534 213 5593 papae
220 5516 320 5592 exigit.
336 5515 418 5585 ligne
431 5531 498 5588 ergo
509 5511 647 5571 Dominus
661 5511 743 5569 Jesus
758 5510 868 5592 intertif
908 5512 972 5590 rant
985 5510 1084 5563 contra
1096 5505 1198 5579 legem.
1224 5506 1298 5575 Quia
1319 5522 1387 5579 ergo
1400 5507 1443 5572 illi
1457 5517 1576 5581 egerunt
1588 5511 1704 5584 injuste.
