3840 6098
131 251 185 311 901
368 324 372 331 Ι
470 249 663 310 expositio
683 254 722 308 lN
741 253 817 309 EPP.
839 255 867 308 S.
892 252 1062 310 rauu1.-
1080 254 1119 311 IN
1137 256 1250 313 EPIST.
1270 258 1320 313 AD
1339 256 1446 316 HEBR.
1524 312 1526 317 .
1730 263 1783 323 902

133 379 263 434 sionibus
278 378 396 437 socium.
411 376 561 447 requiescit
573 393 605 431 ae
615 377 743 449 respirat.
756 379 816 432 Hoc
829 379 856 432 in
871 378 936 442 side,
947 378 1038 437 Asine
1047 381 1121 450 quod
1131 380 1204 451 ignis
1215 381 1360 435 deseendit
1371 382 1405 436 de
1416 382 1496 438 coelo.
1510 384 1578 439 utin
1593 384 1783 442 Theodotione

132 468 188 523 hoc
198 469 227 523 in
234 466 416 523 tribulatione
431 466 620 537 qualicunque
633 468 705 521 solet
717 467 943 521 acciderel'alde
984 467 1167 539 legitur·‚quia
1178 469 1504 526 inflammaritDominus
1519 475 1676 543 superabel
1692 488 1720 529 et
1734 493 1782 530 su-

133 560 213 615 enim
227 564 271 620 est
284 558 383 629 fragile
396 574 488 628 genus
505 557 659 610 burrianum
669 558 844 628 nimiumque
860 557 941 612 lraesi·
984 559 1252 627 permaneremus,
1269 575 1317 612 seu
1340 576 1390 628 per
1411 560 1488 613 illam
1512 564 1680 617 sententiam
1697 581 1784 635 quaa

138 654 206 703 tans
219 648 247 701 in
262 647 449 718 cogitatione3
466 651 639 716 quapropter
653 646 812 700 necessaria
827 653 870 700 est
879 662 942 700 con·
984 642 1105 697 Doruino
1120 645 1148 698 in
1165 646 1314 715 Evangelio
1329 652 1372 700 est
1384 647 1515 704 laudatus
1530 651 1783 725 comprobatusque

134 737 238 792 solatio
253 753 284 790 ex
300 736 516 807 praecedentium
533 734 587 788 side
599 739 627 787 et
644 735 942 805 patientiadpostolus
983 738 1027 785 est
1040 749 1102 786 esse
1115 734 1268 802 justus.Sic
1278 734 1352 788 enim
1364 735 1433 790 dixit
1442 738 1579 793 Dominus
1592 740 1621 793 in
1634 742 1783 811 Evangelio

135 840 204 895 ergo
220 840 255 879 ex
272 822 399 893 patribus
411 839 459 876 eos
474 822 587 893 quidem
601 823 894 894 hortatur.sedprimo
909 840 942 877 ex
982 820 1058 888 (tan
1068 826 1117 885 ru):
1131 823 1218 875 darien
1231 825 1290 875 ‹liao
1304 825 1555 893 cabiareqm'rctur
1567 833 1657 883 onmis
1668 835 1783 898 sartpuis

135 912 280 968 communi
300 912 392 976 initio,
408 911 521 966 dicens:
537 911 717 965 Manifestum
737 918 788 973 est,
805 913 942 981 quianon
981 915 1120 976 pasterum
1132 914 1182 978 qui
1189 914 1332 977 effususast
1343 919 1535 980 superterram
1546 933 1563 969 a
1573 921 1784 986 sanoninodbel

135 1018 170 1056 ex
183 1000 324 1058 stantibus
335 1017 396 1071 quae
413 1005 480 1054 sunt
490 1000 564 1053 Deus
582 1000 640 1054 haea
654 999 729 1066 iecit,
740 1000 788 1053 sed
798 1017 831 1054 ex
845 1001 943 1054 invisi·
977 1001 1051 1065 iusti
1066 1015 1150 1068 usque
1167 1001 1203 1052 act
1216 1005 1381 1066 sanquinem
1401 1005 1542 1059 Zacharia
1564 1006 1614 1061 ulii
1629 1008 1782 1064 Barechiae.

134 1088 240 1153 bilibus
255 1089 386 1154 risibilia,
399 1106 430 1142 ex
446 1105 502 1142 non
516 1088 699 1143 existentibus
711 1089 870 1143 existentia.
886 1090 943 1143 Ra.
983 1085 1128 1140 Perillam
1143 1088 1227 1141 etiam
1240 1089 1359 1142 hostiam
1369 1088 1461 1145 erlbac
1476 1092 1601 1164 loquitur
1612 1096 1670 1165 jam
1686 1097 1784 1153 delun·

137 1178 302 1235 tiocinando
315 1178 367 1231 hon
380 1177 507 1231 invenire
526 1193 580 1231 non
597 1193 747 1248 possumus
756 1178 895 1248 quomodo
905 1178 942 1231 le·
983 1179 1054 1238 ctus,
1067 1181 1098 1228 ut
1114 1175 1226 1230 dicitur:
1236 1176 1427 1245 Sunpaisrlbel
1440 1183 1542 1236 claritat
1553 1185 1590 1236 ad
1604 1200 1644 1236 rna
1664 1186 1696 1241 cie
1707 1193 1784 1242 tama

135 1267 208 1321 serit
227 1283 260 1319 ex
276 1266 364 1320 nilrilo
380 1265 483 1328 orriiria,
502 1264 544 1318 rel
565 1282 596 1318 ex
612 1265 799 1320 invisibilibus
813 1265 941 1331 risibilia,
985 1263 1058 1323 iden.
1077 1267 1124 1325 rr).
1143 1264 1201 1317 sire
1215 1264 1306 1318 adhuc
1320 1266 1454 1335 loquitur,
1467 1269 1519 1322 lroc
1535 1276 1587 1333 est,
1599 1272 1664 1326 licet
1678 1273 1783 1329 intere·

136 1354 204 1429 quia
222 1371 279 1408 non
292 1370 405 1407 eramus
417 1354 528 1424 quando
547 1354 620 1406 sacta
632 1353 790 1408 suntUnde
803 1370 869 1424 ergo
880 1371 943 1407 cer·
985 1351 1069 1405 merit
1082 1368 1145 1405 euni
1156 1360 1384 1422 aor·pore,tamen
1398 1357 1459 1424 ejus
1469 1357 1588 1426 gloriam
1613 1376 1668 1414 non
1692 1363 1784 1431 potuit

135 1448 202 1505 tum
209 1442 346 1497 habetur?
356 1442 458 1512 Utique
469 1442 649 1495 nianilestum
660 1449 712 1507 est,
729 1444 803 1513 quod
818 1443 884 1496 iidei
898 1460 942 1497 res
983 1440 1146 1494 interimere
1160 1457 1223 1495 cum
1248 1458 1290 1495 eo.
1309 1442 1381 1496 [luni
1397 1444 1470 1497 enim
1481 1446 1571 1515 gloria
1585 1447 1660 1501 illius
1676 1449 1705 1502 in
1724 1455 1783 1504 tato

138 1536 184 1584 est
198 1530 254 1584 ista
268 1531 391 1584 eredere.
406 1530 474 1584 Fide
490 1531 593 1600 quippe
607 1531 749 1584 credimus
762 1537 857 1602 aptata
871 1548 940 1594 esse,
984 1529 1088 1582 mundo
1103 1529 1281 1599 praedicatur,
1296 1530 1363 1584 dum
1379 1532 1438 1601 ejus
1454 1532 1515 1587 laus
1534 1533 1563 1588 in
1586 1552 1634 1590 ore
1656 1537 1784 1591 omnium

137 1618 227 1675 idest
247 1619 370 1690 perfecta
390 1636 439 1672 seu
455 1619 537 1683 tacta,
550 1620 661 1681 saecula,
678 1620 809 1689 (pisinnan
827 1637 859 1673 ex
877 1619 942 1673 risi·
983 1618 1784 1694 veremundumeumomnesadrnirantur,quotidieadhuc

136 1705 253 1771 bilibus,
264 1707 311 1761 sed
325 1724 355 1761 ex
372 1706 556 1761 invisibilibus
566 1707 637 1760 taeta
653 1716 718 1760 sunt
732 1707 931 1777 qrmridentur
954 1706 1047 1784 plicet
1060 1706 1208 1761 defunctus
1224 1707 1362 1777 loquitur:
1382 1709 1428 1779 qui
1442 1710 1515 1763 enim
1537 1711 1608 1765 alios
1624 1729 1674 1767 suo
1689 1729 1784 1768 exem·

137 1795 295 1851 Invisibilia
308 1805 403 1853 autern
418 1796 616 1866 hicpossumus
626 1796 784 1866 intelligere
794 1798 941 1850 intormem
983 1794 1028 1863 plo
1043 1794 1177 1848 admonet
1194 1803 1224 1848 ut
1235 1795 1306 1864 justi
1321 1795 1387 1858 sint,
1405 1798 1499 1866 aliquo
1514 1800 1596 1853 ruodo
1611 1801 1745 1871 loquitur.

140 1884 293 1941 materiam
304 1885 338 1938 de
348 1901 401 1954 qna
414 1884 516 1938 dicitur
528 1884 676 1937 inexordio
685 1884 809 1938 Genesis:
819 1888 851 1939 ln
860 1889 942 1951 prin·
1020 1882 1080 1938 aaa
1095 1884 1201 1937 llenaeb
1229 1887 1382 1938 translatus
1395 1891 1433 1938 est
1448 1903 1481 1938 ne
1495 1889 1596 1941 uideret
1616 1896 1742 1956 astartem,
1759 1896 1784 1947 et

138 1976 212 2042 capia
225 1976 288 2042 fecit
305 1976 375 2028 Deus
388 1976 485 2029 caium
497 1979 522 2026 et
536 1973 690 2040 ternomio
708 1974 770 2028 coeli
784 1982 878 2028 autem
895 1991 943 2027 no·
983 1987 1039 2024 riori·
1051 1972 1327 2041 irrueniebatar,qaio
1339 1976 1483 2027 transtulit
1497 1976 1784 2035 illurnDeus.Heuoch

140 2061 220 2116 mine
233 2069 341 2116 nonest
353 2062 566 2133 intelligendum
583 2061 658 2115 istud
671 2063 772 2116 caelum
787 2063 941 2133 corporale,
984 2076 1034 2128 per
1045 2059 1128 2113 sidem
1141 2059 1244 2130 placuit
1258 2061 1392 2132 Demque,
1402 2061 1455 2115 suit
1467 2060 1547 2117 bonis
1559 2064 1691 2135 operibus
1701 2083 1783 2122 exor-

140 2144 216 2223 quad
232 2150 390 2222 appellatur
400 2150 673 2205 lirmamenturnsed
688 2151 814 2220 angelica
829 2158 940 2211 natura.
984 2148 1219 2211 uata‚credeusse
1231 2149 1346 2203 omuino
1357 2165 1406 2219 per
1424 2150 1501 2204 illam
1513 2146 1622 2222 placere
1633 2154 1699 2208 Deo.
1709 2156 1782 2219 Qua·

139 2239 258 2310 coelique
273 2239 428 2310 spiritales:
446 2256 497 2309 per
513 2246 616 2292 terram
634 2255 697 2290 vero
714 2239 881 2308 intelligitur
900 2240 942 2293 in·
984 2237 1263 2306 proptertranslatus
1276 2244 1319 2292 est
1334 2238 1361 2291 in
1375 2239 1537 2308 paradisum
1553 2245 1785 2306 terrenumunde

143 2328 245 2385 formis
261 2329 438 2392 materies‚de
454 2344 509 2398 qua
526 2327 596 2380 lacta
613 2333 677 2380 sunt
692 2328 870 2396 postmodum
887 2345 944 2380 om·
985 2325 1125 2395 quondam
1142 2326 1248 2394 ejectus
1261 2327 1353 2380 luerat
1367 2327 1473 2380 Adane:
1491 2328 1617 2383 videlieet
1631 2347 1665 2385 ue
1681 2331 1787 2402 experi-

144 2416 193 2471 nia
207 2417 374 2491 corporalia,
402 2433 463 2486 quae
482 2423 550 2469 tunc
572 2415 779 2485 quodammodo
796 2416 945 2470 inrisibilia
983 2420 1062 2467 retur
1072 2420 1191 2468 mortem
1201 2414 1396 2484 temporalem,
1409 2416 1497 2471 donea
1511 2421 1712 2490 tempusaDeo
1722 2438 1786 2475 con·

140 2502 772 2579 erant,quandotenebraeerantsuperiacienr
786 2504 888 2575 abyssi.
907 2506 944 2558 lix
984 2502 1113 2556 stitutum
1131 2509 1285 2572 percurrat.
1299 2504 1359 2567 Quo
1374 2504 1473 2562 habitu
1494 2523 1558 2561 vero
1582 2510 1624 2562 rel
1640 2526 1694 2579 que
1708 2515 1785 2566 statu

139 2592 275 2655 invisibili
290 2600 385 2649 autem
398 2592 517 2647 materia
532 2593 681 2646 factasunt
695 2591 821 2651 risibilia.
831 2594 944 2662 quaudo
985 2590 1068 2643 moda
1079 2591 1216 2644 existatin
1227 2593 1366 2661 paradiso,
1375 2609 1429 2646 non
1439 2600 1481 2647 est
1492 2602 1619 2649 nastrum
1630 2597 1783 2668 inquirere.

138 2699 192 2759 per
206 2682 313 2754 species
322 2688 351 2737 et
369 2682 474 2736 iornsas
486 2681 574 2735 dirisn
588 2686 616 2734 et
630 2681 750 2735 ‹liscreta
762 2690 828 2735 sunt
837 2683 942 2735 anania.
986 2680 1044 2732 iloc
1054 2686 1147 2733 tauron
1159 2680 1458 2750 credendumest‚quia
1467 2683 1627 2755 sineeliqua
1637 2687 1784 2754 modestia,

141 2770 241 2827 Potest
257 2776 286 2824 ct
303 2770 358 2825 alio
374 2770 456 2824 modo
471 2770 677 2839 intelligiquod
691 2769 760 2823 dicit
771 2785 803 2824 ex
820 2769 943 2823 nnis-im·
986 2774 1013 2819 et
1023 2768 1083 2821 sine
1097 2768 1190 2839 aliquo
1201 2769 1354 2824 dolareaut
1370 2770 1464 2825 labore
1474 2772 1593 2842 quiescit
1606 2773 1634 2826 in
1645 2774 1785 2845 illopara·

139 2859 219 2917 libus
230 2859 351 2914 risibilia
373 2859 442 2912 deri.
461 2857 643 2913 invisibiliter
657 2859 777 2912 mundus
792 2865 944 2928 antequam
985 2856 1054 2909 diso:
1064 2851 1173 2911 atsicut
1183 2858 1374 2913 illeriritsine
1384 2859 1479 2930 aliqua
1493 2860 1706 2932 impugnatione
1720 2880 1784 2917 car-

140 2932 316 3007 formaretur
327 2948 356 3002 iu
368 2948 418 3003 Dei
432 2947 572 3020 sapientia
585 2953 654 3009 erat,
664 2947 711 3016 qui
727 2955 820 3001 tamen
836 2964 885 3018 per
896 2965 944 3001 or·
985 2945 1038 3009 nis,
1057 2945 1118 2999 sine
1144 2946 1239 3016 aliqua
1261 2946 1399 3011 molestia,
1420 2948 1458 3003 ita
1482 2949 1537 3003 nisi
1558 2951 1641 3006 honio
1661 2953 1785 3022 primum

141 3037 296 3111 pleuonem
311 3036 529 3108 operisvisibilis
541 3037 632 3091 iactus
642 3042 685 3089 est
696 3036 827 3090 humanis
838 3036 943 3091 obtati·
955 3007 976 3067 G
988 3039 1139 3104 peccasset,
1152 3034 1290 3104 completo
1309 3035 1436 3090 omnium
1455 3054 1573 3092 numero
1588 3039 1754 3112 electorum,
1769 3056 1786 3094 a

140 3126 206 3203 bus.
221 3126 302 3190 Quod
317 3133 412 3180 autem
428 3125 504 3189 dicit,
522 3125 624 3179 saecula
638 3126 763 3196 perlecta
776 3142 837 3179 esse
851 3125 943 3180 Verbo
985 3122 1114 3192 paradiso
1129 3129 1241 3176 terreno
1261 3125 1460 3179 transferretur
1475 3127 1510 3180 ed
1527 3128 1689 3197 paradisum
1701 3128 1785 3184 coele-

143 3213 510 3288 Dei,persoeculadebemus
525 3213 681 3283 intelligere
692 3214 857 3284 omniaque
872 3214 945 3269 facte
985 3216 1064 3263 stem.
1084 3210 1120 3264 Ut
1135 3216 1229 3264 autem
1245 3212 1454 3275 transferretur,
1471 3232 1556 3269 cansa
1571 3216 1623 3270 luit
1635 3217 1709 3287 quod
1725 3217 1787 3286 pla-

143 3308 213 3359 aunt
227 3303 256 3357 iu
267 3302 465 3373 tempore.sire
476 3303 576 3356 saecula
591 3301 675 3354 lierbi
687 3300 735 3355 Dei
749 3302 851 3367 Patris,
864 3302 944 3371 juxta
986 3299 1043 3352 cuit
1058 3298 1131 3352 Deo:
1147 3300 1195 3353 sed
1212 3289 1377 3370 ut'placeret
1389 3302 1453 3366 lieo,
1465 3320 1550 3357 rausa
1563 3303 1616 3358 luit
1629 3306 1690 3374 ejus
1705 3306 1784 3361 sides.

144 3391 220 3464 quud
243 3392 366 3464 loannes
386 3391 471 3444 dicit:
495 3392 595 3446 Ornnr'a
608 3405 657 3456 per
676 3393 766 3457 ipsam
784 3392 859 3456 sacta
879 3396 944 3446 sunt
986 3386 1046 3441 Nisi
1061 3387 1134 3440 enim
1150 3387 1277 3441 erederet
1299 3390 1372 3458 quod
1397 3390 1558 3447 redditurus
1579 3398 1652 3446 esset
1671 3393 1696 3447 ei
1712 3394 1786 3449 Deus

141 3482 286 3551 (loan.1l:
302 3479 403 3545 saecula
415 3486 521 3544 autem,
536 3483 569 3531 ut
583 3476 698 3532 Ovidius
717 3478 791 3532 Naso
810 3479 888 3543 dicit,
905 3480 945 3534 di·
987 3475 1155 3542 mercedem,
1182 3478 1321 3546 quomoda
1343 3478 1466 3548 placeret
1480 3479 1524 3532 ei?
1538 3481 1608 3533 ,late
1624 3485 1786 3536 translatio-

142 3572 281 3635 sanburn
295 3568 449 3639 sequendo,
464 3584 496 3620 eo
511 3566 584 3637 quod
604 3582 664 3620 sese
679 3573 842 3637 sequantur,
860 3574 945 3639 atque
987 3581 1049 3619 nem
1077 3568 1151 3618 enirn
1175 3568 1362 3618 testimonimn
1388 3567 1485 3622 iraduit
1510 3570 1644 3634 placuisse
1663 3569 1725 3632 deo,
1744 3569 1788 3623 di·

143 3657 175 3713 in
189 3656 418 3718 serevolrantur,
434 3661 506 3711 teste
521 3656 663 3709 Varrone:
681 3657 782 3710 secula
798 3661 892 3710 autem
913 3674 945 3710 ex
987 3660 1067 3706 cente
1087 3652 1232 3722 Scriptura
1246 3653 1311 3723 quia
1325 3653 1479 3708 ambulavit
1501 3655 1615 3709 lienoeh
1639 3672 1701 3710 cum
1715 3658 1785 3724 Deo,

144 3762 178 3803 eo
196 3745 253 3801 dici
275 3751 402 3817 possunt,
419 3761 451 3798 ex
474 3761 528 3816 que
550 3746 668 3801 serietas
691 3745 774 3816 coepit
793 3761 854 3799 esse
874 3750 947 3799 tem·
988 3740 1185 3811 obtemperans
1200 3741 1336 3795 voluntati
1351 3742 1421 3812 ejus.

142 3833 235 3907 poris.
1022 3830 1087 3885 Sine
1097 3831 1149 3897 fida
1164 3833 1238 3883 araim
1254 3832 1420 3897 irnpossibiie
1434 3836 1471 3884 est
1490 3834 1600 3899 placere
1614 3833 1674 3889 Dee.
1686 3832 1789 3887 Crede·

145 3974 148 3978 .
178 3922 245 3975 Fide
258 3923 413 3990 plurimam
428 3923 548 3975 bostiam
567 3922 631 3976 luet
656 3922 825 3990 quamdam
846 3921 945 3975 obtulit
986 3916 1036 3973 bat
1053 3918 1179 3981 Henech‚
1195 3917 1298 3989 quiesi
1314 3917 1377 3989 quis
1395 3918 1546 3974 crediderit
1566 3937 1627 3976 esse
1642 3922 1743 3985 Deum,
1760 3925 1789 3976 et

143 4010 358 4083 Deaperquam
370 4012 945 4077 testimoniamconsecutusestessaJastas,
987 4006 1023 4060 ad
1047 4022 1111 4061 eum
1140 4006 1298 4072 accesserit,
1323 4005 1535 4063 retributionem
1560 4010 1686 4064 haberet.
1716 4009 1789 4075 Quia

145 4100 502 4167 testimoniumperlribenta
516 4100 680 4154 internarium
694 4099 848 4166 ejusDro‚et
855 4098 947 4167 parit-
987 4111 1054 4167 ergo
1069 4095 1362 4150 fidessundamentum
1377 4101 1420 4150 est
1431 4097 1556 4152 amnium
1572 4095 1788 4166 bonorum,ideo

146 4187 206 4241 iarn
219 4187 367 4253 defunctus
391 4187 482 4241 aditae
498 4189 631 4256 loquitur.
645 4185 773 4241 Primum
788 4184 868 4256 ponit
882 4200 947 4239 eum
987 4185 1047 4238 sine
1073 4184 1128 4237 side
1151 4200 1234 4237 nemo
1254 4190 1348 4255 potest
1371 4185 1430 4239 Deo
1454 4185 1574 4257 placere.
1592 4188 1699 4241 eradere
1712 4191 1789 4244 enim

145 4274 196 4347 qui
208 4273 284 4328 mala
294 4291 393 4347 pessus
408 4281 460 4339 est,
472 4280 501 4328 et
515 4276 567 4329 hoc
581 4294 599 4331 a
617 4268 714 4338 tratre,
726 4274 871 4347 proprium
887 4273 948 4328 illo·
989 4277 1091 4341 oportet
1106 4274 1273 4327 accedentem
1282 4274 1319 4326 ad
1334 4274 1420 4327 Deurn
1439 4278 1507 4341 qaia
1523 4279 1571 4338 est,
1595 4281 1620 4327 et
1640 4277 1789 4345 inquiren-

145 4379 211 4417 rum
222 4379 331 4434 ponens
341 4362 622 4434 exeundum-Etenim
638 4366 735 4420 eadem
748 4364 824 4436 passi
837 4362 877 4416 illi
891 4356 982 4417 sue-D
992 4363 1064 4414 tibus
1079 4378 1105 4415 se
1120 4366 1315 4415 remunerator
1327 4364 1371 4415 sit.
1384 4361 1550 4433 Quicunque
1562 4364 1598 4416 ad
1608 4363 1700 4418 Deum
1714 4379 1791 4421 aare·

144 4455 212 4519 rant
223 4467 241 4504 e
250 4449 454 4505 contribulibus
470 4451 538 4505 suis.
555 4452 731 4523 Quapropter
745 4452 875 4507 hortatur
890 4467 949 4515 eos,
992 4448 1035 4503 dit
1048 4447 1195 4513 eredendo,
1208 4448 1323 4502 credere
1336 4453 1466 4519 opportet
1476 4447 1555 4503 illum
1570 4449 1637 4520 quia
1648 4451 1723 4505 Deus
1737 4456 1790 4519 est,

146 4546 181 4596 ut
194 4539 271 4595 sicut
282 4539 329 4595 ille
344 4539 450 4610 injuste
465 4539 572 4595 occisus
587 4545 629 4594 est
644 4540 951 4602 asratreetnanrecu·
992 4540 1046 4594 hoc
1060 4544 1112 4601 est,
1128 4554 1239 4608 semper
1253 4535 1339 4591 habet
1359 4553 1430 4602 esse,
1442 4538 1528 4608 juxta
1547 4539 1622 4608 quod
1642 4538 1702 4609 ipso
1722 4539 1793 4595 dixit

145 4628 219 4684 eavit
233 4627 467 4701 persecutionem.
480 4627 559 4684 itaet
573 4629 613 4683 illi
628 4645 683 4683 non
699 4635 862 4683 recusarent
871 4627 894 4681 si
909 4628 952 4683 iu·
993 4628 1029 4682 ad
1041 4628 1155 4697 Moysen
1169 4627 1262 4692 (and.
1281 4624 1337 4694 ru):
1354 4625 1407 4692 Epo
1426 4641 1489 4678 sara
1511 4628 1561 4692 qui
1583 4641 1655 4678 sain.
1670 4627 1721 4680 Et:
1739 4626 1793 4693 Qui

143 4717 224 4787 juste
238 4721 432 4788 paterentura
447 4716 648 4770 contribulibus
663 4715 853 4788 fratribusque
880 4716 949 4770 suis.
993 4722 1031 4770 est
1046 4717 1122 4771 misit
1137 4731 1179 4767 me
1196 4714 1232 4766 ad
1246 4729 1303 4770 uos.
1319 4711 1440 4767 Credere
1454 4711 1539 4766 etiam
1559 4711 1652 4779 debet,
1666 4713 1732 4783 quia
1745 4713 1792 4768 in·

145 4804 306 4859 Plurimum
320 4805 466 4876 quippe‚id
481 4810 523 4859 est
536 4806 671 4874 maiorem
687 4805 808 4859 hostiam
818 4803 888 4858 Abel
901 4803 952 4859 ob·
994 4800 1171 4874 quirentibus
1185 4818 1215 4854 se
1228 4817 1279 4872 per
1291 4800 1364 4855 bona
1379 4816 1474 4870 opera,
1490 4801 1570 4870 juxta
1581 4802 1656 4871 quod
1670 4802 1792 4857 Psalmi-

145 4892 216 4948 tulit
224 4893 284 4948 Deo
301 4909 385 4964 quam
401 4892 482 4957 Cain,
499 4908 556 4946 non
569 4893 643 4964 quod
658 4893 706 4947 illa
720 4893 814 4948 hostia
827 4893 855 4947 in
868 4892 952 4947 rebus
994 4899 1039 4947 sta
1050 4891 1127 4955 dicit,
1149 4891 1265 4959 Quande
1280 4891 1441 4950 Dominum,
1454 4894 1478 4942 et
1488 4892 1696 4956 confirmamini
1710 4893 1792 4961 (Psoi.

145 4979 310 5037 carnalibus
334 4981 424 5049 major
445 4981 607 5042 exstitisset,
620 4981 668 5034 sed
693 4981 829 5053 quidquid
853 4981 952 5036 melius
995 4983 1060 5046 arv),
1073 4984 1195 5034 aeternus
1207 4983 1236 5032 et
1249 4994 1333 5032 uerus
1349 4981 1545 5032 remunerator
1557 4978 1604 5032 sit.
1623 5003 1637 5021 ·

145 5069 248 5125 imbuit
261 5068 332 5125 atel
348 5085 399 5139 per
409 5070 493 5124 fidem
500 5070 557 5125 Deo
570 5069 702 5124 benevolo
713 5070 806 5124 animo
822 5071 949 5140 protulit,
1029 5069 1091 5123 aare
1106 5073 1135 5122 et
1146 5067 1212 5130 Noe,
1226 5082 1352 5135 responso
1373 5073 1478 5133 accepto
1496 5067 1528 5119 de
1551 5068 1595 5121 liis
1622 5085 1682 5137 qua
1704 5071 1795 5129 adbuc

146 5164 178 5214 et
188 5157 323 5213 exindeei
339 5174 391 5212 sua
402 5159 587 5230 multiplicata
598 5158 752 5224 luerunt‚et
766 5157 952 5228 intelligimus
995 5173 1051 5211 non
1061 5157 1236 5220 satiebantur,
1248 5152 1300 5208 hoe
1314 5158 1366 5217 est,
1381 5155 1415 5208 de
1429 5153 1704 5221 imbribus‚metuerrs
1717 5166 1796 5230 apta-

146 5246 242 5317 ipsum
259 5262 309 5317 per
322 5247 376 5300 hoc
390 5246 528 5318 placuisse
544 5247 611 5300 Deo.
623 5245 691 5299 Fide
703 5260 824 5314 namque
839 5245 892 5300 hoe
909 5246 950 5300 le·
996 5248 1033 5301 uit
1053 5260 1149 5298 arcum
1162 5245 1318 5297 insolutam
1330 5242 1426 5296 doinus
1441 5260 1505 5306 sera,
1519 5261 1570 5312 per
1584 5263 1679 5315 quana,
1691 5248 1794 5307 subau-

146 5334 273 5409 eit‚quia
285 5334 405 5388 eredidit
419 5335 476 5388 hmc
490 5351 551 5405 qua¹
566 5333 639 5387 bona
652 5333 794 5386 uoluntate
807 5332 951 5399 efferebat,
994 5333 1037 5387 dis
1052 5333 1146 5394 tidem,
1158 5330 1301 5386 merserant
1315 5331 1675 5404 inundurn,coniparatioue
1690 5338 1796 5394 scilieet

146 5423 210 5485 Dee
223 5423 333 5495 placere
354 5429 383 5477 et
406 5439 437 5476 se
457 5423 694 5477 remunerandum
709 5420 840 5475 credebat
858 5420 893 5474 ab
908 5437 950 5474 eo.
997 5420 1121 5476 melioris
1134 5420 1199 5473 fidei
1214 5423 1243 5473 et
1255 5417 1336 5486 facin
1352 5422 1505 5486 etiustitia
1518 5440 1578 5492 qua
1590 5440 1641 5492 per
1650 5427 1730 5490 fidem
1744 5431 1791 5487 est,

147 5508 954 5585 'testiinoniumquaquellaoperhibentemuneribusejus,
997 5511 1081 5567 ireres
1095 5513 1133 5564 est
1148 5509 1302 5562 institutas.
1312 5507 1656 5587 FidecrediditDeoquod
1666 5511 1794 5569 induetu-
