3818 6104
32 294 37 301 -
131 258 183 316 135
251 206 255 215 ἱ
343 250 801 311 HAYMONISHALBERSTAT.
822 250 933 308 EPISC.
955 250 1189 310 operaest.
1210 252 1563 310 -COMMENDBIBD
1719 248 1773 309 136

131 380 255 457 exoptat,
279 383 346 456 quia
368 381 441 436 sicut
465 379 551 434 Pater
570 381 706 451 templum
727 385 771 434 est
796 378 870 442 Filii,
891 377 1019 437 itaASic
1033 383 1061 432 et
1074 379 1225 433 psalmista
1242 397 1247 430 :
1266 397 1279 430 r
1300 377 1410 432 Memor
1429 376 1469 430 lui
1481 376 1542 440 Dei,
1562 381 1592 429 et
1614 374 1773 429 delectatus

130 475 219 529 filius
232 474 369 544 templum
386 470 541 525 estPatris.
558 471 621 541 lpse
642 469 715 523 enim
731 468 819 522 dicit:
839 486 852 519 c
871 465 931 537 Ego
972 483 1044 520 sum.
1064 469 1127 522 »Ex
1144 485 1199 538 quo
1215 467 1357 530 discimus,
1370 483 1433 520 cum
1448 465 1543 519 deficit
1557 465 1654 518 anima
1673 468 1774 517 nostra

131 563 162 617 in
177 563 270 628 Patre,
288 569 317 616 et
336 562 421 616 Pater
443 560 472 614 in
495 575 539 612 me
564 564 615 612 est.
640 577 654 610 n
677 558 711 611 st
735 557 824 611 alibi:
843 575 855 606 o
873 557 932 626 Ego
972 556 1126 610 constituta
1140 557 1167 610 in
1183 557 1277 626 ahqua
1287 555 1480 620 tribulatione,
1490 555 1532 608 vel
1541 552 1774 623 cumacorpovis

56 674 58 678 ·
132 668 150 707 a
169 653 254 707 Patre
275 650 346 706 exivi
365 655 394 703 et
420 647 491 702 veni.
511 647 574 700 »Et
589 646 655 717 quia
674 646 734 718 ipsa
755 646 829 700 Deus
846 649 933 698 estet
972 660 1106 716 compage
1120 645 1269 712 divellitur,
1287 645 1389 699 debere
1409 661 1461 698 nos
1484 643 1574 697 Deum
1589 644 1618 697 in
1634 641 1774 696 memorie

131 741 227 807 bomo,
244 739 369 812 postulat
382 755 415 792 ex
429 737 520 791 forma
533 735 615 802 servi,
633 736 781 806 pollicetur
795 752 827 789 ex
841 735 933 789 forma
974 733 1086 800 habere,
1103 740 1132 788 et
1150 736 1184 788 ad
1205 752 1268 790 eum
1292 751 1403 788 omnem
1426 733 1626 804 cogitationem
1650 737 1772 797 vertere,

133 830 195 884 Dei.
974 824 1021 894 qui
1036 824 1160 895 corporis
1172 830 1200 878 et
1215 824 1317 877 animae
1339 829 1382 877 est
1403 823 1488 877 Deus.
1508 842 1519 872 ι
1536 823 1575 876 Ut
1587 821 1682 876 veniat
1694 820 1728 874 ad
1744 824 1774 874 te

171 918 456 979 „Circumdederunt
477 930 523 968 me
539 931 619 985 equae
641 914 784 983 usquead
808 913 932 967 animam
972 912 1063 965 oratio
1077 928 1140 965 mea
1156 911 1190 966 ed
1206 912 1343 982 templum
1365 918 1492 966 sanctum
1517 915 1609 966 tunm.
1629 909 1772 975 rldcirco,

132 1025 238 1063 meam:
251 1003 678 1079 abyssusvallavitme,pelegus
694 1002 933 1074 cooperuitcaput
972 1000 1074 1070 inquit,
1092 1001 1203 1055 Domini
1218 1001 1380 1055 recordatus
1402 1018 1474 1065 sum,
1498 1005 1531 1055 ut
1552 1000 1643 1054 oratio
1659 997 1775 1052 meede

130 1114 235 1151 meum.
251 1094 410 1166 uAbyssum
423 1093 492 1146 dicit
504 1091 660 1146 contrarias
670 1090 858 1155 fortitudines,
870 1107 932 1161 que
973 1089 1106 1144 extremis
1121 1090 1260 1144 montium
1276 1090 1411 1145 ascendat
1432 1090 1467 1143 ad
1485 1089 1622 1160 templum
1643 1095 1774 1143 sanctum

130 1183 358 1257 profundissimis
379 1181 482 1236 inferni
505 1180 583 1245 locis,
599 1180 627 1234 id
651 1186 694 1234 est
713 1185 829 1242 tartaro,
851 1195 933 1233 man·
973 1182 1064 1246 tuum,
1079 1178 1106 1231 id
1122 1185 1165 1232 est
1177 1179 1211 1232 ad
1226 1180 1337 1244 coelum,
1354 1179 1422 1250 quia
1435 1180 1501 1233 licet
1518 1178 1621 1249 ubique
1636 1179 1674 1231 sit
1687 1179 1773 1243 Deus,

130 1275 227 1346 cipatre
243 1280 319 1336 sunt,
336 1272 373 1326 ad
388 1288 450 1342 quae
475 1271 536 1324 loca
550 1269 691 1323 timebant
712 1269 754 1322 ire
778 1269 930 1332 daemones,
973 1268 1012 1322 ibi
1028 1274 1123 1322 tamen
1136 1269 1332 1323 assistentibus
1349 1268 1401 1323 sibi
1416 1269 1523 1338 angelis
1543 1275 1649 1322 aeterna
1668 1266 1775 1321 fruitur

130 1368 264 1434 rogantes
280 1363 309 1416 iu
325 1360 477 1430 Evangelio
494 1360 643 1413 Dominum
659 1374 693 1412 ne
708 1358 888 1413 mitterentur
903 1358 932 1413 in
975 1355 1157 1411 beatitudine.
1174 1357 1312 1429 Loquitur
1326 1373 1390 1411 vero
1405 1363 1438 1411 ut
1452 1356 1585 1426 pontifex,
1594 1355 1642 1425 qui
1656 1355 1727 1426 petit
1741 1359 1774 1408 ut

131 1450 276 1522 abyssum.
301 1449 426 1521 Abyssus
446 1449 542 1519 itaque
566 1448 708 1502 Christum
730 1447 851 1507 vallavit,
867 1464 933 1501 curn
974 1462 1070 1516 preces
1082 1446 1177 1517 populi
1193 1463 1245 1516 per
1257 1463 1321 1500 euru
1338 1446 1373 1500 ad
1387 1445 1522 1515 templum
1540 1445 1588 1498 Dei
1606 1445 1771 1498 ascendant.

131 1537 286 1594 inferorum
310 1538 451 1610 principes
471 1554 535 1591 eum
550 1553 580 1592 sc
597 1536 627 1590 in
643 1543 732 1591 morte
746 1538 930 1608 comprehen-
972 1534 1026 1589 Sed
1041 1541 1070 1588 ct
1082 1536 1254 1606 Redemptor
1268 1540 1364 1589 noster
1384 1536 1414 1589 in
1435 1535 1564 1605 passione
1578 1550 1631 1588 sua
1643 1532 1772 1604 rogabat,

132 1626 207 1682 disse
218 1627 407 1682 crediderunt.
939 1643 986 1715 B‘*
1007 1625 1100 1686 Pater,
1116 1625 1139 1678 si
1152 1624 1284 1696 possibile
1297 1629 1350 1691 est,
1364 1624 1469 1690 dicere,
1479 1628 1605 1677 transeat
1620 1638 1637 1675 a
1649 1638 1694 1675 me
1702 1621 1774 1676 calix
1801 1693 1803 1698 η

169 1736 182 1768 e
206 1717 250 1770 Ad
265 1722 390 1770 extrema
404 1719 542 1770 montium
562 1713 693 1769 descendi
715 1732 720 1766 :
745 1719 828 1768 terrae
840 1721 932 1769 vectes
974 1712 1037 1766 iste.
1059 1734 1070 1759 a
1088 1713 1123 1766 Et
1143 1713 1171 1766 in
1191 1729 1273 1766 cruce
1298 1711 1443 1782 positus«
1465 1713 1558 1778 Pater,
1581 1711 1694 1765 dimitte
1706 1711 1771 1777 illis,

132 1806 332 1860 concluserunt
347 1821 392 1858 me
406 1806 433 1858 in
449 1808 595 1859 aeternum.
611 1803 767 1857 »Extrema
784 1803 931 1869 montium,
974 1803 1119 1856 nonenim
1134 1803 1227 1857 sciunt
1240 1802 1307 1872 quid
1321 1801 1436 1855 faciunt.
1456 1821 1466 1850 s

127 1895 211 1965 juxta
237 1895 372 1961 litteram,
398 1893 536 1965 profunda
563 1899 703 1947 terrerum
727 1892 807 1954 dicit,
832 1892 933 1962 quibus
1012 1891 1090 1955 «Qui
1101 1891 1265 1945 custodiunt
1279 1891 1417 1944 vanitates
1428 1888 1773 1952 frustra,misericordiem

132 1985 213 2056 quasi
228 1985 352 2040 vectibus
365 1990 448 2037 terrae
461 1982 561 2053 globus
574 1982 624 2036 Dei
637 1981 780 2035 voluntate
794 1987 934 2037 sustenta·
974 1986 1052 2034 tuam
1068 1979 1277 2050 derelinquent.
1289 1997 1301 2031 r
1312 1980 1381 2033 Mira
1396 1979 1539 2051 prophetae
1554 1978 1773 2048 magnanimitas

131 2080 187 2140 tur,
204 2072 277 2128 sicut
291 2073 321 2127 in
335 2073 443 2143 psalmo
457 2071 562 2125 dicitur
581 2089 587 2124 :
606 2090 618 2121 e
635 2071 692 2140 Ego
708 2071 870 2124 confirmavi
885 2088 932 2125 eo·
974 2069 1003 2123 in
1019 2074 1113 2123 ventre
1138 2075 1224 2123 tantae
1246 2069 1343 2124 bestiae
1365 2069 1399 2122 de
1422 2068 1545 2122 humana
1566 2067 1721 2137 fragilitate
1733 2067 1774 2121 di·

131 2163 244 2217 lumnas
260 2163 330 2232 ejus.
358 2181 372 2212 o
391 2160 507 2232 Mystice
524 2178 529 2212 :
547 2165 632 2230 caput
655 2159 764 2213 Domini
780 2160 872 2213 enimn
888 2166 932 2215 est
973 2165 1079 2228 sputat.
1094 2159 1168 2212 Deus
1181 2158 1284 2229 quippe
1299 2165 1401 2212 natura
1414 2158 1582 2214 misericors.
1598 2164 1715 2227 paratus
1731 2168 1772 2211 est

133 2267 194 2321 que
210 2250 388 2322 principatur
402 2248 522 2319 corpori.
539 2249 630 2319 Caput
649 2263 717 2317 erge
738 2249 799 2319 ejus
814 2249 930 2320 pelagus
973 2248 1099 2301 misereri
1115 2247 1244 2302 omnibus
1271 2249 1329 2302 Nos
1343 2255 1438 2302 autem
1455 2253 1551 2301 nostro
1567 2246 1633 2300 vitio
1650 2247 1725 2300 ultro
1741 2262 1771 2301 se

132 2339 288 2411 cooperuit,
304 2338 416 2409 quando
431 2337 554 2391 animam
571 2353 654 2407 quam
668 2352 718 2407 pro
731 2342 826 2391 nostra
839 2339 930 2393 salute
972 2336 1134 2391 offerentem
1148 2337 1292 2408 perdimus
1312 2337 1500 2392 clementiam.
1518 2337 1551 2389 Et
1566 2335 1771 2391 attendendum

132 2427 265 2499 suscepit,
290 2427 399 2500 pondus
420 2425 611 2480 tribulationis
636 2431 665 2479 et
690 2426 789 2480 mortis
809 2444 930 2498 praegre-
970 2426 1044 2496 quod
1059 2443 1114 2481 non
1138 2426 1215 2482 dixit.
1232 2426 1279 2497 qui
1300 2426 1406 2480 faciunt
1427 2426 1575 2490 vanitates,
1596 2440 1679 2479 nemo
1695 2424 1771 2481 enim

131 2517 214 2570 ravit.
233 2516 363 2570 Extrema
379 2515 453 2570 enim
477 2515 625 2573 montium.
649 2513 788 2586 principes
808 2516 875 2571 dicit
889 2519 930 2571 in·
971 2521 1013 2569 est
1027 2515 1074 2585 qui
1089 2531 1144 2569 non
1161 2516 1245 2569 faciat
1259 2533 1339 2578 vana,
1355 2516 1383 2569 id
1399 2522 1507 2570 estnon
1520 2519 1625 2586 peccet.
1639 2514 1771 2585 quoniam

130 2605 266 2671 ferorum,
283 2603 652 2676 quidecoelisalibcrtate
673 2605 800 2674 projecti,
824 2606 930 2676 operie-
971 2603 1101 2658 universa
1128 2606 1236 2659 vanitas
1267 2605 1358 2658 onmis
1382 2606 1464 2659 honre
1490 2603 1582 2658 vivens
1606 2621 1610 2652 :
1634 2604 1683 2657 sed
1703 2603 1773 2658 dicit

130 2693 242 2761 bantur,
259 2693 389 2748 fluctibus
403 2692 616 2764 suppliciorum,
632 2699 661 2747 et
674 2692 775 2764 abysso
789 2694 930 2749 vallaban-
972 2711 986 2746 v
1006 2694 1176 2757 custodiunt,
1195 2714 1206 2744 r
1219 2694 1247 2748 id
1259 2701 1302 2748 est
1315 2695 1444 2763 diligunt,
1456 2693 1523 2747 etin
1538 2694 1669 2747 allectum
1678 2692 1771 2747 cordis

133 2787 189 2847 tur,
212 2782 248 2837 ed
272 2799 333 2853 quae
358 2782 418 2835 loce
440 2781 637 2852 Redemptoris
663 2782 757 2835 anima
777 2783 930 2853 descendit,
972 2784 1015 2838 sui
1034 2790 1182 2838 transeunt
1209 2784 1243 2838 lli
1257 2784 1329 2838 tales
1343 2783 1561 2838 misericordiam
1574 2799 1669 2841 suain.
1685 2782 1713 2837 id
1728 2788 1770 2836 est

134 2888 190 2926 non
212 2877 245 2926 ut
265 2870 303 2925 ibi
323 2875 477 2932 teneretur,
500 2871 546 2924 sed
571 2876 604 2925 ut
623 2888 689 2925 suos
712 2871 777 2924 inde
800 2872 930 2942 eriperet.
972 2873 1071 2936 Deum,
1088 2872 1297 2943 derelinquunt.
1318 2873 1353 2927 de
1374 2890 1429 2945 qno
1450 2873 1570 2926 dicitur:
1590 2892 1601 2923 ι
1618 2872 1770 2927 Miserator

133 2961 190 3032 Ipsi
204 2965 271 3015 sunt
286 2966 315 3014 et
328 2965 420 3015 vectes
439 2973 531 3022 terrm,
558 2962 638 3030 quasi
662 2961 789 3031 quaedam
803 2978 871 3015 serae
883 2978 932 3015 ex·
973 2970 1001 3016 et
1015 2963 1173 3017 misericors
1197 2963 1351 3029 Dominus,
1373 2982 1386 3013 o
1403 2969 1432 3016 et
1445 2961 1510 3015 alibi
1527 2980 1532 3014 :
1553 2983 1564 3010 ι
1582 2963 1656 3016 Deus
1678 2977 1768 3027 meus,

132 3050 215 3104 tremi
232 3049 351 3104 carceris
367 3054 395 3102 et
410 3065 565 3119 poenarum,
585 3049 710 3103 volentes
733 3066 843 3121 semper
862 3013 960 3104 reti·C
971 3053 1165 3107 misericordia
1175 3070 1247 3107 mea.
1265 3072 1277 3105 o
1290 3053 1348 3106 Nec
1361 3051 1437 3117 dicit,
1447 3051 1639 3105 misericordia
1653 3067 1707 3104 sua
1720 3051 1771 3104 de-

132 3155 200 3193 nere
214 3138 323 3193 animas
338 3155 409 3208 quas
424 3138 511 3191 semel
527 3137 709 3207 accepissent.
734 3137 786 3193 His
806 3139 930 3193 vectibus
971 3141 1179 3211 relinquuntur,
1197 3141 1245 3195 sed
1260 3141 1314 3212 ipsi
1327 3150 1456 3215 paratam
1469 3146 1498 3195 et
1513 3142 1588 3194 ultro
1608 3157 1639 3194 se
1653 3140 1772 3194 offeren-

131 3229 280 3284 conclusus
296 3232 339 3281 est
352 3227 507 3293 Dominus;
524 3225 582 3290 sed,
596 3227 670 3281 sicut
684 3243 733 3297 per
745 3228 846 3282 lsaiam
863 3232 931 3299 pr’ae·
970 3237 1026 3284 tem
1041 3231 1205 3301 relinquunt
1219 3230 1450 3284 misericordiam.
1467 3230 1545 3293 Quod
1560 3228 1723 3300 specialiter
1735 3229 1771 3282 de

131 3316 250 3377 dixerat,
267 3324 296 3371 et
310 3323 404 3386 portas
416 3331 503 3369 aereas
518 3315 658 3382 contrivit,
677 3321 705 3369 et
717 3322 809 3371 vectes
823 3318 930 3373 ferreos
970 3319 1073 3374 Judaeis
1088 3319 1200 3378 dicitur.
1225 3319 1273 3389 qui
1295 3325 1437 3373 servantes
1457 3319 1605 3382 vanitates,
1621 3317 1649 3371 id
1666 3322 1710 3370 est
1722 3333 1770 3370 vs-

129 3405 275 3476 cenfregit.
292 3405 370 3469 Quod
385 3410 480 3457 autem
491 3406 618 3474 sequitur
632 3423 664 3456 :r
682 3411 710 3458 et
723 3405 880 3461 sublevabis
895 3407 930 3461 de
971 3409 1087 3463 nissima
1102 3408 1305 3462 Pharisaeorum
1317 3415 1466 3478 praecepta,
1481 3408 1580 3474 Deum,
1595 3405 1644 3476 qui
1657 3421 1772 3477 semper

129 3494 308 3566 corruptione
322 3494 405 3547 vitem
421 3510 521 3547 nream.
540 3513 553 3545 u
566 3494 607 3547 ltd
627 3494 726 3547 Jonam
744 3496 783 3547 ita
797 3495 927 3561 retertur,
971 3498 1011 3552 eis
1025 3497 1157 3551 misertus
1172 3504 1224 3561 est,
1240 3497 1462 3567 dereliquerunt.

130 3584 178 3655 qui
199 3601 262 3638 cum
288 3583 416 3639 debuerit
439 3583 469 3637 in
493 3588 589 3636 ventre
608 3582 662 3636 ceti
687 3583 827 3654 corrumpi
843 3592 870 3639 ct
885 3584 929 3638 di·
1008 3607 1021 3637 e
1041 3587 1097 3658 l'go
1113 3594 1207 3640 autern
1224 3588 1251 3639 in
1267 3603 1332 3640 voce
1346 3587 1437 3640 laudis
1452 3583 1603 3639 immolabo
1614 3584 1665 3639 tibi
1677 3602 1683 3637 :
1697 3600 1771 3655 quar·

128 3673 199 3744 geri.
216 3679 245 3726 et
259 3690 309 3743 per
323 3689 407 3727 renas
423 3672 507 3743 piscis
526 3678 660 3739 artusque
681 3671 808 3735 dillundi,
833 3690 928 3743 sospes
969 3691 1080 3744 cunque
1092 3675 1162 3743 vovi,
1176 3675 1290 3729 reddam
1306 3693 1356 3746 pro
1366 3675 1457 3729 salute
1468 3691 1529 3728 mea
1541 3674 1670 3728 Domino.
1690 3693 1701 3722 ι
1715 3673 1771 3743 Spe

129 3767 159 3816 et
173 3763 283 3832 integer
297 3762 405 3816 exierit.
416 3762 495 3816 Unde
509 3767 539 3815 et
550 3760 719 3814 blandientis
733 3762 833 3815 aflectu
845 3762 925 3816 dicit:
968 3762 1042 3817 bona
1056 3764 1198 3818 animatus
1215 3764 1360 3834 propbeta,
1379 3770 1407 3818 et
1417 3765 1476 3834 jam
1493 3765 1527 3818 de
1542 3780 1593 3817 sue
1604 3762 1771 3817 liberatione

131 3867 145 3902 r
165 3849 284 3904 Domine
296 3850 369 3904 Deus
380 3866 470 3913 meuS,
483 3870 495 3901 r
508 3865 685 3903 communem
693 3849 926 3913 omniumDeum,
969 3870 1094 3914 securus,
1115 3853 1255 3924 promittit
1268 3870 1298 3907 se
1307 3856 1461 3924 gratiarum
1473 3853 1596 3907 actiones
1610 3851 1771 3906 immolatu-

130 3945 252 3995 suumet
264 3939 408 4011 proprium
428 3956 538 4002 vocans,
552 3956 633 4010 quem
645 3939 717 3993 tanti
729 3940 855 3995 beneficii
872 3956 929 3995 ma·
969 3959 1042 4009 rum,
1059 3949 1088 3996 et
1103 3950 1166 3997 vota
1192 3941 1285 3996 omnia
1301 3943 1489 4012 redditurum.
1510 3943 1565 3997 Sed
1589 3948 1616 3996 et
1639 3941 1770 3996 Christus

127 4029 277 4100 gnitudine
290 4029 451 4100 specialiter
470 4030 559 4084 Deum
577 4036 605 4083 et
623 4029 774 4085 Dominum
790 4036 925 4085 senserat.
970 4032 1105 4087 Dominus
1117 4049 1166 4103 pro
1176 4031 1233 4086 vita
1247 4038 1343 4086 nostra
1364 4039 1502 4087 mortuus.
1514 4038 1607 4087 certus
1618 4031 1770 4102 quodcum

128 4119 182 4174 Sed
198 4124 227 4173 et
239 4118 355 4190 mystice
371 4136 376 4171 :
393 4119 488 4172 anima
503 4117 605 4172 Christi
621 4118 656 4172 de
669 4120 849 4190 corruptione
864 4120 929 4175 sub·
970 4122 1044 4176 Deus
1059 4121 1180 4176 velocius
1203 4122 1360 4186 suscitaret,
1383 4121 1523 4192 promittit
1543 4121 1717 4175 exsultanter
1739 4120 1768 4175 in

129 4206 548 4276 levatur,quiacaroejusnon
573 4206 643 4259 vidit
663 4208 882 4280 corruptionem,
900 4208 928 4262 id
969 4226 1035 4262 voce
1059 4209 1250 4267 confessionis.
1280 4212 1401 4280 seipsum
1430 4210 1506 4263 Patri
1532 4209 1767 4263 sacrificaturum.

129 4300 173 4350 est
191 4311 246 4349 non
262 4301 305 4348 est
317 4295 440 4349 resoluta
459 4295 525 4349 tabo
544 4295 573 4348 iu
594 4297 730 4365 sepulcro,
753 4299 833 4367 juxta
854 4297 1077 4392 quodDPescha
1091 4304 1229 4362 nostrum,
1254 4298 1346 4369 inquit
1359 4299 1519 4369 Apostolus,
1539 4298 1704 4352 immolatus
1726 4304 1770 4351 est

128 4399 180 4455 per
194 4382 373 4437 Psalmistam
390 4381 566 4453 praedixerat,
584 4402 597 4433 v
615 4385 675 4437 Non
697 4384 776 4439 dabis
798 4393 926 4441 sanctum
969 4386 1106 4440 Christus.
1128 4387 1190 4457 lpse
1214 4386 1349 4457 pontifex,
1375 4387 1435 4458 ipse
1458 4388 1515 4442 ovis
1539 4387 1704 4441 immolatur·
1718 4403 1767 4457 pro

128 4478 209 4527 tuum
225 4470 319 4526 videre
329 4470 546 4543 corruptionem.
562 4469 664 4537 rQuod
676 4471 773 4528 beatus
783 4475 882 4530 Petrus
892 4475 927 4530 de
968 4473 1109 4540 omnibus,
1122 4480 1245 4530 utomne
1256 4477 1330 4547 quod
1340 4476 1418 4531 dedit
1428 4477 1454 4530 ei
1466 4478 1548 4530 l‘ater
1558 4492 1614 4530 uon
1630 4482 1729 4547 pereat
1738 4476 1768 4530 in

129 4561 241 4617 Christo
255 4561 458 4632 interpretatur
472 4561 500 4614 in
513 4560 631 4615 Actibus
641 4564 860 4631 apostolorum,r
873 4564 926 4629 Qui
967 4569 1113 4618 aternum.

128 4668 186 4708 non
204 4653 275 4708 vidit
296 4652 514 4724 corruptionem,
541 4671 551 4701 ι
568 4650 703 4706 citissima
724 4656 927 4711 resurrectione
1005 4671 1017 4706 c
1040 4651 1077 4706 Et
1090 4653 1164 4707 dixit
1178 4654 1313 4709 Dominus
1336 4654 1405 4726 pisci
1421 4673 1427 4708 :
1444 4660 1474 4709 et
1487 4653 1610 4709 evomuit
1623 4654 1726 4708 Jonam
1738 4651 1767 4707 in

128 4742 372 4815 glorificatus.Sed
385 4742 472 4814 quaeri
487 4741 663 4812 potestquod
678 4741 744 4795 alibi
759 4743 844 4798 dicit:
859 4743 927 4812 Quae
969 4741 1088 4795 aridem.
1105 4764 1115 4793 ι
1135 4743 1329 4813 Praecipitare
1344 4745 1401 4798 Deo
1422 4745 1505 4798 Patre
1526 4758 1628 4812 magno
1650 4748 1713 4796 ceto
1728 4741 1769 4795 in·

128 4831 236 4886 utilitas
251 4830 280 4885 in
296 4847 380 4885 carne
397 4847 469 4894 mea,
487 4830 554 4884 dum
575 4829 713 4884 descendo
727 4829 755 4884 in
770 4833 927 4903 corruptio·
968 4831 1058 4898 seruo,
1070 4837 1102 4886 ut
1112 4833 1243 4887 restituat
1256 4833 1429 4887 Salvatorem
1440 4840 1530 4901 terrae,
1539 4833 1565 4885 id
1578 4838 1621 4886 est
1636 4831 1769 4886 solidaret

128 4920 217 4975 neml
232 4918 288 4974 Sed
300 4919 348 4973 bic
363 4920 505 4991 corruptio
531 4936 581 4990 pro
604 4912 766 4974 vulneribus
790 4925 818 4974 et
839 4922 928 4993 plagis
968 4919 1121 4975 immortali
1136 4921 1211 4987 vitae,
1229 4922 1292 4993 quia
1309 4939 1314 4969 τ
1334 4942 1345 4973 ι
1365 4938 1515 4992 resurgens
1536 4939 1553 4975 a
1576 4918 1697 4975 mortuis
1707 4920 1768 4991 jam

128 5009 254 5081 ponitur,
275 5007 378 5078 quibus
393 5025 457 5063 caro
471 5007 577 5064 Christi
597 5010 696 5064 effecta
716 5014 759 5064 est
778 5026 784 5061 t
801 5026 834 5064 ac
849 5011 872 5065 si
887 5012 928 5066 di·
969 5027 1025 5065 non
1046 5011 1175 5077 moritur,
1197 5027 1272 5065 mors
1294 5012 1334 5065 illi
1356 5013 1430 5066 ultra
1451 5028 1507 5066 non
1529 5009 1732 5065 dominabitur.
1753 5025 1767 5061 a

130 5103 206 5152 cerel
225 5112 230 5146 :
248 5096 320 5161 Quid
336 5097 450 5167 prodest
463 5098 530 5152 dum
550 5099 635 5153 clavis
653 5099 774 5170 affligor,
787 5098 853 5153 dum
870 5101 928 5156 rul—
969 5099 1048 5164 Quod
1063 5107 1157 5153 antem
1184 5099 1286 5154 dicitur
1301 5122 1311 5151 ι
1329 5100 1461 5164 evomuit,
1477 5119 1490 5152 a
1507 5098 1630 5153 ostendit
1646 5098 1720 5169 quod
1735 5113 1768 5152 ex

129 5202 223 5251 neror,
239 5184 262 5240 si
276 5185 365 5240 Judaei
380 5202 437 5240 non
451 5186 617 5241 salvantur?
636 5187 691 5243 Hie
705 5205 770 5242 vero
785 5190 927 5261 corruptio
968 5186 1114 5260 profundis
1138 5189 1236 5243 mortis
1262 5189 1425 5253 recessibus,
1448 5194 1583 5260 tanquam
1607 5204 1641 5243 ex
1659 5186 1768 5242 intimis

130 5289 181 5344 pro
194 5271 396 5343 putrefactione
410 5281 440 5327 et
451 5273 623 5328 resolutione
637 5275 761 5345 ponitur.
968 5278 1022 5332 ceti
1037 5277 1178 5344 vitalibus,
1196 5279 1324 5333 Christus
1340 5277 1433 5334 vivens
1446 5278 1623 5351 processerit.

166 5381 180 5412 ι
201 5361 272 5415 Cum
295 5361 505 5432 angustiaretur
519 5362 547 5417 in
563 5378 608 5416 me
622 5365 716 5418 anima
728 5381 800 5430 mea,
815 5366 927 5423 Domini

130 5448 294 5505 reeordatus
315 5466 389 5504 sum.
407 5469 420 5503 a
437 5451 517 5514 Cum,
541 5450 643 5522 inquit,
664 5453 752 5507 ullum
772 5454 848 5509 aliud
863 5473 927 5527 spe·
1271 5423 1388 5479 CAPUT
1406 5421 1461 5478 HI·

129 5555 224 5598 raram
237 5538 383 5610 auxilium,
395 5539 552 5595 recordatio
562 5540 675 5596 Domini
684 5540 755 5597 mihi
762 5543 846 5600 saluti
860 5545 923 5601 fuit.
1003 5567 1015 5596 ι
1029 5543 1178 5604 arfactum
1187 5550 1351 5606 estverbum
1359 5547 1472 5607 Domini
1482 5545 1623 5605 adJonam
1632 5549 1766 5620 secundo,
