3840 6098
1771 47 1807 135 ii

1770 136 1810 209 li

87 254 187 315 arn
353 257 543 319 neruosis
557 250 800 326 anastasin.
816 270 933 329 serso.
953 271 1033 328 ore.
1048 268 1141 324 rias
1153 267 1176 322 1.
1192 293 1227 306 -
1241 260 1426 319 couneus.
1444 259 1537 318 sisa.
1711 251 1769 313 aso

133 380 235 454 pellari
248 390 401 456 ceperunt.
412 387 492 451 Quod
503 389 693 445 verodicitur:
706 408 720 443 s
733 394 765 448 ln
776 397 928 450 manubia·
937 400 961 456 Α
971 395 1006 449 de
1021 409 1078 448 una
1097 392 1185 462 stirpe
1213 387 1350 459 generati,
1370 386 1504 441 vitiorum
1525 389 1612 456 atquc
1632 383 1770 438 virtubxm

133 471 258 539 lacbirep
277 489 392 528 manum
402 476 504 545 posuit,
517 477 582 546 quia
591 477 671 532 bonis
682 480 813 550 operibus
827 483 931 538 donum
971 484 1091 553 figuram
1104 477 1290 551 praetendunt.
1305 475 1373 539 Quae
1385 530 1388 535 ,
1398 474 1454 529 duo
1469 473 1534 528 licet
1546 472 1603 527 sint
1616 470 1768 537 contraria,
1781 498 1785 513 ι
1812 491 1815 495 ·

136 560 290 631 prophetiae
307 562 529 633 promerebatur.
551 564 605 628 Qui
628 566 702 620 enirn
718 569 792 624 lavat
804 571 878 624 inter
892 572 933 627 in·
973 584 1005 622 ex
1015 584 1071 622 uno
1082 566 1173 620 cordis
1183 565 1260 618 sonte
1272 562 1436 633 procedunt.
1451 561 1525 614 Nam
1550 562 1617 630 quia
1627 558 1710 613 liberi
1724 574 1771 611 su-

136 653 278 711 nocentes,
295 656 325 704 et
337 651 444 705 excutit
455 667 555 706 manus
569 652 604 706 ab
618 655 695 708 omni
709 672 836 724 munere,
845 676 933 713 mere·
974 672 1036 710 mus
1051 654 1170 719 arbitrii,
1186 669 1237 724 pro
1250 657 1349 706 nostra
1362 651 1515 716 voluntate,
1531 647 1628 703 autad
1642 647 1711 701 vitia
1724 646 1773 701 de·

137 739 186 791 tur
203 736 334 808 spiritum
344 738 470 810 accipere
483 740 646 811 prophetie.
663 743 704 798 At
721 745 761 798 illi
777 746 879 816 quibus
892 746 933 802 di·
973 740 1233 807 declinassemus
1247 739 1375 794 virtutes.
1394 737 1489 792 Primo
1503 736 1616 807 genitus
1627 739 1671 789 est
1684 732 1771 800 lisam

99 848 103 854 ·
138 823 234 880 citur:
253 845 265 876 ι
282 827 381 882 Manus
406 833 503 882 vestrae
517 829 654 899 sanguine
668 831 756 902 plenae
770 837 847 900 sunt,
869 857 881 883 ι
903 833 934 888 in
975 831 1041 902 quia
1054 830 1149 902 priora
1159 833 1226 882 sunt
1237 826 1306 881 sitia
1319 842 1370 898 per
1380 824 1537 891 infantiam,
1553 820 1775 877 adolescentiam

138 910 193 977 his,
209 913 253 967 vel
267 913 303 967 ad
316 914 368 968 bos
380 930 438 968 non
452 915 484 969 fit
498 932 591 970 sermo
606 917 728 973 Domini.
974 924 1003 973 at
1012 917 1269 989 iuventutemi'cst
1277 914 1404 970 nascitur
1415 914 1429 968 J
1432 912 1563 984 acob,qui
1576 911 1775 983 supplantator

177 1000 297 1055 «Dilexi
315 1017 372 1064 vos,
389 1001 458 1056 dicit
469 1002 616 1070 Dominus,
638 1011 666 1059 et
681 1006 811 1062 dixistis:
831 1009 864 1063 In
877 1024 932 1079 quo
975 1007 1189 1079 interpretatur,
1212 1004 1262 1075 qui
1284 1020 1401 1058 errores·
1419 1001 1570 1072 fragilioris
1595 999 1686 1056 aetatis
1703 1002 1774 1054 etas

140 1086 261 1142 dilexisti
273 1088 347 1142 nos?
361 1089 460 1144 Nonne
472 1090 559 1145 irater
572 1097 635 1147 erat
657 1093 731 1149 Esau
756 1096 852 1159 Jacob,
868 1096 937 1151 dicit
977 1095 1085 1150 ssrmior
1093 1094 1244 1150 succedens
1256 1091 1372 1161 corrigit
1382 1096 1412 1145 et
1420 1090 1591 1161 supplantat.
1607 1088 1688 1144 Unde
1701 1084 1774 1141 bena

140 1177 286 1243 Dominus,
297 1184 326 1232 et
343 1179 427 1233 dilexi
448 1179 542 1245 Jacob,
554 1181 628 1236 Esau
641 1188 735 1238 autem
751 1185 816 1240 odio
831 1184 936 1239 babuit
976 1184 1066 1254 major
1077 1183 1175 1247 frater,
1184 1180 1310 1252 hispidus
1321 1185 1350 1234 et
1358 1178 1488 1250 agrestis,
1498 1176 1654 1233 venationis
1661 1179 1690 1231 et
1696 1175 1775 1229 silris

140 1265 176 1320 Et
189 1265 271 1337 posui
282 1265 345 1320 Scir
358 1270 468 1321 montes
483 1269 544 1338 ejus
570 1269 600 1323 in
629 1271 820 1338 solitudinem,
836 1280 865 1328 et
878 1274 936 1329 hce-
977 1278 1107 1327 assuetus
1124 1271 1210 1326 luisse
1221 1269 1338 1335 dicitur3
1357 1267 1458 1332 minor,
1469 1266 1573 1320 leniset
1582 1265 1710 1336 simplex,
1725 1264 1775 1318 ha·

140 1353 290 1409 reditatem
304 1355 365 1425 ejus
380 1355 409 1408 in
424 1355 560 1410 dracones
575 1357 687 1413 deserti.
697 1360 777 1424 Quod
798 1363 822 1415 si
836 1362 938 1417 dixerit
976 1360 1080 1414 bitasse
1091 1359 1167 1414 dorni
1182 1357 1358 1429 perhibetur,
1376 1356 1475 1426 ltaque
1496 1354 1547 1409 sub
1567 1355 1681 1409 nornine
1699 1353 1776 1407 Εεαιι

140 1441 280 1497 idumea:
291 1443 433 1498 Destructi
444 1447 603 1507 sumus,sed
612 1450 938 1505 revertentesaedisrcabi·
978 1449 1053 1503 Deus
1067 1448 1134 1502 vitia
1144 1447 1236 1502 odisse
1247 1463 1277 1501 se
1287 1444 1397 1511 asserit,
1405 1460 1461 1499 non
1469 1449 1609 1507 naturam,
1626 1458 1712 1514 quam
1724 1441 1776 1496 bo·

141 1545 276 1600 musquae
285 1530 501 1587 destructasunt
515 1555 522 1589 ε
538 1534 603 1589 Hac
609 1535 677 1591 dicit
684 1537 820 1592 Dominus
832 1538 936 1593 exerci-
977 1553 1044 1591 nam
1059 1535 1133 1601 iecit,
1150 1541 1180 1590 st
1187 1540 1337 1606 propterea
1346 1534 1416 1587 lines
1430 1533 1493 1602 ejus
1507 1531 1586 1603 ponit
1599 1531 1629 1585 in
1648 1528 1775 1584 solitudi-

141 1622 240 1672 tuum:
253 1618 302 1672 lati
312 1618 500 1686 aedillcabunt,
512 1627 542 1676 et
550 1639 601 1693 ego
612 1624 756 1680 destruam
768 1626 938 1681 etvocabun-
977 1638 1052 1688 nem,
1069 1629 1101 1678 ut
1110 1640 1194 1678 omne
1207 1623 1314 1678 malum
1328 1621 1505 1691 exstirpetur,
1521 1624 1550 1673 et
1563 1619 1630 1674 sitia
1643 1634 1700 1673 non
1711 1634 1776 1673 suc-

142 1711 190 1760 tur
202 1705 315 1760 termini
329 1706 492 1777 impietatis,
508 1715 536 1763 et
549 1711 670 1782 populus
680 1712 824 1769 cuiiratus
835 1701 1113 1770 estDo-Bcrescant.
1130 1710 1209 1777 Quod
1222 1711 1245 1765 si
1270 1710 1420 1782 impudens
1443 1708 1552 1762 malitia
1572 1723 1607 1762 ea
1628 1723 1691 1778 quse
1709 1711 1777 1760 sunt

141 1793 236 1848 minus
246 1810 334 1865 usquc
344 1795 374 1848 in
389 1800 536 1852 aeternum.
551 1799 587 1852 Et
600 1800 673 1853 oculi
698 1801 782 1855 vestri
791 1802 933 1867 ridebunt,
976 1802 1120 1856 destmcta
1128 1817 1226 1856 rursus
1233 1799 1371 1854 edificare
1384 1802 1509 1858 conetur,
1521 1796 1658 1851 Dominus
1671 1796 1776 1874 iterum

141 1886 172 1936 et
184 1898 232 1937 vos
246 1881 343 1937 dicetis
359 1901 365 1936 :
380 1884 577 1954 Magnificetur
589 1887 725 1943 Dominus
742 1906 827 1961 super
842 1892 936 1945 termi·
978 1900 1009 1945 se
1023 1906 1056 1944 ea
1068 1890 1276 1944 destructurum
1287 1887 1447 1958 profitetur.
1467 1885 1546 1949 Quod
1558 1885 1591 1938 dt
1601 1883 1778 1939 duobusmo·

140 1984 210 2023 num
220 1967 318 2024 Israel.
334 1988 348 2023 r
366 1971 438 2034 Quia
453 1974 628 2042 premiserat
640 1993 711 2032 onus
725 1979 935 2050 suppliciorum,
978 1978 1031 2043 dis,
1040 1977 1166 2032 sivecum
1182 1975 1362 2047 corriguntur
1375 1979 1546 2046 peccatores,
1561 1973 1619 2027 sire
1636 1989 1700 2027 cum
1716 1988 1778 2043 per·

141 2057 216 2129 quod
231 2062 344 2128 portare
357 2059 538 2130 cogebantur,
556 2063 701 2135 subjungit
716 2083 803 2136 quare
817 2067 871 2121 ista
880 2084 937 2122 non
977 2065 1108 2118 tinaciter
1122 2067 1269 2134 peccantes
1281 2065 1359 2133 justa
1371 2061 1478 2115 ultione
1492 2061 1673 2115 damnantur.

141 2147 383 2213 merenturzdici,
399 2147 482 2203 dilexi
498 2149 606 2224 (inquit)
622 2169 679 2216 vos,
696 2158 725 2208 at
737 2154 871 2210 subaudis
886 2172 936 2211 ne·
1015 2152 1131 2207 «Filius
1160 2152 1281 2206 honorat
1313 2155 1434 2221 patrem,
1451 2158 1480 2203 ct
1506 2164 1603 2203 servus
1630 2148 1779 2203 dominum

140 2251 282 2308 quaquam
294 2235 382 2290 vicem
395 2236 464 2290 mibi
478 2237 744 2296 dilectionismutuae
757 2243 935 2312 rependistis.
978 2257 1071 2296 suum.
1083 2240 1112 2295 Si
1119 2256 1185 2309 ergo
1194 2239 1277 2293 Pater
1287 2254 1339 2308 ego
1345 2254 1418 2297 sum,
1434 2237 1483 2292 ubi
1500 2242 1544 2291 est
1571 2237 1661 2292 honor
1674 2235 1778 2291 mensi

139 2324 177 2380 Ut
190 2323 265 2378 enim
280 2340 310 2378 se
333 2323 420 2378 habet
431 2325 624 2395 proverbium:
636 2330 786 2383 limantem
799 2347 855 2384 non
870 2331 936 2385 red·
978 2334 1008 2383 et
1019 2328 1043 2382 si
1058 2328 1194 2382 Dominus
1218 2344 1269 2398 ego
1284 2344 1356 2390 sum,
1371 2326 1420 2381 ubi
1445 2333 1488 2380 est
1502 2326 1588 2381 timor
1601 2343 1692 2391 meus,
1710 2323 1780 2380 dicit

140 2411 687 2484 amare,amorisestimpendiaperdere;
699 2417 764 2486 quia
774 2417 937 2488 diligentem
981 2416 1118 2471 Dominus
1128 2416 1336 2471 exercituumis
1356 2417 1395 2469 Ac
1419 2415 1442 2470 si
1457 2415 1581 2469 diceret:
1596 2414 1675 2468 Licet
1688 2414 1781 2485 prius-

140 2517 171 2556 se
180 2500 331 2557 Dominum
346 2516 401 2556 non
416 2500 581 2565 dilexerant,
593 2504 717 2559 minatur
739 2505 795 2560 illis
814 2523 935 2578 poenarn,
980 2523 1064 2576 quam
1075 2505 1291 2560 renasceremini
1302 2505 1382 2576 quasi
1393 2504 1465 2558 tilios
1474 2520 1522 2557 vos
1535 2502 1564 2557 in
1574 2502 1660 2558 Jacob
1671 2503 1780 2557 dilexe-

139 2595 173 2645 ut
185 2589 308 2645 sentiant
317 2606 367 2661 per
381 2595 522 2645 tormenta
538 2608 600 2662 quse
614 2594 880 2652 nolueruntsentiro
889 2615 940 2670 per
979 2595 1046 2662 rim,
1060 2601 1156 2648 tamen
1170 2594 1264 2664 eligite
1275 2585 1450 2664 quonomine
1464 2608 1510 2645 me
1523 2592 1614 2645 velitis
1623 2591 1780 2663 appellare,

140 2677 793 2755 beneficia.Sanecumdicitprreteritotempore
806 2708 815 2733 ι
827 2687 937 2752 dilexis
980 2683 1009 2736 id
1024 2688 1131 2738 estant
1153 2683 1278 2746 Patrem,
1305 2687 1356 2735 aut
1379 2680 1539 2735 Dominum.
1555 2680 1584 2735 si
1607 2696 1674 2750 ergo
1694 2680 1783 2735 Pater

141 2772 227 2838 negat
240 2783 270 2821 se
285 2767 402 2837 diligere
416 2768 600 2839 inpraesenti,
614 2771 681 2825 dum
693 2774 864 2843 praeteritam
876 2791 941 2829 con·
980 2787 1053 2836 sum,
1062 2788 1112 2826 cur
1123 2787 1180 2825 non
1190 2770 1262 2825 detis
1276 2769 1403 2824 debitum
1411 2770 1489 2823 Patri
1503 2768 1660 2823 bonorem?
1678 2768 1707 2823 si
1723 2769 1782 2824 Do·

141 2857 239 2912 litetur
258 2856 445 2911 dilectionem.
462 2859 532 2913 Cum
559 2875 626 2931 ergo
651 2861 788 2916 Dominus
813 2862 938 2930 dixisset,
981 2860 1084 2926 minus,
1096 2875 1183 2930 quare
1196 2876 1241 2913 me
1255 2857 1457 2912 contemnitis?
1470 2874 1520 2912 cur
1533 2873 1588 2912 non
1601 2857 1675 2911 sicut
1685 2857 1782 2912 Domi·

142 2945 323 3009 «Dilexisos,
333 2962 346 2998 n
357 2944 409 3007 illi,
421 2962 454 3000 ea
464 2949 624 3003 temeritate
639 2966 695 3020 qua
716 2951 877 3021 peccabant,
898 2969 941 3007 re·
981 2964 1050 3003 num
1060 2946 1189 3001 timetis?
1204 2947 1263 3000 lloc
1280 2946 1314 2999 ad
1329 2946 1391 3000 illos
1405 2945 1474 3000 dicit
1487 2945 1546 3016 qui,
1566 2945 1601 2998 de
1616 2944 1782 3015 captivitate

142 3033 334 3105 sponderunt:
352 3035 385 3089 ln
399 3051 454 3105 quo
482 3035 604 3091 dilexisti
627 3037 694 3092 nosl
708 3044 844 3110 tanquam
860 3014 1072 3110 obliticnupcr
1093 3035 1207 3100 reversi,
1231 3035 1350 3089 necdum
1374 3034 1511 3090 aedilicato
1533 3036 1639 3107 templo
1657 3035 1701 3090 sel
1717 3035 1783 3090 cisi-

141 3121 340 3178 beneficiorum
350 3123 634 3195 quaeinnumeraillis
642 3127 822 3197 praestiterat.
834 3127 940 3192 Quibus
980 3131 1049 3191 tate,
1080 3125 1109 3178 in
1136 3124 1257 3195 pcccatis
1283 3131 1380 3179 tamen
1408 3123 1535 3195 pristinis
1565 3122 1779 3195 permanebant,

141 3210 279 3266 Dominus
288 3210 566 3282 responditeronne
576 3211 731 3267 fratererat
741 3214 946 3270 Esaulacoblx'
981 3214 1070 3269 Deum
1102 3230 1154 3268 nec
1182 3214 1295 3278 timore,
1324 3228 1376 3266 nec
1404 3229 1499 3267 amore
1519 3218 1695 3267 venerantes.
1719 3212 1784 3285 Spi-

141 3298 403 3371 Utliuquititaceam
413 3303 522 3371 cetera,
528 3301 668 3370 quomodo
679 3318 727 3356 vos
735 3304 897 3373 nuperrime
905 3305 940 3359 de
981 3302 1130 3366 ritualiter,
1146 3302 1207 3356 vult
1219 3302 1294 3355 Deus
1308 3301 1400 3372 primo
1414 3307 1447 3356 ut
1461 3301 1549 3356 simus
1564 3301 1615 3355 lilii
1642 3302 1713 3373 ejus,
1735 3317 1784 3356 vo·

142 3386 594 3460 Babyloniscaptivitatelibcrasi,
608 3389 711 3445 uthaec
725 3391 941 3462 etaliaprreter-
982 3391 1105 3446 luntarie
1132 3390 1172 3444 illi
1195 3390 1428 3456 obsecundantes,
1447 3396 1476 3444 ει
1498 3406 1555 3444 non
1586 3391 1700 3456 timore,
1730 3391 1782 3445 sed

142 3476 941 3549 mittam,altiusrepetam,ctabipsacouceptionevestra
982 3495 1077 3534 amore
1091 3479 1131 3533 illi
1150 3481 1312 3534 servientes.
1333 3479 1414 3542 Quod
1433 3479 1456 3532 si
1475 3479 1528 3534 hoc
1546 3496 1606 3534 esse
1635 3480 1780 3546 nolumus,

143 3564 300 3629 ostendam,
317 3564 457 3636 quomodo
471 3580 519 3618 vos
534 3565 701 3620 dilexerim?
716 3568 874 3639 Antequam
890 3569 942 3624 Re-
982 3569 1082 3622 vultut
1094 3568 1194 3622 saltem
1208 3568 1296 3622 simus
1314 3567 1397 3634 servi,
1407 3567 1509 3622 timore
1521 3567 1724 3639 suppliciorum
1739 3585 1784 3623 re·

142 3654 228 3710 becca
239 3652 323 3707 Jacob
338 3653 448 3707 etlisau
457 3660 579 3723 pareret,
598 3654 624 3707 in
640 3654 726 3710 Jacob
740 3673 789 3711 vos
805 3656 897 3720 dilexi.
911 3656 942 3712 in
983 3656 1143 3710 cedentesa
1165 3655 1249 3720 malo,
1274 3660 1303 3709 et
1326 3654 1404 3711 bona¹
1424 3654 1566 3709 facientes.
1587 3655 1659 3726 Ergo
1679 3670 1696 3709 a
1714 3655 1784 3710 tiliis

144 3745 219 3798 Esau
232 3748 327 3796 autem
340 3740 478 3795 Idumaeos
491 3741 556 3796 odio
569 3743 665 3803 barini,
681 3748 710 3799 et
732 3745 812 3816 posui
831 3745 939 3816 linquitl
984 3744 1086 3814 quaerit
1099 3742 1234 3797 Dominus
1249 3743 1396 3806 bonorem,
1416 3759 1434 3795 a
1458 3742 1544 3796 servis
1566 3730 1661 3797 autem
1676 3743 1785 3814 expetit

143 3834 255 3886 montes
266 3828 373 3898 ejus,id
386 3834 430 3883 est
442 3829 584 3900 regionem
598 3832 670 3887 Seir.
683 3832 943 3900 insolitudinem,et
982 3832 1121 3886 timorem.
1141 3850 1154 3884 (ι
1171 3831 1346 3903 Principium
1364 3832 1438 3885 enim
1461 3830 1610 3902 sapientia
1627 3832 1714 3886 timor
1729 3833 1784 3887 Do-

144 3918 229 3974 urbes
237 3919 298 3989 ejus
310 3917 435 3973 desertas
448 3918 483 3973 ab
497 3919 657 3975 hominibus
670 3921 722 3975 ieci
736 3938 754 3975 a
774 3922 942 3977 draconibus
983 3920 1062 3985 mini,
1076 3925 1109 3974 ut
1124 3920 1225 3974 timore
1239 3920 1416 3991 incipientes,
1427 3919 1593 3974 adiiliorum
1604 3924 1784 3975 transeamus

144 4014 173 4063 et
187 4007 284 4062 bestiis
298 4006 444 4079 possideri.
454 4008 484 4064 Si
494 4014 589 4063 autem
600 4009 701 4064 dixerit
721 4010 819 4075 Edom,
832 4011 880 4082 qui
900 4016 943 4066 est
982 4025 1118 4063 amorem.
1136 4027 1149 4062 s
1165 4009 1208 4063 nd
1223 4026 1280 4074 vos,
1294 4009 1490 4072 osacerdotes,
1507 4009 1556 4079 qui
1570 4008 1714 4079 despicitis
1728 4025 1783 4064 no-

144 4098 218 4152 Esau
229 4116 235 4150 :
245 4096 387 4151 Destructi
397 4113 504 4163 sumus,
516 4098 564 4151 sed
574 4098 677 4152 iterum
693 4104 865 4153 revertentes
875 4099 942 4153 aedi-
984 4114 1049 4152 men
1064 4114 1170 4159 meum,
1186 4103 1215 4152 et
1228 4098 1337 4152 dixistis
1354 4117 1359 4150 :
1372 4098 1404 4152 In
1415 4113 1469 4168 quo
1488 4096 1665 4167 despeximus
1678 4114 1783 4153 nornen

145 4186 290 4240 licabimus
306 4185 390 4240 urbes
414 4190 536 4250 nostras,
552 4186 593 4239 illi
611 4186 725 4256 quidem
754 4186 942 4253 edificabunt,
984 4187 1083 4241 tuum?
1106 4186 1219 4242 Ollertis
1240 4202 1325 4258 super
1345 4186 1434 4239 altare
1458 4200 1554 4239 meum
1568 4202 1669 4256 panem
1693 4187 1785 4257 pollu-

144 4274 193 4328 sed
207 4290 259 4343 ego
272 4273 427 4327 destruam.
444 4272 546 4327 Odium
561 4278 589 4327 et
602 4273 714 4328 dilectio
743 4274 794 4329 Dei
809 4291 865 4330 non
878 4282 945 4331 sunt
984 4280 1055 4341 tum,
1072 4280 1101 4330 et
1111 4274 1213 4339 dicitis,
1232 4276 1264 4329 ln
1291 4283 1345 4345 quo
1374 4273 1524 4345 polluimus
1538 4274 1585 4327 tel
1604 4275 1636 4329 ln
1654 4290 1688 4328 eo
1707 4276 1785 4346 quod

145 4363 269 4417 humano
298 4377 376 4414 more
397 4361 547 4431 cogitanda
567 4361 728 4416 carnaliter.
764 4364 842 4418 Sicut
869 4355 1086 4427 enideicitis,
1102 4379 1201 4417 mensa
1215 4363 1327 4417 Domini
1344 4363 1545 4433 despectacst.
1566 4381 1578 4413 a
1601 4362 1644 4416 Ad
1658 4379 1706 4416 vos
1724 4364 1785 4433 (in-

145 4451 221 4506 Deus
235 4464 332 4503 omnes
346 4448 461 4513 creavit,
478 4449 562 4503 itaet
582 4449 691 4521 diligit:
708 4452 859 4506 miseretur
868 4452 944 4506 enim
986 4451 1257 4523 quitlosaccrdotes,
1268 4450 1429 4521 specialiter
1438 4465 1517 4504 meus
1536 4466 1628 4504 sermo
1638 4450 1783 4522 dirigitur.

146 4537 337 4604 hominum,et
348 4537 589 4592 nibiloditeorum
599 4538 739 4610 quaesecit.
762 4540 835 4610 Ergo
848 4539 944 4596 odium
986 4541 1144 4611 quinomen
1153 4556 1247 4594 meum
1256 4538 1481 4610 despicitis,dum
1496 4538 1567 4592 meis
1576 4539 1723 4594 sacrificiis
1737 4540 1786 4595 de·

145 4627 197 4683 Dei
207 4632 257 4682 aut
270 4643 304 4681 ex
318 4626 491 4699 prescientia
505 4627 630 4682 nascitur
651 4628 820 4688 futurorum,
841 4637 891 4684 aut
911 4647 945 4685 ex
985 4628 1135 4699 rogasset
1150 4645 1214 4682 curn
1227 4626 1331 4681 reversi
1342 4627 1377 4680 de
1388 4624 1710 4697 Babylone,debuissetis
1723 4633 1787 4683 tota

146 4715 287 4788 operibus.
305 4715 445 4771 Eosenim
464 4717 557 4788 diligit
578 4717 653 4772 Dens
676 4735 746 4789 quos
773 4719 944 4791 ridctrepu·
985 4724 1080 4771 mente
1107 4717 1231 4771 converti
1256 4732 1273 4770 a
1297 4715 1447 4787 praeteritis
1471 4713 1644 4782 criminibus,
1661 4717 1786 4787 jungitis

144 4811 281 4878 gnaturos
303 4805 387 4873 vitiis,
420 4810 449 4860 et
476 4806 638 4861 obedituros
665 4807 767 4861 divinis
786 4809 941 4880 preceptis.
985 4811 1177 4876 contemptum
1193 4804 1393 4859 sacrificiorum
1420 4818 1561 4859 meorum.
1580 4803 1634 4857 Sed
1646 4803 1689 4857 illi
1703 4806 1787 4876 qussi

146 4894 287 4949 lllosvero
302 4894 507 4949 diciturodisse
528 4912 598 4965 quos
610 4895 687 4949 ridet
703 4896 808 4951 servire
823 4897 944 4968 peccatis
985 4893 1142 4948 nescientes
1149 4893 1216 4959 haec,
1237 4892 1417 4946 sciscitantur
1427 4890 1519 4945 adhuc
1529 4890 1604 4946 abeo
1619 4891 1667 4961 qui
1682 4899 1788 4949 cuncta

146 4991 176 5039 et
189 4983 333 5037 destmcta
343 4984 402 5053 jam
416 4984 484 5038 vitia
497 4984 601 5039 iterum
624 4985 694 5039 velle
710 4991 861 5040 restruere.
879 4986 944 5042 llaec
985 4982 1072 5049 novit,
1079 4981 1112 5035 In
1123 4981 1355 5054 quodespicimus
1365 4987 1393 5035 te
1403 4978 1714 5050 iResponditDominus
1724 4999 1730 5033 ι
1739 4981 1787 5037 Οι-

145 5072 300 5127 secundum
314 5071 461 5129 historiam
477 5071 512 5125 ab
524 5072 648 5127 Hebraeis
658 5073 943 5145 dicuntur,quietiarn
984 5072 1063 5125 fertis
1074 5088 1159 5142 snper
1166 5072 1255 5125 altare
1264 5087 1357 5125 meum
1369 5084 1470 5141 panem
1477 5067 1719 5139 pollutunr,panes
1729 5068 1786 5123 sci·

145 5177 197 5232 per
208 5159 347 5214 Idumaeos
359 5160 501 5214 Romanos
516 5161 614 5214 rolunt
625 5160 753 5232 intelligi,
774 5162 901 5217 crudeles
915 5168 944 5216 et
984 5160 1250 5231 licetpropositionis
1256 5160 1417 5231 quos,juxta
1425 5156 1591 5210 traditiones
1601 5155 1787 5213 Hebraeorum

145 5248 349 5320 sanguinarios,
365 5249 432 5318 quia
443 5248 530 5302 Edom
544 5247 647 5304 rubeus
661 5250 704 5303 vel
718 5251 889 5321 sanguineus
902 5251 944 5304 in·
985 5247 1038 5318 ipsi
1048 5248 1207 5303 sacerdotes
1216 5265 1319 5311 serere,
1339 5246 1394 5318 ipsi
1419 5251 1535 5308 metere,
1560 5243 1614 5314 ipsi
1638 5246 1747 5299 molere
1757 5253 1786 5302 et

145 5342 326 5409 terpretatur,
339 5353 458 5408 quorum
473 5337 625 5409 imperium
639 5338 669 5392 in
695 5339 793 5394 mundi
820 5339 942 5393 termino
984 5352 1104 5408 coquere
1115 5336 1227 5392 debent.
1244 5338 1324 5403 Quod
1340 5339 1505 5407 spernentes
1517 5349 1613 5404 agere.
1633 5333 1786 5391 sumebant

142 5427 180 5481 sit
192 5425 404 5490 destruendum,
421 5432 450 5482 et
462 5425 496 5480 ab
512 5427 580 5498 ipsis
604 5427 691 5482 totius
713 5426 790 5482 orbis
818 5433 942 5500 potestas
984 5425 1194 5497 qualescunque
1206 5442 1303 5498 panes,
1312 5429 1341 5480 et
1351 5438 1437 5494 super
1448 5437 1577 5475 mensam
1591 5421 1706 5476 Domini
1720 5422 1787 5478 sab·

143 5515 307 5573 transitura.
324 5515 481 5590 Allegorico
495 5533 591 5583 sensu,
604 5517 677 5571 Esau
692 5522 721 5571 et
737 5517 822 5573 Jacob
841 5517 943 5574 fratres
983 5514 1050 5568 bato
1067 5514 1211 5584 ponebant
1226 5513 1340 5583 :ibique
1356 5526 1445 5583 usque
1474 5509 1510 5563 ad
1537 5509 1615 5563 aliud
1634 5507 1786 5567 sabbatum
