3818 6104
128 281 164 343 95
335 283 525 342 Hannonis
544 285 787 346 nemausum.
808 283 922 341 EPISC.
943 282 1024 340 OPP.
1045 282 1148 339 PARS.
1167 281 1191 338 1.
1211 309 1242 323 ·-
1258 280 1446 339 connum.
1465 281 1559 340 alut.
1730 282 1765 338 96

130 412 160 462 et
174 406 317 463 adorando
341 406 490 467 daemonia.
511 411 647 465 Corruisti
663 426 712 481 per
724 411 922 475 idololatriam,
933 411 998 470 Aut
1013 426 1064 463 nos
1077 413 1236 480 protegant,
1253 408 1302 463 sed
1315 425 1371 463 non
1381 425 1480 464 sumus
1493 408 1548 463 tuti
1558 414 1587 464 et
1598 408 1719 480 protecti
1733 408 1768 463 ab

130 511 268 567 consurge
274 497 435 568 percultum
447 498 645 569 etreligionem
658 499 708 553 Dei
720 499 761 553 tui
773 499 927 570 adiniplen-
968 498 1018 552 eis.
1035 499 1116 553 Nunc
1123 514 1190 568 ergo
1197 498 1257 568 jam
1267 513 1324 552 non
1339 497 1476 552 habemns
1491 498 1624 554 fiduciam
1639 499 1669 552 in
1680 497 1769 553 horni-

134 584 210 639 dam.
226 585 271 640 Sic
283 586 476 656 unusquisque
490 593 617 641 nostrum
633 587 715 641 debet
733 603 826 657 agere.
842 586 928 642 lntlr-
968 587 1069 652 r.c‚sed
1086 587 1113 640 in
1128 593 1166 648 te,
1184 587 1276 657 quies
1294 586 1369 640 Deus
1383 592 1489 652 noster,
1514 587 1580 658 quia
1601 587 1768 642 maledictus

131 673 201 727 mati
212 688 319 738 snmus,
336 679 364 728 et
377 674 533 729 corruimus
548 675 574 728 in
590 681 734 746 peccatum
753 695 758 729 :
774 693 928 747 consurge·
969 675 1052 729 homo
1065 675 1113 745 qui
1128 674 1244 729 confidit
1257 674 1287 728 in
1302 674 1425 739 homine,
1445 681 1474 728 et
1487 691 1505 729 a
1523 675 1644 731 Domino
1664 675 1769 729 recedit

132 778 196 817 mus
209 763 245 816 ad
259 762 463 834 penitentiam,
479 763 611 818 facientes
634 765 742 821 fructus
757 766 857 835 dignos
872 782 928 837 poe-
969 779 1017 818 cor
1031 765 1103 835 ejus;
1117 763 1226 834 etquod
1242 763 1321 817 addit
1332 781 1358 815 :a
1369 764 1460 833 Super
1473 779 1560 834 equos
1570 780 1627 818 non
1637 763 1769 818 ascende·

131 850 266 916 nitentiae,
280 856 312 905 ut
333 853 454 906 loannes
472 852 597 923 Baptista
616 853 752 924 praecinit,
763 860 791 908 et
807 860 928 909 reverta-
968 869 1043 915 mus,
1063 853 1273 907 »demonstrat
1296 852 1362 922 quia
1387 851 1486 908 confisi
1514 867 1600 923 snper
1621 851 1769 924 AEgyptios

132 955 222 994 mura
236 940 340 994 nostris
354 940 485 1010 operibus
500 942 601 1011 pravis.
969 947 1044 1005 sunt,
1060 941 1107 1012 qui
1123 940 1314 995 velocissimos
1329 956 1416 1011 equos
1428 939 1579 994 habebant.
1596 941 1632 995 Et
1646 947 1691 995 est
1704 957 1769 995 sen-

170 1028 296 1082 «Tollite
309 1027 450 1082 vobiscum
465 1028 559 1093 verba,
584 1047 597 1082 v
621 1047 637 1083 o
653 1031 748 1101 populi
770 1032 865 1086 decern
879 1032 928 1087 tri-
970 1046 1018 1083 sus
1034 1048 1039 1083 :
1057 1030 1148 1100 Super
1162 1046 1249 1100 equos
1259 1045 1315 1083 non
1328 1028 1576 1095 ascendemus,hoc
1591 1035 1638 1084 est
1652 1029 1768 1084 nonha-

134 1115 232 1181 buum,
249 1136 261 1169 r
278 1123 307 1172 et
318 1118 512 1173 convertimini
524 1119 559 1172 ad
574 1119 769 1183 Dominum,et
781 1122 925 1177 diciteeio)
970 1117 1068 1172 bernus
1077 1119 1151 1173 ultra
1160 1134 1239 1190 spem
1248 1117 1276 1172 in
1285 1116 1485 1190 egyptiissed
1495 1117 1523 1172 in
1530 1123 1560 1172 te
1569 1117 1769 1188 eritrefuginm
1801 1106 1806 1110 ’

131 1205 194 1260 Duo
207 1207 267 1278 agit
277 1206 415 1278 propheta
432 1227 438 1260 :
453 1207 681 1263 hortatureosnd
693 1211 930 1281 poenitentiamet
971 1216 1108 1264 nostrum.
1132 1207 1291 1278 Allegorice
1317 1207 1340 1261 si
1365 1207 1493 1261 volumus
1507 1207 1583 1261 istud
1597 1207 1766 1277 intelligere,

131 1294 167 1349 de
181 1311 236 1365 quo
250 1296 371 1349 fundant
384 1295 525 1350 orationes
535 1297 570 1351 ad
585 1298 748 1355 Dominum.
767 1299 877 1365 Tollite,
889 1299 930 1353 in·
970 1313 1020 1368 per
1032 1300 1120 1351 Assur
1135 1313 1284 1368 possumus
1294 1297 1420 1366 accipere
1434 1295 1586 1358 diabolum,
1598 1313 1650 1367 per
1664 1313 1767 1367 equum

133 1381 204 1452 quit,
225 1381 368 1438 vobiscum
383 1384 476 1447 verba,
494 1384 546 1438 hoc
562 1391 626 1439 est:
648 1385 776 1440 Proferte
791 1403 887 1458 preces
901 1394 930 1441 et
970 1403 1035 1441 vero
1043 1386 1203 1456 superbiam
1213 1385 1298 1440 illius.
1311 1384 1410 1456 Siquis
1419 1401 1488 1455 ergo
1496 1390 1623 1439 nostrum
1635 1383 1766 1439 fiduciam

135 1468 301 1526 delictorum
313 1472 525 1537 confessionem,
542 1479 571 1528 et
581 1475 774 1529 convertimini
787 1476 822 1530 ad
833 1476 929 1530 Domi·
970 1473 1100 1529 babuerit
1114 1475 1143 1528 in
1158 1476 1256 1539 Assur,
1274 1475 1387 1545 placans
1407 1490 1471 1529 eum
1487 1473 1663 1540 muneribus,
1678 1474 1768 1544 pessi·

136 1572 205 1612 num
220 1562 277 1613 tarn
299 1561 390 1615 verbis
406 1578 490 1632 quam
506 1561 645 1632 operibus.
670 1561 721 1616 Ille
735 1563 887 1618 enimvere
901 1570 930 1620 et
970 1563 1024 1618 mis
1046 1563 1153 1617 scilicet
1180 1561 1322 1634 operibus,
1352 1562 1453 1632 quibus
1475 1562 1535 1634 ipse
1549 1563 1717 1627 delectatur,
1737 1568 1768 1616 ut

136 1646 274 1703 veraciter
287 1650 460 1705 convertitur
473 1666 490 1705 a
504 1667 555 1705 sua
564 1650 712 1722 iniquitate
719 1652 754 1706 ad
765 1651 930 1724 bonaopera
970 1652 1103 1707 ascendat
1118 1668 1231 1723 equum,
1247 1650 1301 1705 hoc
1316 1656 1455 1723 estsuper
1472 1651 1666 1720 arrogantiam
1681 1651 1766 1711 illius,

133 1737 355 1809 peragenda,qui
365 1739 418 1794 hoc
433 1739 606 1809 quodcredit
621 1746 649 1794 et
663 1741 746 1795 corde
765 1746 851 1805 tenet,
860 1755 961 1815 prce-B.
970 1741 1078 1795 eveniet
1093 1741 1119 1795 ei
1134 1740 1187 1795 hoc
1197 1741 1271 1811 quod
1297 1740 1435 1796 Dominus
1456 1740 1485 1795 in
1506 1740 1658 1810 Evangelio
1677 1738 1765 1794 dicit:

133 1822 264 1879 dicatore
280 1832 309 1880 et
321 1827 420 1898 implet
433 1844 526 1899 opere.
544 1847 557 1879 v
574 1829 693 1883 Omnem
704 1831 784 1885 aufer
794 1831 928 1902 iniquita·
972 1848 983 1882 v
1000 1829 1099 1884 Omnis
1114 1830 1203 1900 qui-se
1219 1829 1334 1894 exaltat,
1351 1828 1555 1884 humiliabitur.
1568 1847 1581 1881 a
1596 1848 1607 1879 ι
1620 1829 1679 1883 Νεε
1692 1828 1766 1882 dice·

132 1915 233 1977 temet
247 1914 342 1984 accipe
352 1913 468 1974 bonum.
482 1921 510 1971 et
524 1916 672 1971 reddemus
682 1918 928 1974 vituioslabiornm
969 1936 1033 1974 mus
1047 1920 1131 1983 ultra,
1148 1918 1187 1973 dii
1200 1918 1289 1972 nostri
1303 1934 1388 1989 opera
1409 1934 1544 1972 manuum
1567 1924 1765 1983 nostrarum»

132 2005 304 2055 nostrorum.
318 2024 330 2051 ι
344 2003 423 2057 Talia
438 2003 521 2058 debet
540 2005 731 2077 unusquisque
752 2007 875 2062 fidelium
889 2008 930 2062 di·
970 2008 1054 2062 idest
1069 2007 1171 2060 vitulos
1185 2022 1295 2070 aureos,
1310 2021 1380 2076 quos
1405 2021 1456 2059 nos
1476 2005 1528 2075 ipsi
1549 2005 1676 2069 lecimus,
1693 2005 1767 2059 ultm

134 2103 196 2142 cere
218 2107 224 2142 :
244 2109 255 2142 v
278 2089 396 2144 Omnem
408 2093 487 2146 aufer
500 2091 688 2163 iniquitatem,
705 2116 716 2145 a
732 2096 759 2149 id
774 2097 862 2150 estab
872 2114 930 2151 om·
970 2096 1037 2150 deos
1047 2095 1382 2151 nonaestimabimnsnec
1395 2093 1529 2149 auxilium
1545 2092 1580 2147 ab
1590 2093 1631 2147 eis
1641 2093 1766 2164 postula·

135 2175 219 2230 nibus
234 2195 284 2233 uos
296 2180 418 2234 emunda
432 2181 564 2251 peccatis,
574 2182 655 2253 juxta
669 2184 737 2237 illud
748 2202 770 2236 :r
789 2185 830 2238 Ab
841 2187 930 2240 occul·
970 2184 1071 2238 bimus.
1087 2201 1100 2236 u
1117 2183 1189 2248 Quia
1203 2185 1264 2253 ejus
1279 2183 1327 2254 qui
1350 2182 1380 2236 in
1404 2189 1431 2236 te
1454 2188 1498 2237 est
1517 2180 1695 2236 misereberis
1717 2197 1767 2252 po·

133 2265 171 2320 tis
186 2266 255 2321 meis
270 2270 375 2323 munda
388 2286 443 2324 me.
462 2291 473 2320 v
491 2271 526 2325 Et
543 2272 636 2342 accipe
652 2271 766 2337 bonnm,
782 2274 930 2330 confessio·
971 2273 1041 2344 puli.
1060 2292 1071 2325 r
1089 2274 1148 2327 Hoc
1160 2279 1203 2327 est
1215 2272 1311 2344 populi
1322 2272 1419 2333 lsrael,
1434 2271 1468 2326 de
1480 2286 1535 2341 quo
1543 2269 1670 2324 dixeras:
1681 2269 1766 2323 Filius

135 2370 200 2410 nem
215 2355 330 2423 scilicet,
348 2375 501 2430 precesque
512 2375 568 2414 non
581 2360 659 2414 fictas
674 2367 701 2415 et
715 2363 871 2432 gratiarum
886 2381 931 2418 ac·
970 2363 1176 2434 primogenitus
1190 2377 1270 2416 meus
1285 2360 1382 2415 lsrael.
1405 2361 1479 2426 Eius,
1493 2358 1594 2430 inquit,
1608 2357 1705 2430 populi
1719 2357 1765 2428 qui

137 2443 253 2498 tionem.
267 2445 347 2510 Quod
358 2446 488 2519 adjungit
501 2449 639 2519 propheta
656 2468 661 2503 :
687 2450 846 2506 Reddemus
859 2454 931 2509 vitu·
971 2451 999 2505 in
1014 2450 1042 2505 te
1056 2458 1099 2505 est
1109 2467 1159 2521 per
1173 2451 1257 2506 sidem
1280 2456 1308 2503 et
1330 2448 1533 2519 poenitentiam,
1555 2462 1667 2518 quoque
1681 2462 1767 2518 quon-

135 2531 177 2588 los
187 2533 325 2589 labiorum
346 2542 517 2602 nostrornm,
535 2537 700 2593 mirabiliter
714 2540 848 2612 loquitur.
864 2542 934 2607 Quis
974 2540 1038 2594 darn
1049 2539 1190 2610 peccando
1204 2556 1220 2593 a
1234 2544 1263 2592 te
1281 2542 1444 2602 recesserat,
1458 2542 1605 2607 postquam
1619 2535 1767 2607 perpoeni·

135 2637 260 2693 unquam
272 2625 372 2679 vitulos
383 2624 410 2679 in
422 2624 513 2689 labiis,
530 2627 584 2681 nisi
601 2634 712 2699 sumpta
722 2645 788 2699 pars
798 2630 884 2687 fucrit
897 2635 934 2689 ad
974 2629 1091 2683 tentiam
1104 2628 1191 2682 fuerit
1204 2643 1340 2693 reversus,
1357 2624 1533 2681 misereberis
1542 2626 1615 2695 eius.

136 2711 275 2767 edendum
289 2713 302 2767 i
314 2714 376 2769 Non
387 2715 513 2787 praecipit
522 2716 622 2770 offerre
634 2717 736 2772 vitulos
746 2725 776 2772 ct
785 2722 932 2791 sacrificia,
1013 2736 1023 2767 ¹
1041 2715 1152 2770 Sanssbv
1166 2715 1350 2769 contl'liiffllsss
1364 2730 1472 2777 eorum,
1485 2712 1601 2783 dilidam
1617 2729 1666 2767 0⁰⁸
1685 2728 1770 2783 ⁵1³0st-

135 2800 320 2874 victimasque
330 2819 400 2874 quas
410 2803 539 2859 solebant
553 2804 642 2860 Judaei
655 2806 684 2860 in
699 2807 804 2878 templo
821 2810 931 2878 offerre,
973 2810 1067 2861 tnnee.
1085 2827 1098 2853 v
1113 2804 1184 2870 Quia
1198 2804 1327 2857 dixerant
1348 2820 1399 2873 per
1417 2801 1611 2874 poenitentiam
1625 2801 1661 2855 nd
1680 2801 1768 2856 Deum

137 2890 186 2945 sed
201 2891 360 2962 pervitulos
372 2892 509 2947 labiorum
526 2894 660 2948 debemus
671 2894 827 2966 intelligere
836 2899 933 2954 laudes
974 2893 1100 2948 conversi
1117 2910 1122 2944 ἒ
1144 2892 1264 2947 Omnem
1280 2891 1359 2946 aufer
1373 2890 1560 2962 iniquitatem,
1573 2889 1706 2961 &800in
1720 2889 1770 2944 bo·

136 2979 801 3051 etgratiarumactiones,J'uxtailludPsalmistae:
814 2985 934 3042 Immola
974 2999 1057 3049 num;
1072 2987 1303 3052 recognoscentes
1316 2987 1424 3051 patrem
1433 2996 1515 3050 quem
1529 2978 1714 3050 reliquerant,
1725 2995 1769 3033 re-

137 3065 196 3120 Deo
207 3067 374 3122 sacrificium
385 3070 486 3132 laudis,
503 3076 531 3124 et
545 3070 631 3125 redde
645 3072 790 3127 ditissimo
800 3080 862 3129 vota
873 3082 932 3140 tua,
974 3071 1087 3142 spondit
1100 3069 1251 3125 Dominus:
1262 3066 1372 3123 &nabo
1382 3068 1678 3133 contritioneseorum,
1691 3067 1772 3122 idest

137 3160 166 3209 et
177 3155 247 3211 illud
263 3174 286 3210 :r
305 3156 478 3212 Sacrificium
493 3158 551 3213 Deo
566 3159 682 3230 spiritus
697 3163 931 3220 contribrrlatus.o
975 3160 1116 3214 dimittam
1128 3158 1168 3213 eis
1183 3162 1307 3229 peccata,
1325 3155 1426 3228 quibus
1443 3157 1568 3227 graviter
1579 3156 1694 3210 fuerant
1705 3171 1771 3211 con·

137 3243 183 3298 Sic
199 3249 227 3298 et
240 3245 433 3317 unusquisque
448 3254 574 3302 nostrum
588 3247 766 3315 vitulos,‘hoc
775 3258 817 3306 est
826 3253 934 3320 laudes,
973 3247 1054 3303 fracti
1068 3254 1097 3302 et
1112 3246 1257 3302 vulnerati.
1275 3246 1395 3315 Dilignm
1411 3262 1458 3300 eos
1472 3248 1636 3317 spontanee,
1656 3244 1709 3298 110⁰
1718 3252 1769 3306 est·

137 3331 196 3387 Deo
210 3333 395 3405 omnipotenti
409 3335 512 3397 reddit,
529 3354 592 3391 curn
606 3339 757 3393 confitetur
775 3357 805 3395 se
820 3342 934 3397 credere
976 3336 1143 3392 voluntarie.
1162 3354 1173 3389 v
1193 3335 1267 3400 Quia
1281 3350 1394 3389 aversus
1404 3340 1447 3388 est
1465 3334 1543 3388 furor
1559 3349 1639 3387 meus
1649 3331 1742 3399 abeis,
1758 3352 1768 3383 ι

25 3453 28 3457 «
137 3420 168 3474 in
182 3420 933 3496 Deum,Patremingenitumlliliumgenitum,verum
974 3421 1412 3497 prenitentiamillisagentibus.

136 3508 227 3565 Deum
243 3517 272 3566 et
286 3512 428 3568 hominem
438 3514 564 3577 credens,
573 3515 709 3586 Spintum
724 3523 851 3572 sanctum
867 3535 934 3589 pm.
1012 3533 1023 3564 v
1042 3514 1095 3569 liro
1114 3513 1194 3585 quasi
1218 3528 1274 3577 ros,
1300 3518 1328 3566 et
1352 3510 1440 3566 lsrael
1458 3510 1629 3582 germinabit
1642 3512 1722 3582 quasi
1737 3512 1771 3565 li-

137 3599 281 3655 cedentem
297 3618 312 3656 a
334 3602 418 3657 Patre
432 3610 460 3657 et
474 3603 555 3668 Filio,
571 3605 737 3660 Trinitatem
755 3606 783 3659 in
798 3607 934 3663 distantia
973 3604 1053 3658 lium.
1070 3602 1231 3666 »Quicnim
1243 3607 1358 3672 propter
1367 3600 1628 3672 peccatairnscebar
1638 3600 1687 3657 eis.
1698 3617 1773 3655 nunc

136 3705 331 3760 personarum,
348 3693 485 3748 unitatem
498 3694 528 3747 in
542 3694 661 3748 Deitatis
680 3695 807 3766 potentia
819 3696 931 3752 habere.
974 3696 1088 3762 propter
1111 3707 1203 3745 meam
1231 3690 1408 3745 clementiam
1430 3687 1595 3745 miserebor.
1621 3689 1656 3742 Et
1669 3704 1718 3743 ero
1732 3689 1773 3742 eis

137 3777 173 3832 Et
186 3778 239 3833 hoc
252 3795 348 3850 agens,
364 3781 500 3853 adimplet
512 3781 580 3836 illud
595 3783 720 3853 Apostoli
737 3803 743 3837 :
762 3784 933 3845 ceordain·
975 3780 1054 3851 quasi
1068 3796 1125 3843 ros,
1139 3779 1206 3850 quia
1223 3785 1322 3833 aestum
1342 3779 1487 3833 aestuantis
1501 3777 1622 3831 incendii
1637 3783 1667 3831 et
1679 3777 1773 3832 libidi-

137 3867 209 3939 quit.
226 3869 350 3925 creditur
363 3871 397 3924 ad
410 3871 550 3941 justitam,
570 3888 619 3927 ore
640 3878 735 3928 autem
751 3872 888 3928 confessio
902 3875 934 3930 fit
975 3868 1019 3922 nis
1033 3866 1224 3922 misericordia
1234 3882 1298 3921 mea
1307 3866 1432 3921 auferam
1443 3866 1478 3920 ab
1485 3865 1541 3932 eis,
1552 3865 1661 3939 ipsique
1669 3866 1774 3936 germi-

136 3955 317 4013 adsalutem.
334 3977 347 4014 v
976 3959 1084 4015 nabunt
1092 3962 1124 4012 ut
1134 3957 1303 4027 liliumquia
1312 3954 1496 4010 abundabunt
1503 3961 1663 4009 ctcrescent
1672 3961 1774 4008 decore

176 4063 189 4098 t
204 4048 293 4103 Assur
305 4065 361 4103 non
371 4049 490 4106 salvabit
503 4066 565 4118 nos,
580 4068 665 4124 super
676 4068 763 4123 equos
775 4068 831 4107 non
840 4068 935 4108 ascen·
975 4050 1120 4111 virtutum,
1137 4053 1167 4100 ct
1179 4046 1265 4100 odore
1276 4045 1353 4099 bonae
1363 4044 1542 4117 operationis,
1555 4043 1634 4098 Unde
1647 4043 1769 4099 Paulus:

138 4134 247 4193 demus.
266 4156 279 4189 v
296 4138 369 4192 Dicit
391 4138 490 4193 beatus
516 4140 715 4212 Hieronymus,
733 4142 799 4212 quia
818 4142 934 4197 traditio
976 4157 989 4191 ι
1007 4135 1110 4194 Chnsti
1125 4135 1214 4189 bonus
1224 4135 1398 4188 odovsnmus
1407 4134 1473 4188 Deo.
1486 4132 1674 4187 »Germinant
1683 4132 1769 4197 enim,

136 4221 297 4277 ludaeorum
313 4229 364 4285 est,
396 4226 469 4295 quod
493 4228 667 4297 temporibus
689 4230 837 4292 Manaben,
860 4231 934 4300 regis
974 4227 1032 4281 imo
1046 4226 1148 4279 florent
1166 4223 1246 4291 electi
1260 4228 1292 4276 ut
1305 4222 1405 4281 lilium,
1421 4222 1572 4276 Dominum
1588 4220 1677 4274 Deum
1687 4235 1771 4274 suum

138 4309 236 4387 Israel,
248 4310 357 4365 miserit
369 4313 429 4384 ipse
445 4330 493 4367 rex
511 4315 649 4370 Manahen
662 4321 690 4370 et
705 4318 824 4387 populus
838 4319 933 4372 decem
975 4315 1129 4379 imitantes,
1146 4312 1194 4382 qui
1208 4311 1277 4365 dicit
1291 4311 1320 4364 in
1335 4311 1458 4365 Canticis
1472 4310 1645 4364 canticorum
1664 4326 1669 4360 :
1689 4327 1700 4358 v
1715 4309 1772 4378 Ego

138 4397 263 4452 tribuum
275 4400 351 4454 mille
362 4401 467 4455 talenta
477 4403 586 4472 argenti
596 4404 667 4458 Phul
676 4405 735 4475 regi
744 4382 965 4477 Assyriorum,D
975 4404 1026 4457 flos
1039 4401 1141 4471 campi,
1157 4406 1186 4454 et
1199 4399 1289 4453 lilium
1298 4400 1474 4454 convallium.
1493 4418 1523 4451 »c
1542 4399 1576 4452 Et
1589 4403 1720 4467 erumpet
1729 4413 1772 4450 m·

137 4492 170 4542 ut
185 4495 259 4542 esset
269 4505 368 4544 manus
378 4491 440 4560 ejus
452 4507 514 4544 cum
526 4491 576 4556 eis,
592 4497 621 4546 et
633 4492 750 4548 haberet
758 4510 855 4564 pacem
870 4512 935 4550 cum
975 4492 1022 4545 dix
1035 4492 1096 4562 ejus
1110 4496 1143 4543 ut
1156 4488 1266 4553 Libani,
1290 4506 1301 4538 v
1316 4487 1344 4541 id
1359 4494 1403 4542 est
1416 4489 1545 4542 voluntas
1559 4487 1632 4541 bona
1650 4485 1685 4539 ad
1704 4486 1774 4539 effe-

139 4577 384 4650 eis,praeberetque
394 4579 573 4634 auxiliumad
589 4581 775 4637 resistendum
784 4583 932 4654 AEgyptiis.
975 4588 1051 4635 ctum
1066 4577 1144 4633 bonae
1159 4576 1329 4648 operationis
1341 4577 1467 4632 ducetur.
1489 4576 1611 4631 Libanus
1625 4590 1707 4628 mons
1718 4582 1770 4634 est,

138 4667 217 4723 luter
230 4684 292 4740 quaa
305 4685 423 4724 munera
437 4668 520 4724 etiam
541 4669 604 4724 illos
620 4670 691 4724 duos
709 4670 810 4725 vitulos
825 4672 935 4727 misisse
974 4671 1054 4741 cujus
1076 4667 1190 4722 arbores
1210 4666 1459 4730 excellentissimae,
1478 4670 1613 4736 qnantum
1632 4663 1668 4717 ad
1687 4679 1773 4717 auras

138 4754 190 4827 illi,
202 4774 272 4828 quos
288 4759 447 4814 sacerdotes
466 4774 564 4814 eorum
577 4759 702 4812 fererant
716 4775 750 4812 cx
764 4775 829 4826 aare,
843 4766 872 4814 et
884 4761 934 4814 de·
975 4757 1129 4813 extendunt
1142 4757 1285 4821 verticem,
1296 4760 1406 4809 tantum
1419 4754 1541 4809 radicem
1554 4753 1584 4807 in
1593 4753 1651 4806 ima
1660 4752 1773 4805 demer-

139 4852 308 4900 auraverant
319 4865 369 4918 pro
379 4849 473 4903 aureis
484 4864 554 4919 quos
572 4847 719 4902 Jevnboam
733 4847 849 4913 fecerat,
864 4865 935 4920 quo·
975 4853 1056 4919 gunt,
1079 4852 1112 4900 ut
1138 4845 1216 4899 nulla
1238 4849 1404 4916 tempestate
1428 4844 1600 4915 quatiantur,
1615 4842 1665 4895 sed
1679 4839 1772 4895 stabili

138 4948 202 4987 rum
213 4950 314 4988 aarum
330 4936 383 5006 ipsi
392 4938 552 4992 sacerdotes
562 4936 664 5008 populo
676 4936 824 5006 ignorante
833 4937 935 4992 insuos
976 4935 1049 4989 mole
1064 4932 1228 4987 consistant.

139 5036 207 5076 usus
221 5023 437 5088 transtulerunt,
452 5025 620 5080 fabricantes
633 5041 726 5081 aeneus
738 5025 799 5080 loco
810 5024 943 5095 illorum;¹
1014 5042 1025 5073 ι
1040 5019 1126 5076 Ibunt
1136 5019 1207 5074 rami
1219 5020 1289 5089 ejus,
1307 5038 1319 5073 o
1331 5019 1360 5073 id
1368 5024 1412 5073 est
1422 5018 1571 5090 proficiunt
1581 5017 1615 5071 de
1626 5016 1731 5072 virtute
1744 5017 1772 5072 iu

139 5107 290 5181 dequibus
306 5110 401 5165 vitulis
415 5111 557 5183 Propheta
579 5114 708 5184 superius
720 5112 809 5167 dixit:
832 5115 866 5168 Et
875 5113 935 5184 ipse
975 5111 1145 5173 virtutem«
1160 5108 1257 5164 eterit
1273 5109 1352 5179 quasi
1374 5108 1446 5161 oliva
1468 5107 1561 5177 gloria
1584 5107 1654 5178 ejus.
1672 5125 1684 5158 n
1701 5106 1773 5170 Quin

140 5196 318 5265 (subauditur
332 5199 444 5258 vitulus)
451 5200 480 5253 in
494 5202 583 5256 Assur
590 5201 700 5257 delatus
708 5207 752 5256 est
762 5218 866 5257 munus
875 5202 935 5273 regi
976 5200 1120 5254 dixerunt:
1136 5197 1171 5251 Et
1180 5204 1309 5268 erumpet
1322 5196 1401 5250 radix
1414 5197 1476 5264 ejus
1488 5195 1568 5266 quasi
1578 5193 1702 5248 Libanus
1714 5212 1720 5260 ;
1738 5211 1774 5248 ne

137 5285 234 5351 ultori,
251 5303 358 5358 ponens
378 5287 549 5358 singularem
571 5304 719 5344 numerum
742 5308 792 5363 pro
813 5291 933 5361 plurali;
976 5293 1140 5359 putaremus
1151 5287 1355 5340 eumdemeum
1373 5285 1492 5354 loquiex
1504 5280 1775 5337 infructuosisarbo·

99 5424 105 5439 ,
137 5374 257 5446 ideoque
268 5375 338 5428 dixit
353 5374 503 5445 Propheta,
515 5392 547 5429 ex
558 5392 677 5446 persona
691 5379 785 5448 populi
798 5380 933 5449 loquens:
975 5376 1053 5430 ribus
1068 5382 1197 5429 sanctum
1208 5375 1310 5438 virum,
1335 5380 1364 5427 et
1378 5389 1543 5428 conversum
1558 5373 1593 5426 ad
1610 5371 1773 5433 Dominum,

141 5484 154 5518 c
170 5465 259 5519 Assur
276 5479 332 5517 non
351 5461 469 5519 salvabit
493 5480 553 5517 nos.
568 5481 581 5516 v
597 5465 662 5519 Acsi
676 5466 783 5521 diceret
796 5468 858 5521 viliis
876 5483 935 5521 ver·
976 5465 1054 5519 olivae
1069 5463 1218 5518 fructifera
1229 5469 1384 5532 comparat.
1397 5462 1494 5517 Oleum
1506 5470 1600 5514 autem
1617 5459 1775 5513 misericor·

139 5552 362 5611 bis:Possumus
371 5568 449 5625 spem
456 5558 581 5609 nostram
591 5569 677 5627 super
684 5555 932 5627 Assyriosponera,
975 5553 1052 5612 diam
1077 5552 1227 5623 significat,
1247 5566 1309 5622 quaa
1326 5567 1377 5622 per
1396 5550 1563 5606 charitatem
1584 5556 1729 5620 operatur,
1745 5558 1774 5600 et
