3818 6104
163 230 215 288 sit
385 224 574 283 HAYMONIS
596 222 842 279 HALBERSTAT.
860 219 971 279 episc.
991 221 1070 279 OPP.
1084 223 1176 281 PARS
1190 224 1213 280 l.
1231 255 1263 266 -
1280 225 1469 287 COMMENT.
1488 229 1586 292 BIBL.
1745 234 1789 294 itt

465 352 582 409 CAPUT
602 350 652 406 Ill.
965 349 1071 410 Adicio
1083 356 1158 413 sunt,
1175 350 1255 406 idest
1265 351 1313 424 qui
1325 370 1375 425 per
1383 354 1473 426 legem
1483 361 1587 428 putant
1599 375 1629 413 se
1641 359 1785 430 justitiari,

200 449 490 506 discamudensis.
509 443 692 511 Unaquaeque
701 455 771 510 gens
788 454 867 493 suam
896 455 962 510 pro·
1003 437 1054 491 sub
1066 439 1262 494 maledictione
1274 441 1344 512 legis
1354 449 1431 510 sunt,
1449 445 1516 515 quio
1539 463 1596 501 non
1607 453 1725 519 possunt
1736 467 1783 506 om-

162 540 312 612 prietotcm
330 539 360 592 in
375 533 585 592 conversatione
599 536 627 583 et
640 528 766 583 moribus
784 527 962 584 habet.Unde
1002 526 1049 579 nia
1061 527 1177 598 implere
1188 546 1249 600 qum
1262 530 1299 584 ibi
1314 533 1504 589 continentur.
1532 537 1614 591 Unde
1637 538 1731 593 Petrus
1744 541 1782 596 lo·

163 629 271 684 Galatis
281 626 424 699 proprium
438 629 481 678 est
491 627 531 684 ut,
544 619 609 673 licet
620 619 724 672 seroces
736 618 801 686 sint,
809 617 866 670 sint
875 617 961 672 etiam
1002 617 1086 670 dreis:
1099 619 1164 683 Cur,
1181 619 1282 690 inquit,
1300 622 1414 677 tentatis
1431 624 1578 695 imponere
1593 625 1675 680 nobis
1690 630 1778 700 jugum¹

162 717 255 774 stolidi
267 717 324 770 sire
334 715 423 777 stulti,
435 712 572 782 facileque
583 707 731 762 transferri
742 707 850 777 possint
860 707 894 760 de
904 723 961 761 una
1003 705 1076 775 quod
1092 722 1182 777 neque
1197 723 1357 780 nos,neque
1372 717 1466 782 patres
1482 715 1571 768 nostri
1588 721 1700 786 portare
1708 721 1778 787 potui.

161 826 191 863 rc
208 809 242 862 ad
259 805 356 861 aliam:
372 807 487 873 quiscos
506 796 715 868 [osrinovr'tiid
734 800 777 849 cst
800 795 862 866 quis
884 795 960 850 robis
1002 809 1073 847 mus.
1091 795 1213 866 Subquo
1224 797 1371 852 maledicto
1386 801 1474 855 sunt?
1489 801 1542 856 sub
1557 801 1606 857 illo
1621 805 1776 863 :Maledictus

160 897 265 960 nocuit,
282 895 323 947 vel
337 893 384 963 qui
395 909 442 946 ros
458 887 585 959 decepit?
599 884 883 940 Fascinaridicuntur
894 901 960 956 pue·
1000 886 1100 946 olienis,
1113 889 1141 938 et
1155 891 1264 939 crotera.
1282 887 1336 941 Lex
1359 893 1453 943 autem
1470 906 1527 944 non
1541 898 1585 947 est
1599 908 1632 947 ex
1654 893 1712 957 side,
1726 896 1776 952 fides

160 988 193 1052 ri,
214 992 242 1039 et
252 999 337 1055 parua
352 980 496 1041 animalia,
509 975 746 1048 pulliqucarium,
758 975 905 1028 hominum
922 975 958 1028 vi·
1000 977 1043 1025 ost
1058 989 1090 1026 ca
1105 974 1218 1027 credere
1234 980 1262 1029 et
1276 992 1389 1045 sperare
1402 994 1463 1048 quae
1479 980 1692 1048 nonvidentur3
1703 982 1775 1039 leret.

160 1090 193 1129 su
205 1079 233 1128 ct
248 1071 447 1126 incantatione.
464 1068 666 1134 intepueram
682 1065 957 1118 ocrslost'hristusie-
998 1077 1033 1131 go
1053 1077 1109 1115 non
1124 1062 1318 1134 complebatur
1338 1062 1404 1134 side,
1424 1067 1472 1121 sed
1488 1085 1592 1140 opere:
1618 1070 1773 1142 Evangehun

159 1181 205 1218 sus
217 1165 396 1231 prarscriptas
408 1163 456 1219 est,
469 1160 499 1209 ia
514 1156 588 1208 cobis
598 1153 833 1219 er·ucisicas.llnte
844 1153 956 1206 illorum
999 1154 1094 1202 autem
1109 1151 1267 1221 completur
1281 1152 1335 1207 fide
1360 1155 1449 1226 magis
1463 1172 1548 1227 quam
1576 1157 1713 1230 operibus,
1727 1161 1772 1231 quia

158 1254 253 1308 oculos
272 1256 334 1305 erat
348 1248 476 1303 Christus
494 1245 575 1299 lesus
599 1241 746 1296 crucifixus
766 1242 953 1313 prsescriptus,
997 1237 1056 1291 sola
1069 1239 1138 1292 fides
1151 1240 1248 1296 salvat.
1266 1241 1431 1314 Quicunque
1454 1262 1522 1317 ergo
1541 1245 1661 1302 faciebat
1682 1264 1712 1303 ea
1724 1267 1772 1320 prs

159 1343 225 1414 quia
236 1341 275 1394 illi
290 1355 347 1393 non
359 1337 449 1391 solum
461 1338 582 1404 quatuor
591 1330 677 1385 libros
702 1330 843 1400 Evangelii
867 1330 954 1386 habe·
995 1332 1075 1397 cepta
1090 1344 1151 1399 quae
1167 1328 1404 1403 lerpraecipiebat,
1420 1333 1530 1390 vivebat
1544 1335 1573 1390 in
1584 1336 1650 1404 illis,
1661 1339 1772 1411 quiatprs·

158 1430 237 1493 bant,
251 1428 299 1482 ubi
313 1425 406 1498 passio
430 1421 534 1477 Christi
557 1420 716 1474 continetur
740 1419 887 1490 completa,
905 1420 954 1474 sed
997 1414 1137 1470 telabatur
1151 1418 1176 1471 ei
1188 1436 1311 1489 praesens
1321 1421 1378 1476 vita
1389 1439 1479 1494 usque
1489 1424 1525 1478 ad
1535 1431 1673 1481 statutum
1687 1428 1772 1484 finem,

72 1546 79 1558 ·
159 1519 244 1574 etiam
260 1516 346 1569 libros
356 1511 466 1567 Veteris
475 1508 648 1564 Testamenti
662 1507 758 1561 Gracco
770 1523 897 1560 sermone
910 1523 955 1562 se·
997 1503 1069 1558 Deo:
1081 1506 1128 1576 qui
1138 1524 1202 1561 vero
1210 1514 1403 1580 transgressor
1411 1514 1548 1584 eratlegis
1552 1515 1770 1584 jubebaturinter.

157 1608 280 1663 cundum
297 1601 476 1674 septuaginta
484 1601 655 1668 Interpretes
663 1594 844 1658 habebant,in
855 1595 955 1667 quibus
997 1593 1050 1656 fici,
1061 1594 1170 1650 dicente
1181 1597 1243 1667 lege
1257 1616 1262 1651 :
1274 1599 1328 1663 Qui
1336 1600 1389 1654 hoc
1400 1602 1441 1654 rel
1450 1602 1521 1656 illud
1529 1603 1630 1658 iecerit
1639 1605 1766 1661 occidatur,

156 1693 394 1771 pronuntiabatur
408 1695 436 1744 et
459 1685 662 1760 praedicabatur
681 1687 774 1756 passio
795 1685 910 1752 Christi,
926 1687 954 1740 in
963 1702 986 1760 Β
1032 1682 1155 1738 Christus
1171 1703 1219 1739 nos
1233 1688 1350 1742 redemit
1368 1690 1400 1742 de
1422 1693 1569 1746 maledicto
1590 1697 1665 1760 tegis.
1682 1694 1717 1749 De
1731 1712 1768 1766 quo

156 1784 256 1857 quibus
272 1781 351 1852 quasi
363 1784 428 1834 ante
439 1778 532 1832 oculos
547 1776 672 1846 ipsorum
683 1779 744 1828 erat
756 1774 884 1829 Christus
892 1792 954 1830 cru·
994 1771 1141 1828 maledicto
1152 1773 1208 1828 ide
1220 1774 1345 1846 illoquod
1358 1778 1556 1834 dictumestad
1568 1781 1673 1838 Adam:
1687 1785 1767 1853 laqua-

154 1875 261 1930 clsfflls·
993 1876 1101 1930 eanqrse
1115 1865 1158 1917 die
1170 1867 1317 1920 consederis
1330 1884 1362 1921 er
1376 1874 1509 1936 eo,morte
1520 1874 1649 1926 reorterio
1660 1873 1724 1940 (Gen.
1736 1873 1765 1944 u).

189 1963 234 2018 Sic
248 1963 328 2015 stulti
342 1961 414 2024 estis,
432 1963 462 2011 at
474 1972 536 2009 cerro
547 1957 649 2022 spiritu
659 1955 954 2021 ceperitis,nancoor·
994 1949 1034 2003 De
1050 1950 1100 2005 hoc
1115 1952 1271 2017 maledicto,
1290 1955 1370 2011 idest
1383 1955 1418 2010 de
1432 1956 1485 2012 hac
1496 1964 1589 2014 morte
1599 1960 1762 2024 redemitus,

154 2071 188 2110 oc
204 2051 444 2107 consuesceremmi.
464 2045 551 2099 idest
566 2042 953 2115 cumspiritualitercoepisso·
993 2041 1147 2094 revocando
1157 2041 1190 2094 ad
1201 2042 1301 2097 vitam:
1319 2045 1384 2115 quio
1399 2052 1488 2101 morte
1503 2064 1556 2102 sus
1566 2048 1667 2121 simpla
1678 2049 1762 2120 duplam

152 2144 189 2201 tis
204 2137 372 2201 conversari,
383 2136 426 2189 rel
438 2151 500 2188 cum
513 2150 563 2204 per
574 2132 708 2203 Spiritum
720 2133 953 2204 sanctumcoepis-
993 2132 1118 2182 nostram
1132 2130 1284 2186 destruxit:
1308 2139 1337 2187 et
1347 2135 1508 2204 quomodo?
1527 2138 1620 2203 sectus
1642 2154 1691 2206 pro
1708 2138 1761 2191 nott

153 2232 221 2287 setis
236 2229 313 2300 loqui
327 2226 412 2280 variis
426 2222 541 2293 linguis,
551 2238 626 2274 nunc
640 2221 745 2274 carnali
756 2220 949 2277 observatione
993 2219 1181 2272 rneledictam.
1199 2220 1261 2274 Non
1276 2227 1319 2275 est
1339 2223 1399 2294 ipse
1419 2223 1511 2278 iactus
1526 2224 1698 2292 maledictus,
1710 2226 1759 2280 sicut

152 2319 297 2376 deficiatis,
316 2307 633 2388 postponentes⁸omnia
647 2309 794 2381 spiritalia,
812 2316 841 2364 et
858 2315 952 2365 trans·
993 2303 1091 2360 beatus
1106 2307 1271 2363 Ambrosius
1290 2310 1367 2381 dicit,
1383 2316 1416 2365 ut
1440 2320 1588 2385 peceatum
1606 2313 1758 2379 haberem

152 2416 251 2465 euntes
266 2407 301 2462 ad
316 2402 443 2459 carnales
453 2399 670 2460 observationes,
683 2398 711 2451 id
725 2403 767 2452 est
782 2400 816 2452 ad
832 2400 951 2453 circum·
992 2394 1082 2449 sactus
1093 2401 1136 2450 est
1149 2398 1338 2465 maledictum,
1355 2400 1440 2455 idest
1455 2403 1547 2457 hostia
1562 2420 1614 2475 pro
1635 2401 1757 2458 maledictis

151 2500 258 2554 sionem
270 2494 373 2559 carnis,
389 2497 417 2546 et
435 2491 469 2544 ad
488 2488 590 2559 legalia
616 2486 760 2541 sacrificia.
785 2487 895 2542 Aliter:
920 2487 950 2544 in
992 2486 1756 2562 etpeccatoribus,pronobisvidelicetquisubmaledieto

150 2572 305 2661 primordio
320 2582 397 2650 fidet,
410 2596 507 2633 omnes
521 2577 666 2632 credentes
681 2576 709 2630 in
721 2576 863 2630 Christum
877 2577 949 2632 acci·
990 2572 1073 2644 primi
1083 2575 1296 2632 hominisetsub
1307 2580 1644 2648 mortetencbamur.Vel,
1653 2580 1756 2636 otbertus

150 2677 265 2750 piebant
280 2671 415 2744 Spiritum
430 2673 568 2732 sanctum,
582 2666 654 2720 sicut
669 2665 762 2730 modo,
779 2671 807 2719 et
834 2665 949 2737 Insuper
989 2662 1165 2732 Augustinus
1175 2665 1243 2720 dicit
1253 2684 1258 2719 ι
1268 2666 1369 2721 Factus
1382 2673 1425 2723 est
1435 2669 1637 2734 meledictio,id
1646 2677 1685 2725 est
1692 2669 1755 2723 iectus

150 2763 324 2837 accipiebant
334 2759 525 2814 diversitatem
540 2756 699 2826 linguarum
714 2771 765 2825 per
773 2755 948 2824 quodostcn-
990 2755 1033 2804 cst
1047 2753 1183 2820 mortalis,
1199 2755 1272 2810 sicut
1287 2761 1316 2810 et
1330 2773 1391 2824 nos,
1406 2757 1474 2812 licet
1489 2759 1550 2813 sine
1567 2765 1677 2830 peceato
1693 2759 1752 2812 osset

149 2856 270 2912 debatur
285 2868 332 2906 eos
348 2847 451 2903 habere
466 2845 601 2917 Spiritum
618 2849 756 2898 sanctum.
771 2843 850 2906 Quod
871 2844 948 2899 nullo
1026 2840 1240 2910 Oreiascriptum
1254 2849 1291 2898 est
1304 2866 1310 2898 ;
1321 2847 1481 2900 Maledictus
1492 2851 1583 2902 omnis
1594 2845 1753 2915 quipeadstir

151 2939 389 3014 exemplomclius
402 2935 514 3008 probari
533 2939 625 3005 potest
649 2949 733 3004 quam
757 2932 805 2986 illo
826 2934 900 3002 quod
918 2934 947 2988 in
989 2928 1075 2994 li'yno.
1093 2929 1205 2983 Euticus
1219 2932 1271 2985 hoc
1282 2932 1365 2986 modo
1379 2934 1492 3004 exponit
1505 2934 1580 2988 hunc
1594 2934 1751 2990 versiculum:

148 3031 264 3089 Actibus
283 3027 474 3098 apostolorum
498 3022 619 3077 dicitur:
647 3020 720 3092 quod
745 3037 809 3075 cum
833 3021 949 3077 dixisset
968 3015 1153 3071 ¹Maledictus
1167 3019 1258 3074 omnis
1276 3036 1380 3076 nocens
1397 3022 1446 3093 qui
1460 3023 1544 3095 culpa
1563 3029 1656 3080 suaet
1671 3024 1752 3096 pecottt

147 3121 251 3178 Paulus
267 3116 433 3188 quibusdam
449 3110 605 3183 baptizatis
622 3109 670 3180 qui
682 3109 815 3180 baptizati
831 3111 947 3166 erantin
988 3119 1038 3157 suo
1053 3106 1157 3175 pendet
1167 3107 1195 3161 in
1206 3107 1281 3178 ligno
1295 3128 1301 3178 ;
1316 3110 1364 3181 qui
1376 3111 1585 3168 veroinnocens
1595 3113 1751 3182 estolleiam

146 3208 262 3266 loannis
276 3206 454 3277 baptismate,
471 3201 493 3255 si
509 3201 644 3271 Spiritum
656 3204 785 3253 sanctuni
800 3199 945 3270 accepistis
989 3210 1141 3265 suspensus
1157 3196 1252 3263 fucrit,
1268 3213 1323 3252 non
1339 3199 1401 3254 ideo
1412 3202 1581 3257 maledictus
1595 3199 1750 3266 eritQuider

145 3297 310 3357 credentes?
338 3291 560 3364 responderunt:
584 3288 638 3343 Sed
658 3305 749 3358 neque
773 3288 797 3341 si
824 3289 945 3359 Spiritus
984 3298 1021 3352 go
1034 3283 1057 3336 si
1072 3284 1261 3340 llardochaeus
1272 3286 1437 3342 innocenter
1451 3306 1605 3362 suspensus
1616 3297 1683 3346 essct
1699 3284 1749 3343 iuli·

145 3394 259 3445 sanctus
269 3391 312 3441 est
323 3385 352 3437 in
364 3381 444 3436 nobis
459 3379 627 3443 audivimus
645 3377 780 3447 quianon
795 3394 944 3447 possumus
984 3388 1049 3441 gno,
1068 3373 1142 3444 quod
1156 3374 1181 3428 ei
1195 3376 1288 3430 Amen
1302 3383 1459 3447 paraverat,
1480 3381 1610 3452 nunquid
1621 3377 1748 3434 maledictos

144 3476 273 3534 omnibus
284 3470 387 3542 linguis
403 3467 488 3538 loqui.
505 3465 539 3519 Et
553 3481 616 3519 cum
629 3463 848 3534 baptizasseteos
857 3465 884 3519 in
895 3481 944 3522 no·
984 3466 1058 3515 esset
1078 3462 1156 3516 ideo?
1167 3463 1290 3519 minime.
1305 3464 1350 3519 Ita
1363 3467 1501 3535 Christus,
1514 3469 1580 3524 licet
1605 3469 1747 3525 maledictum

143 3567 303 3627 minelesu,
316 3553 548 3630 «imperantisqui
563 3552 647 3606 variis
661 3552 812 3622 linguis‚et
827 3553 873 3607 isti
886 3554 942 3608 Ga·
983 3550 1052 3605 illud
1067 3552 1227 3619 sustineret,
1243 3553 1327 3609 idest
1342 3555 1500 3626 passionom
1527 3562 1556 3613 et
1572 3554 1747 3619 cruciatumtt

142 3659 207 3713 laiso
225 3670 282 3709 non
297 3651 468 3719 acceperunt
481 3643 616 3715 Spiritum
625 3648 753 3696 sanctum
764 3641 943 3698 etdiversita·
983 3643 1096 3709 peccato
1110 3646 1207 3696 nostra
1221 3650 1387 3712 assumeret,
1404 3649 1567 3702 tamennon
1582 3649 1644 3703 ideo
1656 3647 1746 3702 tuitm

141 3754 198 3801 tem
210 3745 371 3812 linguarum
385 3754 417 3790 ex
431 3733 561 3806 operibus
570 3732 639 3802 legis
656 3751 661 3784 :
675 3731 724 3786 sed
740 3732 806 3802 quia
820 3733 943 3787 credide·
982 3726 1100 3783 lcdictus
1114 3747 1206 3801 neque
1220 3738 1358 3802 peccator,
1373 3735 1439 3805 quia
1448 3735 1488 3790 sic
1501 3737 1745 3810 asoepitipsepeo

140 3840 208 3890 runt
222 3833 250 3886 in
266 3829 419 3887 Christum,
436 3823 581 3879 audientes
593 3820 628 3875 ab
641 3822 774 3892 apostolo
789 3821 873 3875 sidem
886 3822 940 3876 Do·
981 3822 1011 3870 ta
1021 3824 1127 3884 nostru,
1142 3835 1199 3874 non
1211 3825 1243 3874 ut
1258 3820 1382 3889 haberet,
1399 3822 1446 3877 scd
1458 3829 1490 3879 ut
1503 3824 1620 3881 deleret.
1634 3821 1744 3880 teitus

140 3922 210 3978 mini
221 3916 375 3993 praedicari.
398 3916 439 3970 Es
463 3913 564 3967 ordita
583 3911 647 3978 ridet
665 3909 741 3977 dicit,
767 3909 832 3980 quia
859 3909 940 3964 audit
980 3913 1115 3977 quantum
1127 3907 1230 3963 Judecis
1245 3909 1400 3979 ridebatur,
1416 3913 1584 3970 maledictus
1603 3921 1670 3982 eret,
1681 3912 1705 3968 id
1717 3909 1744 3963 est

139 4015 224 4068 homo
239 4008 305 4081 quid
320 4005 433 4062 credere
447 4002 557 4067 debeat,
575 4005 603 4053 et
614 4000 806 4069 interrogatur
820 3999 855 4052 ad
874 3998 937 4055 ion·
979 4000 1115 4067 peccator.

138 4108 196 4156 tem
210 4097 350 4171 quomodo
360 4094 465 4157 credat,
484 4096 513 4144 ct
527 4089 566 4144 sic
577 4087 745 4159 baptizatur.
1013 4087 1291 4154 Fratresseeondum
1301 4089 1440 4145 horaioem
1453 4093 1523 4155 dico,
1534 4093 1563 4148 id
1572 4098 1616 4150 est
1624 4091 1742 4150 secundun

177 4191 265 4242 Tanto
279 4187 355 4254 passi
365 4185 427 4236 estis
446 4184 505 4234 siue
529 4183 638 4231 caiisa?
659 4174 748 4229 Multa
769 4176 844 4230 mala
862 4177 938 4248 passi
977 4175 1132 4231 humanam
1146 4179 1391 4249 consuetudinem,
1406 4185 1434 4235 et
1446 4183 1601 4239 secundum
1624 4185 1742 4239 humanam

139 4270 389 4332 fuerantaludoeis
403 4263 1077 4364 etapersecutoribusprofideChristi,Dlegem,
1100 4272 1191 4322 tamen
1210 4269 1331 4323 hominis
1356 4273 1554 4338 confirmatam
1583 4276 1741 4329 testamentis

139 4363 255 4436 eoquod
270 4360 402 4416 nolebant
413 4353 653 4411 circumcisionem
667 4369 785 4408 servare
798 4354 830 4409 Si
845 4360 937 4411 lernen
978 4370 1056 4408 nerito
1066 4359 1180 4425 spermit.
1196 4356 1408 4414 Testamentum
1422 4359 1553 4416 dicituro
1564 4363 1685 4426 testibus,
1698 4370 1741 4430 quo

138 4459 198 4510 sine
213 4444 516 4506 ceusu.Siaihr1natira
531 4441 690 4512 conjunctio
705 4447 756 4509 est,
766 4441 795 4497 id
809 4448 936 4498 estcerte
978 4460 1040 4497 rum
1051 4444 1210 4499 nominaibi
1220 4446 1390 4514 scribuntur,
1406 4453 1435 4502 et
1449 4465 1466 4504 a
1480 4450 1583 4521 quibus
1594 4451 1658 4507 illud
1668 4446 1741 4505 contr·

138 4545 199 4600 sine
214 4555 298 4596 causa
312 4535 450 4610 patimini,
469 4533 492 4587 si
508 4533 611 4586 iterum
630 4532 665 4585 ad
685 4532 840 4587 carnalium
861 4533 936 4587 desi·
977 4536 1072 4585 matur
1086 4538 1297 4599 testamentum,
1312 4535 1355 4590 rel
1365 4536 1471 4604 charta,
1483 4537 1541 4593 sive
1552 4539 1681 4612 scriptum
1692 4527 1741 4608 qnod

88 4622 102 4643 ³
137 4633 215 4690 deria
227 4637 257 4687 et
268 4625 508 4685 circumcisionem
521 4622 686 4676 servandam
702 4621 887 4676 revertimini.
976 4626 1057 4691 pater
1075 4621 1184 4676 sacitde
1198 4623 1257 4677 suis
1271 4623 1354 4678 rebus
1374 4625 1439 4680 filiis
1453 4627 1523 4692 suis,
1539 4627 1608 4700 quid
1626 4621 1740 4697 unusquis·

172 4725 294 4792 Quierpo
305 4718 403 4772 tribuit
413 4716 486 4769 cobis
496 4714 639 4782 spiritum,
652 4709 785 4765 subaudis
794 4716 932 4779 sanctum,
977 4726 1030 4780 que
1044 4716 1108 4780 post
1122 4717 1241 4766 mortem
1256 4713 1317 4783 ejus
1332 4714 1474 4785 possideat
1485 4715 1520 4771 de
1547 4717 1738 4783 hoereditatem·

135 4817 160 4867 et
174 4816 304 4880 oporatur
318 4811 433 4862 uirtutes
445 4808 476 4858 ia
486 4803 569 4867 robis,
589 4799 722 4855 subaudis
734 4800 933 4857 miraculorum
973 4802 1065 4852 terna.
1085 4799 1163 4863 Quod
1176 4804 1380 4855 testamentum
1395 4818 1478 4857 nemo
1493 4804 1622 4877 despicit,
1637 4801 1738 4860 utiliter

136 4908 164 4957 et
177 4902 348 4970 linguarum.
365 4898 404 4950 Es
419 4895 544 4963 operibus
561 4889 773 4958 lepissubaudis
786 4889 839 4944 hoc
854 4889 929 4958 iacit,
973 4888 1042 4942 illud
1056 4889 1275 4960 comprehendat
1286 4895 1315 4944 et
1328 4890 1445 4957 dividat,
1457 4907 1551 4964 neque
1561 4889 1736 4950 alitcrordintt

135 5006 173 5044 on
188 5006 220 5042 cs
231 4989 331 5040 auclitu
340 4985 403 5052 fidei
413 4989 424 5035 i
436 4978 585 5036 subaudis:
598 4979 931 5050 non'propterobserran·
972 4978 1025 5032 nisi
1040 4982 1071 5032 ut
1082 4983 1162 5050 pater
1175 4978 1269 5032 virens
1284 4979 1431 5034 ordinarit.

135 5081 203 5136 tiam
217 5077 288 5146 legis
302 5077 354 5129 hoc
368 5073 499 5144 prostitit
513 5071 602 5138 nobis,
628 5068 677 5124 sed
693 5074 806 5142 propter
825 5070 927 5139 ssdem3
1005 5068 1121 5122 straus
1131 5069 1209 5123 dicta
1229 5073 1294 5123 sani
1310 5071 1508 5137 promissiones
1533 5076 1558 5126 et
1577 5072 1673 5128 semini
1691 5066 1736 5136 ijs.

135 5168 201 5241 quia
210 5182 261 5239 per
273 5163 355 5218 iidem
369 5161 515 5232 justificati
527 5161 669 5230 placemus
683 5157 750 5214 Deo.
970 5155 1045 5211 Dicit
1058 5157 1195 5227 singulari
1209 5151 1337 5226 numero,
1354 5158 1473 5214 Abrahae
1483 5161 1560 5216 dicta
1571 5151 1736 5234 estpromissio

169 5255 322 5325 igiturest
336 5268 368 5304 es
387 5251 438 5317 fids
462 5254 527 5301 suist
552 5250 744 5303 berscdiccntor
767 5264 830 5302 oum
855 5246 930 5315 fideli
970 5251 999 5300 ct
1008 5245 1108 5300 semini
1119 5247 1192 5316 ejus;
1209 5246 1257 5300 sed
1268 5246 1640 5320 quiemultaepromissiones
1652 5248 1734 5304 meon

131 5346 285 5409 Abrohom,
301 5340 387 5393 idest
407 5337 454 5408 qui
470 5336 553 5390 iidem
563 5336 681 5392 Abrahae
695 5336 800 5392 habent
815 5335 928 5391 benedi·
969 5335 1048 5390 iactae
1062 5340 1137 5403 sunt,
1155 5341 1213 5390 tam
1233 5335 1268 5390 de
1284 5342 1358 5391 terra
1372 5337 1569 5409 promissionis
1581 5355 1661 5413 quam
1675 5334 1735 5393 edin

133 5438 255 5498 ctionem
269 5429 388 5486 Abrahae
403 5430 616 5497 consequentur.
970 5424 1004 5480 de
1016 5424 1135 5480 Domino
1145 5426 1211 5480 lesu
1220 5421 1738 5501 Christo,ideodixitpluraliterzitmtr

166 5528 332 5610 Quicunque
344 5520 420 5577 mim
433 5516 597 5592 exoperibus
612 5515 676 5592 lepis
687 5519 763 5592 sont,
778 5516 828 5576 sub
842 5516 929 5578 mele
969 5517 1047 5579 dicte
1060 5518 1126 5574 sunt
1137 5518 1333 5593 promissiones
1346 5520 1372 5575 et
1385 5518 1489 5576 semini
1501 5510 1736 5612 ejm0llidesmtti
