3818 6104
231 247 303 304 llos
455 245 644 300 lllthlONlS
666 245 911 300 HALBERSTAT.
929 242 1041 312 El‘lSC.
1060 242 1140 297 OPP.
1154 243 1246 298 rhus
1260 243 1283 298 1.
1300 272 1333 283 -
1348 241 1539 299 conatur.
1558 241 1656 302 BIBL.
1805 241 1871 299 lltlt

231 369 1027 437 omnemhomiuemoenienteminbuncmandamllocnr)·
1038 367 1167 426 Adecem
1183 368 1267 422 verba
1282 366 1428 422 cohibetur
1444 387 1450 421 τ
1466 373 1552 438 atque
1566 375 1723 424 enarrante
1740 370 1868 437 veritate,

230 459 330 514 Teitan
345 475 456 530 quoquc
466 459 624 530 appellatur
634 458 714 528 gigas
726 479 731 513 :
744 458 818 511 unde
828 462 856 511 et
868 458 896 511 in
911 456 1027 527 Virgilio
1069 461 1231 525 operatores
1245 455 1332 509 vinem
1347 455 1464 510 denario
1475 456 1749 513 remunerabuntur.
1760 459 1868 528 Sexage·

230 545 1027 617 legimus:Titaniaqueostrc.Christusenimgigas,dequo
1069 545 1164 598 narius
1179 544 1207 597 in
1228 560 1261 598 eo
1276 544 1416 614 periectas
1432 551 1484 607 est,
1509 546 1578 616 quia
1594 547 1695 600 omnia
1709 563 1771 616 qum
1786 547 1814 600 in
1827 563 1868 600 sex

147 644 151 657 '
230 635 640 690 Psalmistadicit21t'csultorit
651 638 768 703 utqe'qos
780 634 1028 703 (Psotxuutlpse
1069 632 1167 686 diebus
1177 642 1338 703 operantur,
1350 633 1454 687 eisdem
1466 634 1595 704 decalogi
1606 635 1753 688 mandatis
1767 636 1869 690 conclu·

229 724 326 795 itaque
334 723 523 778 Antichristus
532 724 584 777 hoc
595 739 697 777 nornen
706 722 1028 791 sibifallaciterusurpa·
1068 720 1192 774 duntur:
1204 726 1289 792 atque
1303 722 1463 791 evangelico
1475 727 1653 792 protestante
1666 723 1791 793 eloquio,
1801 730 1868 778 terra

229 811 280 877 bit,
291 818 319 866 et
329 812 512 867 dicetscesse
522 814 609 866 solem
620 812 811 882 illuni,dequo
821 811 1024 882 scriptumest:
1068 808 1140 862 bona
1153 809 1276 863 fructum
1296 810 1503 880 sexagesimum
1520 812 1624 865 reddit.
1642 813 1831 866 centenarius
1843 812 1868 866 in

228 898 315 954 Vobis
324 899 488 955 timentibus
501 917 605 955 nomen
621 917 714 954 meum
726 900 832 954 orietur
845 901 886 953 sol
898 898 1033 969 justitiae:
1067 913 1100 951 eo
1115 898 1255 968 perfectus
1268 904 1321 963 est,
1333 898 1399 969 quia
1409 898 1475 952 dum
1491 899 1621 969 decalogi
1636 901 1777 954 mandata
1786 901 1868 956 decies

228 986 343 1044 Littera
349 995 445 1044 autem
454 990 539 1061 huJ'us
547 991 668 1045 nominis
678 997 768 1045 totum
778 991 858 1045 illum
870 991 1027 1060 praeceden·
1066 987 1254 1057 multiplicata
1266 987 1487 1057 comprehcndit,
1497 989 1592 1042 omnis
1608 989 1789 1060 operationis
1799 1006 1867 1045 sum·

227 1081 287 1131 tem
301 1079 427 1134 continet
443 1096 603 1146 numerum,
620 1080 648 1133 id
666 1085 709 1133 est
724 1083 868 1133 sexcentos
882 1078 1026 1148 sexaginta
1068 1089 1143 1127 mam
1154 1076 1303 1129 concludit.
1314 1076 1376 1130 Nisi
1386 1077 1461 1130 euim
1472 1077 1655 1132 centenarius
1665 1094 1804 1133 numerus
1815 1096 1868 1149 per·

228 1179 286 1219 ser.
299 1186 313 1219 τ
324 1168 428 1238 quippe
439 1173 579 1223 trecentos
590 1168 749 1239 exprimite
760 1168 893 1238 quinque,
904 1167 1024 1233 idecem,
1067 1162 1216 1217 lectionem
1228 1164 1398 1234 designaret,
1406 1181 1587 1236 nequaquam
1597 1167 1742 1221 Dominus
1751 1167 1788 1221 ad
1796 1168 1868 1223 disci·

226 1252 331 1310 iterum
353 1276 368 1309 τ
385 1263 536 1323 trecentos,
553 1277 568 1308 α
587 1273 685 1324 unum,
701 1277 713 1308 ν
734 1256 957 1327 quinquaginta,
977 1255 1026 1326 qui
1067 1252 1147 1321 pulos
1157 1251 1276 1306 diceret:
1288 1253 1384 1307 Omnis
1394 1257 1444 1322 qai
1453 1257 1600 1322 reliquerit
1611 1256 1743 1324 domam,
1753 1262 1803 1310 oct
1812 1258 1866 1324 sra-

226 1341 311 1396 simul
325 1345 416 1413 juncti
433 1345 538 1398 iaciunt
551 1351 696 1398 sexcentos
711 1345 856 1414 sexaginta
870 1360 927 1397 sex.
945 1343 1026 1407 Quod
1068 1344 1131 1404 tres,
1144 1343 1185 1394 uel
1196 1356 1311 1406 sorores,
1323 1346 1373 1394 cut
1380 1347 1500 1410 patrem,
1512 1348 1563 1396 cat
1576 1349 1713 1417 ciatrem,
1728 1351 1781 1398 aut
1794 1346 1866 1412 filios,

225 1444 330 1485 nomen
344 1432 429 1499 (sieut
445 1432 579 1500 diximus)
591 1431 645 1485 sibi
666 1432 855 1485 Antichristus
868 1431 1024 1501 usurpabit,
1066 1434 1116 1482 aut
1127 1429 1353 1497 illins,catoqros
1361 1437 1474 1499 propter
1484 1447 1585 1485 acmen
1597 1449 1707 1497 ineam,
1717 1437 1868 1503 centuplum

225 1518 334 1572 audens
348 1535 377 1574 se
392 1520 552 1574 hominihus
563 1520 653 1574 lucem
665 1521 800 1590 profiteri,
813 1536 877 1573 cuni
892 1519 929 1573 sit
942 1536 1025 1590 apos·
1065 1520 1187 1585 accipiet,
1211 1522 1236 1571 et
1253 1521 1339 1572 vitem
1359 1523 1490 1572 aternam
1510 1521 1663 1587 possidebit
1685 1522 1793 1587 tltattb.
1808 1530 1866 1592 xxxi,

224 1610 285 1660 tata
295 1608 412 1678 angelus
422 1608 452 1662 in
463 1625 495 1662 co
505 1610 710 1678 transfigurans
720 1625 749 1662 se
759 1609 788 1662 in
800 1609 931 1679 angelum
943 1609 1022 1662 lueis.
1065 1605 1137 1668 Quia
1147 1621 1213 1659 vero
1227 1622 1275 1659 sex
1288 1606 1388 1660 diebus
1400 1605 1475 1660 Deus
1485 1613 1590 1661 cuncta
1601 1625 1693 1679 opera
1702 1626 1757 1664 sua
1765 1609 1868 1676 feritet

224 1694 316 1759 Quam
324 1696 522 1762 obcausam,si
528 1696 614 1751 etiam
623 1697 782 1768 hocaliquis
790 1697 945 1766 intelligere
953 1698 1054 1776 rult,B
1066 1710 1112 1747 sex
1128 1699 1195 1748 sunt
1209 1699 1307 1749 aetates
1317 1694 1402 1765 hujus
1415 1696 1520 1761 saeculi,
1536 1703 1614 1750 recte
1627 1714 1683 1767 per
1697 1698 1774 1752 hunc
1783 1715 1867 1754 nume

223 1783 331 1839 Latinis
339 1785 1023 1855 litterisponamusnomen,inouoidemnumerus
1065 1798 1129 1836 rum
1147 1799 1297 1854 possumus
1321 1783 1479 1854 intelligere
1498 1800 1583 1838 omne
1599 1791 1719 1856 tempus
1734 1788 1867 1858 praesentis

222 1871 391 1940 inveniatur,
402 1875 543 1928 hoemodo
553 1894 558 1927 :
569 1874 620 1928 Dic
628 1875 695 1928 Lux.
706 1875 769 1944 Ipsc
779 1873 853 1928 enim
865 1877 907 1940 (ut
916 1874 1022 1927 dictum
1064 1871 1135 1925 vitoe.
1144 1871 1215 1935 Quia
1226 1888 1292 1942 ergo
1300 1872 1447 1932 homoille,
1455 1872 1530 1926 filius
1539 1874 1727 1943 perditionis,
1737 1877 1867 1931 Christum

223 1964 275 2029 est)
292 1961 426 2016 latebitur
440 1979 471 2017 se
495 1978 556 2017 esse
579 1963 681 2026 lucem,
701 1977 767 2015 narn
785 1961 1023 2032 dquiugentos,t
1063 1975 1093 2012 se
1102 1976 1163 2014 esse
1172 1960 1478 2026 iallaciteralfirmabit,
1487 1967 1626 2032 tanquam
1634 1963 1867 2034 ipsesitconditor

221 2063 320 2115 unum,
330 2067 344 2103 c
353 2055 477 2116 centurn,
487 2053 496 2104 t
507 2050 724 2120 quinquaginta,
733 2066 748 2102 o
756 2050 889 2119 quinque,
897 2067 915 2102 c
925 2050 1022 2103 decem
1064 2049 1202 2114 omnium,
1211 2066 1272 2120 quae
1285 2050 1313 2103 in
1325 2066 1372 2103 sex
1382 2048 1480 2102 diebus
1491 2057 1609 2120 peracta
1619 2052 1786 2114 volvuntur,
1795 2070 1866 2124 seque

221 2137 391 2207 exprimunt.
403 2139 470 2202 Quae
482 2138 512 2192 in
526 2154 614 2192 unum
628 2138 760 2203 collectae,
773 2137 878 2192 iaciunt
890 2137 1022 2191 similiter
1062 2137 1148 2206 alpha
1157 2143 1302 2207 etomcga,
1312 2137 1480 2208 principium
1492 2144 1520 2191 et
1529 2139 1664 2204 tinem‚et
1674 2141 1768 2195 Deum
1775 2142 1864 2196 scilicet

221 2231 366 2279 sexcentos
380 2226 527 2295 sexaginta
537 2241 595 2278 sex.
611 2224 764 2279 Possumus
781 2225 873 2279 adhuc
887 2226 1018 2280 cumdem
1062 2226 1625 2292 antesaecula‚ethominemmentieturin
1632 2230 1860 2295 linesaecnloruu,

220 2325 381 2378 numerum,
397 2311 482 2382 siper
497 2312 608 2366 Graecas
622 2311 731 2365 litteras
742 2310 890 2377 scribatur,
902 2312 1019 2367 Gothico
1062 2319 1136 2367 recte
1156 2329 1292 2368 numerus
1307 2314 1403 2369 bestiae
1417 2331 1468 2386 per
1482 2315 1665 2371 intellectum
1680 2324 1857 2389 computatus,

219 2398 343 2463 nomine,
366 2400 489 2470 reperire
511 2401 563 2453 hoc
576 2400 677 2453 modo:
694 2400 873 2454 Garscmuos.
890 2400 1021 2471 qquippe
1062 2403 1282 2456 sexcentesimus
1294 2407 1323 2457 et
1341 2403 1532 2473 sexagesimus
1547 2411 1647 2459 sextus
1662 2422 1751 2460 omne
1763 2413 1858 2478 tempus

218 2485 283 2554 tria,
295 2507 306 2539 ε
317 2487 450 2560 quinque,
464 2486 699 2560 rquinquaginta,
712 2489 882 2554 educentes,
894 2509 909 2554 η
921 2494 994 2557 οειο,
1006 2508 1020 2558 ρ
1061 2489 1124 2543 vitae
1139 2490 1285 2560 praesentis
1299 2491 1551 2560 comprehendens,
1563 2497 1593 2546 et
1606 2493 1757 2549 diabolicae
1767 2496 1857 2549 fraudis

217 2582 342 2644 eentum,
356 2577 479 2643 ideeem,
491 2576 623 2646 triginti,
636 2576 849 2647 oscptuaginta,
862 2576 1020 2630 educentes
1061 2577 1227 2647 nequitiam,
1245 2582 1273 2632 et
1287 2579 1400 2632 finalem
1415 2579 1508 2633 saeculi
1523 2580 1687 2636 terminum
1701 2583 1827 2637 ostendit.

218 2664 351 2718 ostendit.
369 2665 424 2729 Qui
438 2665 524 2720 simul
546 2664 632 2727 ducti,
654 2664 762 2718 faciunt
780 2669 924 2718 sexcentos
939 2679 1020 2718 sexa·
1356 2667 1473 2722 CAPUT
1492 2666 1566 2721 XIV.

216 2752 297 2824 ginta
307 2753 571 2825 senlnterpretatio
584 2760 679 2807 autem
691 2752 813 2807 nominis
827 2753 953 2823 ejusdem
964 2759 1016 2818 εει,
1094 2755 1128 2807 Ει
1142 2756 1209 2820 cidi,
1223 2759 1247 2808 et
1262 2770 1318 2809 ecce
1333 2754 1431 2823 Aquas
1445 2757 1536 2809 stabim
1550 2773 1642 2826 supro
1656 2767 1780 2814 ruentem
1789 2760 1855 2826 Sion,

216 2845 491 2909 qratiamseductor:
502 2844 532 2896 in
542 2859 574 2897 eo
585 2842 695 2897 Christo
704 2841 873 2904 contrarius,
881 2841 956 2912 quod
965 2840 1018 2895 iste
1060 2845 1632 2912 etcameomatrtrnqaodraqinthuotaor
1640 2850 1856 2903 mittichoheatu

217 2931 357 2998 seductor,
378 2930 426 2985 ille
448 2948 513 2986 iero
537 2931 641 2985 dicitur
661 2931 789 3001 gentium
807 2932 937 2984 salvator.
955 2929 1018 2984 Sive
1059 2945 1159 2983 nornen
1173 2934 1239 2998 ejus,
1252 2930 1281 2983 id
1293 2936 1345 2995 est,
1356 2930 1472 2985 Christi.
1484 2933 1518 2985 Ει
1532 2949 1638 2988 nomen
1652 2939 1750 2990 Patris
1764 2935 1856 3004 quaid

219 3034 287 3089 ergo
302 3020 362 3085 hoc,
375 3021 432 3074 sire
446 3019 494 3074 illo
507 3021 600 3082 modo,
617 3020 674 3074 sive
689 3021 718 3073 in
731 3021 838 3085 Graeca,
852 3019 909 3072 sive
923 3019 952 3072 in
968 3020 1019 3072 La·
1059 3016 1170 3082 εει,Βεί
1182 3017 1428 3085 Patris,scriptam
1440 3020 1627 3086 irascentibus
1639 3027 1712 3077 setis.
1726 3024 1857 3095 Sion,quae

216 3107 287 3174 tina,
297 3108 355 3162 sire
367 3109 396 3162 in
407 3109 526 3162 Gothica
539 3109 637 3178 lingua
649 3109 693 3162 hic
704 3125 838 3162 numerus
850 3108 1015 3178 accipiatur,
1058 3104 1264 3175 interpretatur
1278 3106 1441 3176 speculatio,
1453 3107 1579 3161 Ecclesia
1589 3115 1644 3172 est,
1659 3128 1726 3181 quie
1740 3112 1809 3167 bona
1820 3113 1857 3166 iu·

217 3210 274 3248 non
287 3195 480 3264 incongruead
493 3196 658 3248 Antichristi
670 3212 817 3266 personam
828 3195 1017 3250 retertur.Sed
1057 3197 1122 3246 tura
1134 3194 1339 3248 incessabiliter
1349 3196 1565 3265 contemplatur,
1576 3202 1607 3251 et
1620 3214 1686 3268 quas
1698 3201 1784 3255 etiam
1793 3201 1856 3254 mala

217 3286 261 3336 est
274 3281 365 3334 adhuc
380 3281 455 3351 quod
467 3282 501 3335 de
516 3282 615 3335 codem
626 3299 742 3337 numero
758 3282 852 3337 subtili
867 3283 1017 3352 investiga·
1057 3280 1114 3335 sint
1128 3283 1252 3336 cavenda
1266 3283 1424 3337 denuntiat.
1441 3284 1521 3337 Mons
1545 3285 1616 3340 Sion
1637 3288 1713 3341 nihil
1732 3296 1775 3343 est
1790 3287 1854 3342 aliud

217 3368 293 3424 tione
312 3385 472 3439 pensemus,
489 3375 521 3422 ut
540 3369 622 3439 plura
643 3370 678 3423 dc
697 3387 730 3423 eo
750 3371 899 3424 offerentes
918 3370 1016 3424 lectori
1059 3370 1852 3443 quamipsaSion,idestEcclesia,deqnaPsalmistadicit:

215 3453 327 3526 plenius
337 3455 553 3510 satisfaciamus.
564 3455 679 3509 Dicatur
689 3472 755 3526 ergo
768 3475 773 3509 :
788 3457 930 3510 Numerus
940 3457 1016 3510 enim
1057 3459 1146 3512 lluter
1156 3460 1223 3514 Sion
1238 3461 1319 3527 dicet,
1332 3461 1411 3513 bomo
1421 3461 1504 3527 (Prot.
1520 3469 1643 3528 cxxxml,
1659 3472 1715 3519 etc.
1726 3483 1734 3533 3
1747 3472 1775 3519 et
1787 3466 1851 3529 alibi,

215 3544 342 3616 ejusdem
357 3545 576 3599 sexcentesimus
597 3545 787 3615 sexagesimus
806 3552 910 3599 sertus.
927 3546 1016 3600 Sena·
1058 3548 1852 3622 (luiconfidantiaboiiiinosieutmonsSionil’solcxxn).

215 3632 275 3689 rias
285 3633 388 3705 quippe
396 3649 531 3687 numerus
539 3635 614 3703 apud
625 3635 787 3688 saecularem
796 3634 941 3688 scientiam
953 3634 1015 3688 ideo
1056 3636 1153 3705 Agnus
1161 3640 1257 3690 autem
1263 3637 1391 3691 Christus
1399 3643 1452 3701 est,
1462 3637 1497 3691 de
1507 3654 1563 3708 quo
1571 3639 1587 3693 J
1589 3655 1701 3695 oannes
1711 3641 1790 3696 dicit:
1800 3643 1852 3696 Ecce

215 3721 355 3794 perfectus
372 3725 424 3784 est,
448 3722 515 3792 quia
535 3722 643 3792 primus
665 3722 694 3774 in
719 3721 845 3775 numeris
859 3723 1017 3792 completur
1056 3723 1851 3796 AqieusDetllooa.1).AquasstcbatsuprcmontemSiox,

215 3809 343 3882 partibus
353 3808 421 3874 suis,
432 3808 461 3862 id
476 3812 528 3874 est,
543 3814 621 3862 sexta
632 3809 676 3863 sui
692 3815 781 3879 parte,
795 3809 880 3863 tertia
894 3815 923 3863 ει
936 3810 1017 3864 dimi·
1058 3812 1124 3881 quia
1137 3811 1197 3882 ipse
1207 3811 1335 3866 Christus
1344 3813 1474 3884 praesidet
1488 3814 1621 3870 Ecclesiae
1629 3834 1702 3873 suae.
1714 3819 1801 3874 Sedin
1810 3819 1853 3872 hoc

215 3898 281 3952 dia:
294 3913 355 3968 quae
364 3902 430 3950 sunt
442 3912 540 3962 unum,
552 3903 580 3950 et
592 3896 658 3963 duo,
671 3901 699 3951 ot
710 3897 781 3950 tria:
795 3912 856 3968 quaa
867 3898 895 3950 in
905 3913 1018 3952 summa
1057 3898 1117 3953 loco
1128 3900 1224 3953 finitus
1236 3916 1371 3955 numerus
1381 3901 1497 3971 ponitur
1505 3919 1556 3973 pro
1566 3903 1696 3973 infinito,
1704 3906 1734 3960 id
1744 3912 1793 3973 est,
1799 3923 1852 3961 oen·

216 3984 312 4056 ducta,
320 4002 368 4041 sex
377 3985 493 4041 iaciunt.
503 3987 560 4039 Nec
570 3986 641 4040 alius
651 3993 717 4040 ante
727 3986 871 4041 senarium
882 4002 1017 4041 numerus
1056 3992 1119 4042 turn
1136 3988 1323 4058 quadraginta
1343 3992 1465 4059 quatuor
1484 3990 1576 4044 millia
1590 4009 1643 4063 pro
1663 3991 1851 4049 innumerabili

215 4074 364 4147 reperitur,
381 4073 430 4144 qui
441 4074 500 4127 suis
510 4073 637 4144 partibus
647 4075 714 4128 dum
729 4073 871 4140 dividitur,
884 4080 945 4128 tota
955 4075 1016 4143 ejus
1057 4076 1238 4130 multitudine
1253 4077 1416 4131 electorum.
1438 4076 1610 4148 Specialiter
1623 4097 1693 4135 vero
1708 4083 1753 4136 hic
1764 4096 1853 4137 nume·

215 4179 327 4218 summa
340 4163 524 4232 compleatur,
538 4162 643 4233 quique
657 4162 725 4216 dum
741 4178 758 4215 a
772 4168 850 4215 sexta
865 4162 909 4215 sui
923 4168 1015 4232 parte,
1056 4180 1105 4218 rus
1118 4181 1167 4218 eos
1181 4165 1320 4235 significat
1335 4166 1383 4236 qui
1396 4166 1517 4236 virgines
1527 4172 1597 4221 sunt
1611 4175 1642 4222 et
1653 4176 1752 4225 mente
1765 4177 1853 4225 etcor-

213 4250 243 4306 id
258 4257 309 4314 cst,
325 4250 361 4304 ab
376 4267 432 4304 uno
444 4251 473 4304 in
488 4250 645 4316 denarium,
661 4250 776 4303 atertia
790 4256 885 4304 autem
899 4250 929 4304 in
942 4250 1014 4304 vice·
1056 4268 1142 4323 pore:
1158 4252 1225 4323 quia
1234 4254 1316 4307 multi
1330 4259 1396 4308 sunt
1415 4252 1537 4324 virgines
1553 4272 1686 4327 corpore,
1698 4275 1755 4313 non
1767 4265 1852 4313 amen

214 4339 326 4392 narium
341 4337 442 4406 surgit,
464 4336 544 4407 quasi
559 4336 727 4407 quadratum
742 4337 891 4391 denarium
905 4338 1009 4394 reddit.
1022 4329 1159 4395 Dmente.
1172 4343 1244 4395 Nam
1258 4348 1287 4396 et
1301 4341 1362 4413 ipsa
1375 4343 1469 4410 verba,
1482 4344 1586 4415 quibus
1601 4346 1740 4402 dicuntur
1750 4355 1852 4402 centum

214 4426 270 4480 Sed
284 4431 317 4479 ut
330 4424 476 4491 solidetur,
493 4440 606 4477 rursum
625 4441 641 4478 a
660 4431 739 4478 sexta
751 4425 795 4479 sui
812 4432 892 4496 parte
907 4442 968 4497 quae
984 4426 1014 4481 in
1055 4430 1243 4501 quadraginta
1257 4438 1380 4501 quatuor
1394 4432 1483 4486 millia
1501 4449 1566 4487 cum
1582 4435 1707 4491 Domino
1718 4437 1786 4502 visa
1803 4452 1852 4490 nen

213 4514 361 4570 denarium
371 4512 471 4583 surgit,
481 4511 516 4565 ad
527 4513 719 4567 centenarium
732 4516 869 4585 pervenit,
880 4516 974 4586 sicque
983 4515 1013 4570 iu
1054 4524 1151 4573 carent
1178 4519 1322 4589 mysterio.
1353 4519 1538 4575 Centenarius
1563 4522 1643 4576 enim
1671 4540 1805 4579 numerus
1825 4523 1851 4577 in

212 4605 272 4661 suis
285 4604 413 4676 partibus
428 4602 638 4674 multiplicatus,
656 4608 800 4658 sexcentos
820 4609 1008 4664 consummat.
1054 4606 1148 4661 divina
1174 4607 1320 4677 Scriptura
1349 4624 1422 4678 saepe
1436 4608 1578 4679 perfectus
1592 4612 1766 4678 ostenditur,
1786 4610 1850 4666 unde

212 4695 267 4751 Sed
281 4693 349 4765 quia
361 4697 462 4747 cuncta
475 4692 533 4746 haec
547 4707 599 4762 per
612 4707 698 4746 sacrae
710 4692 1011 4762 Scripturae'celsitudi·
1053 4700 1096 4747 cst
1112 4713 1119 4747 ε
1139 4695 1227 4749 Terra
1251 4694 1324 4749 bona
1350 4695 1416 4750 tecit
1442 4698 1564 4752 fructum
1592 4701 1776 4771 centuplum,
1786 4698 1850 4771 quod

211 4797 277 4838 nem
292 4780 463 4853 proficiendo
478 4780 712 4845 transcendimus,
729 4779 767 4834 ibi
793 4780 947 4847 senarium,
972 4779 1011 4836 ibi
1052 4783 1159 4837 scilicet
1190 4783 1225 4837 ad
1251 4783 1417 4853 virginalem
1448 4784 1591 4855 pertinere
1624 4788 1766 4858 probatur
1793 4804 1848 4859 per·

211 4868 435 4940 sexagenarium,
448 4868 489 4922 ihi
502 4868 704 4934 centenarium,
718 4868 794 4922 unde
806 4868 947 4939 perfectus
960 4885 1011 4923 nu·
1051 4870 1212 4925 lectionem.
1228 4871 1403 4944 Rursusque,
1426 4873 1517 4927 llomo
1536 4874 1657 4944 qnidam
1682 4877 1783 4932 habuit
1798 4891 1850 4930 cerr

211 4971 308 5015 merus
328 4957 374 5024 sit,
398 4956 566 5011 invenimus.
581 4957 614 5011 ln
630 4957 777 5027 Scriptura
801 4958 904 5012 etenim
930 4974 1011 5012 sacra
1050 4965 1112 5015 tum
1127 4974 1201 5014 ores.
1218 4960 1279 5023 Quo
1292 4960 1322 5015 in
1336 4960 1397 5016 loco
1410 4977 1523 5015 summa
1536 4963 1710 5033 angelorum
1724 4971 1753 5021 et
1767 4965 1847 5020 homi·

210 5061 345 5101 numerus
355 5045 483 5101 serrarius
497 5045 560 5099 ideo
572 5044 711 5116 perfectus
721 5051 773 5112 est,
788 5045 854 5116 quia
866 5046 896 5100 in
911 5047 1009 5101 mundi
1049 5064 1118 5103 num
1133 5048 1311 5119 intelligitur,
1336 5055 1448 5104 centum
1470 5050 1575 5122 quippe
1594 5069 1663 5108 oves
1676 5054 1754 5110 Deus
1768 5053 1848 5108 omni·

209 5133 317 5205 origine
328 5134 474 5200 Dominus,
486 5150 592 5204 eaquae
604 5134 694 5204 primo
709 5134 754 5188 die
769 5135 864 5205 coepit,
874 5142 952 5189 sexto
962 5136 1007 5190 die
1049 5142 1150 5207 potens
1165 5137 1273 5200 hahuit,
1292 5138 1359 5208 quia
1380 5139 1546 5209 angelorum
1561 5146 1592 5194 et
1612 5141 1763 5197 homiuum
1777 5147 1849 5196 natu·

209 5221 455 5294 operecomplevit,
463 5238 526 5275 cum
536 5223 688 5288 herbinam,
695 5229 897 5294 propterquam
908 5232 1008 5280 cuncta
1049 5242 1112 5279 rain
1126 5225 1162 5279 ad
1177 5242 1207 5280 se
1223 5226 1373 5281 videndum
1392 5227 1507 5296 crearit,
1523 5235 1553 5282 et
1574 5229 1692 5298 iterum,
1718 5234 1774 5299 Qui
1796 5232 1849 5284 reli·

207 5318 360 5377 creaverat,
372 5312 407 5365 ad
417 5311 570 5380 imaginem
580 5328 660 5365 suam
671 5312 745 5365 iecit.
760 5313 897 5367 Denarius
909 5330 1005 5369 nume·
1046 5317 1137 5384 querit
1152 5316 1267 5368 doraum
1285 5321 1309 5369 et
1325 5319 1437 5383 fratres,
1454 5322 1616 5389 etc.,usque
1631 5320 1798 5390 Oentaptam
1810 5334 1847 5372 ec-

206 5417 256 5458 rus
267 5399 297 5454 in
312 5416 345 5453 eo
359 5397 497 5469 perlectus
512 5405 564 5464 est,
576 5399 641 5468 quia
654 5399 699 5453 lex
713 5399 849 5455 indecem
859 5402 1004 5473 praeceptis
1046 5401 1140 5471 cipiet,
1154 5408 1178 5457 et
1193 5407 1279 5457 vitam
1297 5410 1429 5459 eternam
1438 5407 1597 5474 possidebit.
1609 5407 1845 5479 Quadragenarius

205 5484 392 5557 concluditur,
404 5483 551 5558 omnisque
561 5485 643 5557 culpa
653 5501 708 5542 non
723 5489 844 5560 amplius
858 5506 942 5562 quam
954 5507 1006 5563 per
1047 5506 1158 5563 quoque
1171 5508 1308 5549 numerus
1323 5493 1354 5549 in
1365 5493 1503 5566 mysterio
1516 5501 1563 5551 est
1573 5511 1768 5563 consecratus,
1782 5496 1844 5573 unde
