3818 6104
133 234 187 295 tit
343 240 536 300 HAYMONIS
553 244 801 304 HALBERSTAT.
821 244 932 302 EPISC.
955 245 1035 303 OPP.
1055 243 1148 302 PARS
1166 245 1189 301 1.
1211 275 1244 288 -
1262 241 1452 303 commta.
1472 238 1567 299 BIBL.
1723 234 1732 292 l

132 360 297 419 hisduobus
312 366 461 428 mandatis,
476 373 536 424 tota
552 370 596 425 lex
614 371 719 442 pendet
733 375 761 424 et
775 369 928 441 propheta.
938 369 1182 440 AChristum,qui
1192 368 1296 423 idcirco
1312 367 1384 439 lapis
1397 363 1559 422 offensionis
1568 363 1732 429 cautuae

133 451 185 506 Vel
202 452 315 508 verbum
337 454 493 511 breviatum
519 465 612 529 potest
637 459 759 527 intelligi
775 457 933 529 symbolum
975 475 1037 514 inor
1050 462 1081 514 ut
1095 464 1242 519 natusest,
1257 456 1437 511 offenderunt
1459 455 1488 508 iu
1509 467 1575 506 eum
1603 447 1731 504 Herodes

135 542 325 611 apostolarum
339 543 386 597 ubi
404 545 473 598 tides
487 547 655 611 continetur,
668 563 729 618 que
753 563 804 618 per
824 546 934 601 diversa
973 547 1073 614 Judaei,
1087 552 1218 601 necantes
1228 561 1278 616 pro
1293 560 1325 598 eo
1340 543 1472 615 parvulas
1486 540 1594 607 (liatth.
1608 542 1665 595 xrvl
1682 535 1732 591 :dt

135 630 279 691 volumina
294 632 471 702 praedicatur,
496 651 546 688 seu
573 641 695 706 quatuor
713 634 776 688 libri
791 635 934 706 Evangelii
974 634 1009 688 de
1025 635 1106 699 (sicut
1135 634 1316 704 Evangelium
1340 637 1447 691 narrati
1467 624 1732 684 scandalizabantur

134 720 344 788 comparatione
359 720 428 790 legis
443 728 472 775 et
485 724 697 794 prophetarum.
722 723 847 778 Verbum
868 724 933 778 bre·
974 740 1008 779 eo
1024 742 1030 777 :
1046 730 1075 778 et
1093 723 1176 778 multi
1190 722 1400 793 discipulorum,
1413 721 1474 789 ejus
1488 717 1639 772 audientes
1649 711 1732 767 verbu

132 804 239 859 viatum
255 812 346 877 potest
358 807 413 861 dici
429 815 458 862 et
468 810 665 880 perfectionem
683 812 837 868 continens.
974 811 1153 867 scandalizati
1167 818 1243 877 sant,
1254 812 1350 881 etjam
1364 825 1421 863 non
1435 804 1623 862 ambulabant
1638 800 1731 856 cumil

170 894 203 946 Et
218 896 289 949 sisset
302 898 431 963 praedicit
458 900 547 953 isaias
561 918 569 952 :
587 901 648 954 Nisi
669 901 803 954 Darninus
821 901 930 955 sabaoth
975 907 1003 955 et
1014 901 1169 972 insuperin
1183 900 1314 971 passione
1327 900 1389 969 ejus
1404 896 1532 966 discipuli
1546 892 1691 948 relictoeo
1701 888 1731 945 fu

135 983 289 1048 reliquisset
303 985 380 1037 uobis
394 1001 496 1047 semen,
511 988 645 1057 apostolis
660 988 774 1052 scilicet,
789 989 837 1060 qui
851 990 931 1043 senti·
974 996 1042 1044 runt
1054 990 1163 1058 (llalth.
1181 989 1259 1058 xxm)
1273 1007 1280 1041 ε
1292 991 1383 1042 amuis
1397 988 1447 1056 qui
1458 985 1546 1039 credit
1560 986 1592 1036 in
1604 996 1680 1045 essen,
1691 978 1720 1033 id

134 1069 195 1122 nati
205 1078 271 1123 sunt
281 1087 332 1142 per
345 1072 506 1128 universum
523 1076 630 1137 orbern,
645 1076 889 1143 missiaChvisto,
904 1084 933 1131 et
973 1079 1001 1133 in
1017 1079 1171 1144 Christum,
1188 1077 1333 1149 quiunius
1348 1074 1476 1130 essentiae
1487 1079 1531 1126 est
1553 1086 1619 1125 curn
1646 1069 1731 1122 Patre

44 1186 48 1197 ·
132 1157 254 1212 fructum
283 1160 542 1231 multiplicaverunt
562 1163 737 1218 credentium
763 1164 933 1229 animarum,
977 1166 1080 1237 Spiritu
1093 1171 1200 1229 sancto,
1215 1170 1244 1219 et
1267 1168 1405 1236 praecepta
1432 1161 1507 1216 illius
1525 1156 1731 1225 custodierit,r

132 1248 216 1313 quasi
228 1245 345 1301 Sodoma
369 1249 519 1315 fecissemus
534 1255 560 1304 et
574 1254 655 1319 quasi
667 1252 819 1307 Gomorrha
831 1255 936 1306 sinaites
976 1256 1172 1322 earssuudetur,
1188 1254 1216 1308 id
1226 1259 1335 1308 estnon
1346 1251 1491 1306 erubescet
1514 1248 1544 1302 in
1557 1245 1704 1301 sententia
1719 1261 1731 1315 a

133 1333 203 1399 sacti
214 1335 418 1389 essemus.'Nisi
432 1338 552 1408 apostoli
580 1338 627 1410 qui
652 1340 821 1394 exstiterunt
838 1356 934 1395 semen
975 1341 1185 1397 damnabuntur
1197 1341 1310 1413 reprobi
1321 1346 1350 1395 et
1359 1336 1649 1402 infideles,audientes
1659 1331 1731 1387 abili

131 1421 221 1474 totius
243 1422 343 1476 messis
361 1423 545 1488 credentium,
566 1427 697 1482 seminati
712 1445 729 1482 a
747 1429 865 1482 Domino
884 1445 935 1500 per
976 1434 1023 1495 Ite,
1040 1432 1190 1495 maledieti,
1203 1434 1235 1485 in
1249 1434 1342 1498 ignem
1354 1433 1499 1489 arternum,
1521 1425 1570 1479 sed
1591 1422 1686 1494 potius
1697 1420 1731 1476 ln

135 1507 296 1562 universum
308 1509 607 1575 arbem,credidissent
623 1515 651 1569 in
661 1516 750 1582 illum,
762 1517 836 1571 sicut
849 1517 934 1572 Sodo-
975 1520 1060 1583 bitur,
1079 1520 1197 1574 audiens
1215 1518 1314 1573 abillo
1333 1533 1396 1571 aum
1411 1514 1507 1570 electis
1530 1512 1657 1568 cartem:
1676 1511 1731 1568 Vm

135 1595 211 1650 mitae
226 1602 255 1651 et
268 1597 455 1655 Gomorrithae
473 1618 530 1657 uno
551 1605 695 1674 perierunt
706 1605 821 1659 interitu
837 1610 865 1659 et
876 1621 935 1659 mo·
975 1611 1108 1664 benedieti
1117 1608 1422 1676 Patrismei,¹percipite
1431 1619 1549 1672 reprcunt
1560 1602 1634 1671 quad
1644 1600 1717 1653 nobb

135 1690 233 1738 mento
247 1686 318 1745 tGen.
333 1694 401 1755 ειν),
416 1690 455 1743 ita
466 1707 563 1745 ornnes
574 1693 663 1747 ludaei
678 1709 734 1748 uno
748 1700 875 1764 ternpore
889 1694 933 1747 in·
943 1687 965 1745 B
975 1702 1114 1753 ratumest
1124 1699 1159 1750 ab
1170 1699 1277 1764 origine
1287 1696 1389 1749 usundi
1399 1694 1589 1758 (baltasar).
1600 1690 1635 1744 Et
1649 1686 1730 1758 quia-

135 1770 279 1827 fidelitatis
306 1781 419 1845 peccato
442 1779 543 1849 perditi
575 1781 700 1835 fuissent·
733 1782 931 1852 Apostolorum
973 1791 1048 1841 terat
1059 1785 1161 1855 aliquis
1175 1784 1296 1855 abjicere
1314 1782 1447 1854 Apostolo
1468 1795 1557 1851 quare
1581 1790 1730 1835 narraras

135 1859 209 1913 enim
218 1860 351 1918 doctrinae
364 1865 444 1919 multi
452 1870 629 1937 postmodum
645 1870 826 1925 crediderunt
835 1887 868 1925 ex
882 1871 932 1924 Ju-
973 1874 1126 1929 incredulis
1139 1880 1194 1928 ture
1202 1873 1305 1944 gentis,
1314 1872 1354 1924 vel
1366 1871 1452 1925 etiam
1467 1884 1503 1923 ne
1516 1866 1696 1939 superbirent
1715 1886 1730 1942 ι

134 1947 203 2002 deis
214 1951 261 2020 qui
271 1952 419 2021 perissent,
430 1956 484 2009 nisi
500 1958 683 2028 apostolicum
699 1976 795 2014 semen
815 1959 933 2013 mansis·
973 1963 1038 2017 tiles
1052 1960 1396 2034 etdespicsrentludaeos,
1410 1957 1505 2012 subdit
1517 1954 1679 2027 Apostolus.

133 2042 186 2092 set.
202 2039 292 2093 Aliter
301 2041 465 2098 Ambrosius
479 2045 533 2100 hoc
545 2063 640 2101 semen
653 2048 930 2118 intelligitChristum
1361 2087 1364 2091 ι

135 2126 183 2196 qui
195 2126 249 2180 nisi
263 2142 281 2180 a
294 2128 377 2183 Patre
403 2138 530 2186 servatus
552 2134 652 2188 fuisset
666 2135 804 2205 perissent
830 2134 929 2202 Judaei,
1292 2101 1412 2158 CAPUT
1423 2101 1458 2156 x·

133 2215 273 2286 perissent
282 2219 401 2288 apostoli
417 2221 464 2291 qui
475 2221 573 2276 relicta
588 2239 621 2277 aa
642 2223 784 2294 fugerunt,
808 2225 930 2296 perissa·
1008 2231 1128 2295 Fratres,
1139 2229 1187 2300 qui
1199 2244 1308 2282 mecum
1320 2226 1349 2281 in
1360 2223 1633 2281 Christumcreditis.
1645 2223 1730 2276 uoluat

133 2320 197 2359 mus
212 2311 312 2361 cinos.
780 2376 787 2394 Ι
973 2319 1084 2386 quidem
1107 2318 1275 2376 eordismei,
1292 2321 1317 2369 et
1331 2316 1478 2368 obsecratio
1499 2313 1536 2365 ad
1563 2311 1730 2378 Deum,ttpt

169 2393 242 2460 Quid
251 2398 757 2470 ergodicemus?Hocdicemas,‹1uod
774 2407 933 2473 gentesque
976 2410 1036 2461 illis
1046 2407 1213 2466 insolitum,
1225 2401 1497 2476 protudaeisscilicet
1509 2398 1730 2461 increduiis,utu

133 2486 602 2560 eronsectabanturjustitram,legis
610 2490 849 2545 circumcisionem
857 2491 934 2547 vide·
977 2500 1091 2549 ventur:
1106 2493 1152 2548 ubi
1163 2494 1348 2556 demonstrat,
1357 2491 1490 2561 quoniam
1508 2488 1531 2543 si
1540 2505 1574 2542 ex
1587 2483 1730 2558 operibusb

134 2571 209 2637 licat,
226 2573 314 2628 otium
330 2574 448 2641 sabbati,
465 2577 592 2632 victimas
611 2579 727 2649 legales,
749 2581 935 2649 apprehende·
976 2584 1020 2654 gis
1036 2583 1098 2654 quis
1109 2580 1413 2655 patuissetjustiiicari‚
1430 2584 1458 2632 et
1477 2594 1528 2649 pro
1552 2576 1609 2631 illis
1622 2579 1729 2629 mereret

133 2668 201 2715 rum
211 2665 367 2729 justitiam,
378 2665 443 2719 tidei
451 2665 622 2737 Evangelicae
634 2686 640 2734 ;
656 2668 844 2723 undesubdit:
851 2672 936 2737 jusu·-
977 2672 1011 2728 ad
1021 2672 1105 2726 sidem
1117 2671 1220 2726 Christi
1239 2669 1394 2740 pervenire,
1410 2684 1508 2723 ornnes
1522 2665 1564 2720 illi
1580 2663 1668 2719 vocati
1680 2676 1729 2717 eur

135 2753 205 2804 tiam
219 2757 322 2815 autern,
339 2752 401 2807 dico
411 2756 631 2825 apprehendisse
643 2763 752 2828 gentes,
767 2774 826 2827 qus
836 2774 871 2812 ea
884 2759 935 2826 hele
976 2768 1005 2816 et
1018 2761 1130 2826 salvati,
1143 2759 1265 2831 gentiles
1279 2764 1375 2813 autem
1388 2756 1436 2828 qui
1450 2757 1541 2826 legem
1565 2751 1729 2824 ignorabant

134 2844 189 2901 est,·
206 2839 272 2910 quia
288 2841 357 2895 tides
371 2842 473 2897 Christi
486 2845 623 2929 justificat
647 2846 810 2901 credentes:
823 2846 890 2900 dum
906 2846 934 2899 in
975 2850 1065 2905 salute
1077 2849 1196 2904 fuissent
1214 2848 1308 2902 alieni.
1325 2847 1407 2902 Salus
1421 2860 1488 2915 ergo
1506 2842 1596 2914 gratis
1617 2836 1728 2896 abead

134 2943 168 2982 es
183 2927 370 2999 baptizantur,
387 2938 413 2986 et
428 2931 658 3003 imatusjustitiae
672 2951 704 2989 ac
728 2935 793 2989 fidei
818 2950 935 3006 operan·
975 2945 1030 2994 tur.
1044 2943 1072 2992 et
1087 2955 1143 2992 non
1158 2937 1193 2990 ab
1206 2937 1319 2991 homine
1336 2940 1470 3000 meretur,
1484 2932 1510 2986 id
1526 2935 1571 2985 est
1579 2931 1650 2985 tides
1671 2926 1729 2983 Cliti

135 3020 192 3076 tur,
204 3016 246 3069 vel
257 3023 341 3083 certe,
348 3019 500 3088 justitiam,
511 3037 659 3090 possumus
671 3023 716 3076 hia
724 3023 779 3076 alio
793 3022 876 3077 modo
889 3023 934 3076 in·
944 3002 966 3061 C
976 3044 1032 3098 qua
1044 3028 1194 3081 salvamur.

135 3104 262 3175 telligere
280 3106 433 3174 Christum,
450 3109 497 3180 qui
513 3109 602 3164 iactus
618 3117 661 3165 est
674 3111 755 3165 nobis
775 3111 887 3181 justitia
906 3116 935 3165 et
1010 3108 1729 3182 Testtmoniamenimperhiheaillis,quodaemalatiaa·

134 3194 291 3266 redemptio
317 3213 334 3250 a
357 3197 415 3251 Dea
440 3197 534 3263 Patre,
552 3198 626 3253 sicut
639 3200 791 3270 Apostolus
805 3199 875 3253 alias
894 3200 935 3253 ait
975 3207 1086 3273 quidem
1097 3205 1155 3265 Dei,
1173 3202 1201 3256 id
1211 3207 1254 3256 est
1264 3202 1353 3256 zelum
1362 3198 1532 3264 amarisDei,
1543 3198 1653 3262 habeat,
1661 3194 1729 3249 sieut

136 3283 241 3351 (aphes.
259 3289 286 3349 tl,
316 3284 380 3355 quia
400 3302 450 3356 Per
468 3286 548 3340 illum
573 3287 711 3357 justificat
743 3289 817 3342 Deus
849 3288 935 3341 Pater
975 3310 1041 3363 ergo
1053 3299 1119 3347 ante
1129 3291 1336 3346 conversionem
1347 3288 1550 3343 habebamsed
1559 3302 1617 3339 eron
1626 3282 1729 3338 secundi

135 3374 314 3445 omnipotens
327 3392 424 3430 onrncs
439 3377 467 3430 in
484 3394 513 3431 se
528 3378 682 3432 credentes.
706 3379 784 3431 Hanc
793 3378 932 3447 justitiam
974 3386 1119 3436 seientiam
1133 3381 1189 3434 uei.
1206 3380 1329 3434 Stultum
1345 3384 1389 3431 est
1403 3377 1478 3431 enim
1494 3377 1584 3446 legem
1605 3384 1729 3444 persern

135 3463 384 3532 apprehenderunt
392 3472 500 3535 gentes,
510 3483 565 3520 non
573 3468 632 3521 loca
640 3467 664 3519 ei
671 3467 931 3538 appropinquando,
974 3470 1069 3525 datam
1087 3468 1222 3533 venerari,
1234 3475 1263 3522 et
1277 3466 1457 3536 Evangelium
1469 3464 1543 3535 quod
1557 3463 1656 3516 datum
1669 3464 1729 3530 eat}

135 3551 184 3605 sed
200 3552 254 3606 tide
272 3554 421 3620 credendo,
437 3555 569 3625 quoniam
581 3554 635 3609 side
650 3555 838 3611 accediturad
851 3571 931 3621 eam;
974 3559 1125 3613 Dominum
1137 3556 1278 3629 persequi.
1286 3555 1410 3611 Stultum
1426 3559 1469 3607 est
1483 3551 1567 3607 etiam
1581 3552 1696 3604 Patrem
1705 3564 1728 3603 at

136 3640 211 3695 unde
224 3648 253 3695 et
268 3643 427 3712 appellatur
436 3643 548 3712 justitia
563 3660 594 3698 cx
610 3645 674 3698 nde.
975 3647 1058 3711 sileri,
1079 3653 1108 3700 et
1132 3646 1234 3701 Filium
1263 3661 1377 3715 negare.
1404 3642 1437 3697 In
1453 3642 1505 3696 hoc
1531 3639 1670 3711 siquidem
1684 3636 1728 3693 Jut'

171 3731 259 3784 lsrael
273 3745 335 3783 cera
345 3733 470 3784 sectando
482 3735 565 3799 tepent
575 3736 701 3802 justitia,
725 3733 753 3787 id
768 3738 821 3797 est,
836 3733 933 3788 obser·
975 3735 1121 3790 scientiam
1138 3735 1187 3789 Dei
1200 3750 1256 3788 nan
1271 3732 1422 3795 habebant,
1439 3731 1506 3802 quia
1518 3728 1558 3782 ita
1579 3727 1728 3783 volebantt

134 3816 257 3870 vantium
268 3817 386 3888 legalem
403 3835 452 3890 per
466 3837 550 3891 quam
566 3838 596 3876 se
609 3823 757 3892 justificari
765 3838 845 3893 posse
853 3827 933 3894 puta·
976 3824 1084 3878 haerere
1100 3823 1155 3894 legi
1166 3839 1216 3894 per
1226 3822 1425 3882 servumdatae,
1437 3826 1470 3874 ut
1478 3818 1599 3889 gratiam
1609 3830 1728 3887 respuen

135 3905 252 3961 batsine
271 3907 326 3962 srde
341 3908 454 3975 Christi,
462 3913 493 3964 in
510 3913 592 3979 legem
602 3915 729 3980 justitie,
745 3912 773 3966 id
789 3910 876 3965 estin
891 3911 931 3964 le·
974 3912 1116 3982 Evangelii
1132 3928 1150 3965 a
1161 3910 1280 3965 Domino
1292 3910 1397 3971 datam,
1408 3914 1436 3962 ct
1450 3906 1645 3979 persequendo
1660 3902 1728 3958 Filiu

135 4012 200 4066 gem
209 3996 351 4067 Evangelii
362 3998 408 4052 ubi
416 3999 679 4069 justificaturhomo
688 4018 738 4072 per
756 4000 839 4054 iidem
850 3998 932 4054 Cirri-
973 4001 1032 4055 Deo
1044 3999 1122 4054 Patri
1135 4016 1165 4053 se
1178 3999 1287 4070 placere
1299 4004 1440 4068 putarent.
1453 3997 1511 4050 lloc
1521 3999 1616 4048 autern
1629 3992 1728 4047 dieitur

132 4085 180 4151 sti,
197 4102 252 4140 uon
264 4092 398 4153 pervenit.
413 4088 514 4158 Legem
530 4097 624 4143 autem
633 4090 749 4158 iustitiae
765 4106 820 4143 non
830 4089 931 4143 imme·
974 4090 1092 4160 illisqui
1108 4087 1266 4159 ignorantia
1293 4085 1473 4152 tenebantur,
1487 4083 1521 4137 de
1546 4082 1649 4153 quibus
1662 4079 1728 4135 Veri

134 4174 189 4226 rito
216 4173 335 4228 dicimus
358 4174 561 4229 observantiam
576 4177 723 4246 designare
746 4178 816 4247 legia
831 4178 930 4248 Moysi,
973 4179 1028 4232 ait:
1044 4179 1119 4232 Venit
1129 4180 1197 4230 hara
1208 4176 1337 4229 actamnis
1348 4178 1398 4242 qui
1405 4175 1536 4240 interficit
1548 4188 1604 4236 aas,
1616 4173 1728 4224 arbitret

136 4260 203 4330 quia
215 4261 263 4329 qui
278 4277 329 4313 suo
348 4265 473 4330 tempore
488 4279 549 4315 earn
565 4264 759 4318 custodiebant
766 4265 836 4334 justi
849 4271 931 4335 puta-
973 4284 1000 4320 se
1010 4268 1168 4335 obsequium
1174 4270 1305 4333 prestare
1317 4266 1368 4317 ileo
1377 4265 1465 4331 (ioan.
1477 4267 1543 4332 xvi).
1557 4258 1605 4314 Sic
1624 4264 1654 4313 et
1672 4258 1728 4313 eea

134 4347 238 4402 bantur
254 4366 259 4399 :
276 4348 349 4401 sicut
364 4354 393 4402 et
407 4365 422 4402 e
435 4355 533 4404 contra
542 4367 598 4404 non
608 4352 796 4406 custodientes
803 4353 878 4407 velut
891 4354 932 4407 iu·
973 4353 1327 4424 ait:Sciatinquitlffratres,
1338 4354 1405 4419 quia
1413 4366 1464 4418 per
1472 4351 1664 4417 ignorantiam
1670 4347 1727 4415 feet

130 4436 200 4506 justi
212 4437 428 4492 damnabantur.
973 4444 1078 4497 malum
1090 4443 1142 4495 hoc
1157 4444 1226 4505 thet.
1242 4443 1294 4510 111).
1319 4440 1391 4493 Dum
1411 4439 1485 4492 enirn
1514 4437 1596 4492 multi
1610 4436 1727 4491 tudem

171 4527 282 4594 Quare?
295 4526 499 4581 Subaudisnan
511 4527 727 4598 pervenitlsrsel
739 4529 766 4583 in
783 4530 873 4600 legem
886 4532 931 4601 ju·
972 4530 1113 4602 apostolos
1128 4529 1231 4584 Christi
1247 4534 1492 4599 persequerentur,
1508 4524 1719 4579 arbitrabantur

134 4616 228 4683 stitia,
239 4619 372 4685 quianon
382 4623 418 4671 est
429 4633 462 4671 ea
474 4618 524 4671 aaa
538 4617 640 4671 Christi
655 4618 740 4673 voluit
754 4619 865 4685 salvari,
886 4621 931 4673 sed
971 4637 1022 4692 per
1034 4621 1085 4673 lroc
1096 4619 1204 4689 placere
1220 4618 1287 4673 Deo.
1298 4618 1336 4671 At
1349 4623 1448 4669 contra
1462 4615 1543 4669 multi
1558 4614 1679 4668 scientes
1687 4626 1727 4667 ne

132 4709 213 4777 quasi
222 4723 255 4761 ea
264 4709 390 4776 ammiates
399 4707 468 4777 legis
479 4726 487 4760 .·
497 4708 668 4773 offenderunt
683 4710 758 4761 enim
770 4710 801 4761 in
812 4709 931 4776 lapidem
973 4715 1072 4763 verunt
1085 4707 1239 4772 Christum,
1254 4706 1327 4759 sicut
1339 4704 1440 4759 Scribae
1456 4710 1485 4757 ct
1495 4702 1640 4758 Pharisaei.

134 4796 333 4863 offensantem
344 4802 386 4850 est
394 4797 424 4852 in
431 4797 575 4851 Christum
582 4796 710 4850 nolentes
720 4796 748 4851 in
759 4813 822 4850 eum
835 4796 932 4851 crede·
1010 4800 1169 4864 [perorantes
1183 4798 1258 4850 enim
1273 4796 1484 4862 deijustitiam,
1500 4809 1555 4846 non
1585 4791 1727 4863 quaipse,

133 4899 174 4948 re,
196 4884 246 4938 sed
273 4884 404 4941 dixerunt
419 4905 424 4939 :
442 4888 505 4941 Non
520 4887 650 4941 hebernus
662 4901 752 4952 regem
767 4889 824 4939 nisi
845 4887 931 4942 Cesa-
972 4891 1033 4941 stus
1043 4891 1086 4939 est
1097 4883 1296 4946 essentialiter,
1303 4882 1352 4935 sed
1362 4881 1507 4935 Christum
1523 4881 1604 4951 cujus
1619 4881 1675 4935 lide
1685 4880 1727 4951 ias

135 4986 213 5034 rem;
227 4975 354 5040 crucifige
378 4976 471 5042 (ioan.
487 4980 546 5044 xix)
572 4975 668 5029 istum.
698 4974 751 5038 Qui
775 4974 847 5044 lapis
861 4973 931 5029 benc
972 4975 1090 5028 ticamur
1099 4989 1162 5027 curn
1173 4971 1253 5024 bonis
1261 4968 1402 5041 operibus,
1412 4975 1435 5023 et
1444 4969 1586 5039 justitiam
1594 4968 1727 5023 sesamae!

135 5058 424 5130 appellatur,pr0pter
433 5064 594 5118 firmitatem
613 5063 687 5119 lidei.
701 5063 819 5118 Etsicut
833 5067 876 5117 est
890 5063 930 5117 la·
973 5067 1009 5115 tes
1023 5067 1151 5124 statuere,
1166 5062 1256 5130 legem
1278 5059 1392 5118 scilicet,
1408 5074 1559 5129 perquam
1581 5074 1613 5112 se
1635 5054 1727 5129 patah

135 5146 179 5218 pis
188 5146 288 5202 salutis
310 5154 337 5201 et
367 5149 537 5206 firmamenti
565 5153 619 5207 illis
647 5152 694 5224 qui
709 5152 889 5206 crediderunt
902 5153 930 5207 in
971 5147 1501 5220 possejustisrcan'sinegratiaChristi.
1519 5149 1727 5215 justitiellein

134 5251 211 5302 eum,
226 5235 265 5288 ita
279 5242 321 5288 est
332 5237 403 5306 lapis
417 5238 577 5293 otiensionis
589 5242 690 5311 hisqui
705 5258 769 5296 euin
782 5247 928 5311 respuunt.
971 5237 1317 5304 suntsrshjeete'.Nolentes
1346 5253 1375 5290 se
1396 5236 1517 5290 subdere
1545 5236 1611 5290 fidei
1626 5233 1726 5291 cuncti

168 5324 246 5378 Sicut
254 5326 387 5391 scripturn
398 5331 435 5378 est
445 5325 473 5378 in
489 5326 578 5381 lsaia:
594 5330 657 5382 Eece
681 5346 751 5397 prona
763 5334 793 5383 in
806 5330 873 5384 Sion
891 5332 930 5383 la·
971 5328 1120 5399 Evangelia
1131 5329 1202 5395 ejus.
1227 5325 1335 5379 Etenim
1364 5325 1430 5395 quia
1454 5324 1524 5394 legis
1542 5325 1676 5395 operibus
1688 5340 1727 5379 aa

131 5414 222 5483 pidem
238 5414 403 5477 assensionis,
418 5418 442 5464 ct
455 5419 563 5480 petram
578 5418 713 5471 scandali.
734 5418 813 5482 Quod
828 5419 869 5472 ita
887 5423 930 5471 est
971 5418 1090 5488 perfecte
1100 5413 1318 5485 justificabatur,
1328 5413 1404 5466 misit
1419 5413 1492 5467 Deus
1503 5413 1608 5467 Filium
1624 5426 1726 5482 suumt

132 5519 165 5558 ac
183 5502 207 5557 si
221 5501 344 5556 diceret:
359 5499 428 5555 Ecce
443 5501 553 5556 mittam
569 5502 599 5557 ia
613 5506 747 5575 populum
762 5506 928 5562 ludaeorum
970 5510 1106 5579 precepta
1109 5504 1237 5575 justitia,
1250 5518 1311 5572 quae
1317 5501 1468 5572 Evangelia
1476 5510 1614 5560 vocantur
1620 5503 1726 5559 nobist
