3840 6098
201 256 253 315 tlt
425 255 614 316 HAYMONIS
636 257 881 314 HALBERSTAT.
899 256 1010 314 EPlSC.
1030 260 1109 316 OPP.
1123 261 1215 318 PARS
1229 263 1252 319 1.
1269 294 1301 305 -
1317 263 1507 326 COMMENT.
1524 265 1620 326 BIBL,
1785 267 1840 327 2l8

202 386 382 452 concedente,
398 386 439 440 ita
460 384 606 452 duntaxat,
620 384 645 438 si
666 384 811 439 veritatem
826 383 951 455 diligatis
969 387 1030 445 etA
1040 387 1251 457 apprehendent
1265 388 1404 452 Ecclesia,
1415 389 1444 445 id
1454 396 1497 446 est
1508 391 1624 448 credent
1636 390 1839 450 incarnationis

202 491 310 547 pacem,
1040 477 1102 546 ejus
1112 477 1287 547 mysterium.
1298 478 1351 531 Per
1361 478 1511 546 fimbriam,
1522 497 1584 553 qua
1594 485 1637 536 est
1647 481 1764 537 minima
1774 499 1839 555 pars

239 581 254 618 s
270 565 335 619 Hac
347 564 417 618 dicit
429 564 566 619 Dominus
580 563 750 618 exercituum
764 583 770 616 ε
786 563 938 635 Usquequo
953 580 1000 616 rc·
1040 565 1134 627 vestis,
1152 565 1296 620 humilitas
1310 564 1513 623 incarnationis
1526 570 1587 640 ejus
1605 569 1744 625 innuitur.
1761 572 1839 627 Hanc

204 653 285 708 uiant
296 653 400 725 populi,
414 659 442 707 et
452 652 579 707 habitent
588 653 617 706 in
629 650 788 707 civimtibus
800 653 907 717 multis,
919 658 948 706 et
957 668 1002 706 va·
1041 653 1135 725 tetigit
1149 655 1250 708 mulier
1262 656 1463 718 hamorrousa,
1478 662 1507 711 ct
1519 663 1617 712 sanata
1631 663 1683 713 est.
1694 659 1777 735 liupo
1789 660 1841 715 ita·

204 743 275 797 dant
288 741 460 796 habitatores
470 757 544 797 unus
555 742 587 796 ad
602 742 721 795 alterum
736 741 860 795 «licentes
875 759 881 795 :
899 741 1001 796 Eamus
1043 758 1096 814 que
1105 743 1325 813 apprehendent,
1335 745 1480 815 cupientes
1491 747 1552 816 ejus
1559 746 1696 802 inhaerere
1706 748 1840 820 resumh.

206 837 236 886 et
249 832 432 903 deprecemur
444 829 543 884 taciem
559 829 681 894 Domini,
694 835 723 884 et
737 846 895 901 quaramus
908 829 1002 884 Domi·
1042 829 1147 886 Omnes
1162 848 1228 901 ergo
1243 833 1291 904 qui
1304 841 1455 889 censentur
1465 835 1579 890 nomine
1589 835 1761 903 Christiano,
1775 842 1804 891 et
1812 836 1842 893 in

205 936 275 975 num
287 919 467 974 exercituum.
482 941 493 967 ι
508 919 620 988 ieiunia
633 918 741 990 (inquit)
762 919 894 990 pradicta
908 917 1001 989 quarti
1042 936 1203 974 mensuram
1225 926 1266 984 tut
1285 921 1391 976 dictum
1412 928 1463 989 esti
1485 923 1535 978 viri
1555 923 1670 996 perfecti
1694 929 1842 993 venerunt,

207 1014 237 1064 et
245 994 336 1080 quinti
343 1007 448 1062 mensis
456 1014 599 1062 vertentur
607 1007 635 1061 in
643 1007 835 1061 solemnitates
842 1008 1000 1077 praeclarus,
1043 1008 1320 1079 comprehenduntur
1332 1008 1360 1062 in
1374 1009 1469 1064 decem
1481 1010 1653 1078 hominibus,
1664 1011 1733 1066 ethi
1745 1028 1846 1083 appre-

205 1099 235 1154 iu
249 1104 360 1152 tantum
374 1103 406 1152 ut
420 1096 546 1151 civitates
568 1095 586 1149 J
589 1097 683 1161 udam,
705 1111 766 1167 qua
788 1095 864 1168 prius
884 1095 1002 1151 deserta
1042 1095 1167 1151 hendent
1180 1096 1321 1150 fimbriam
1338 1097 1388 1150 viri
1402 1098 1501 1160 iudai,
1514 1098 1543 1152 id
1557 1103 1599 1153 est
1613 1099 1771 1155 imitatores
1786 1104 1845 1155 stu·

205 1188 330 1251 fuerant,
344 1185 526 1240 multitudine
538 1184 641 1239 ciuium
651 1184 821 1256 repleantur,
834 1192 862 1239 et
872 1200 929 1239 una
939 1184 1003 1239 ciri·
1043 1184 1111 1239 dent
1129 1201 1189 1239 esse
1204 1185 1309 1239 Christi
1324 1185 1462 1241 credendo
1481 1186 1602 1242 fideliter
1618 1187 1845 1244 incarnationem

204 1280 250 1331 tas
262 1279 362 1347 pergat
377 1274 413 1327 ad
427 1273 557 1336 alteram,
573 1278 601 1326 et
615 1288 645 1325 se
660 1279 758 1327 mutuo
771 1269 1001 1336 cohortabuntur,
1043 1272 1127 1328 illius.
1145 1274 1297 1329 Possumus
1320 1290 1431 1346 quoque
1451 1291 1502 1346 per
1521 1275 1660 1331 fimbriam
1679 1276 1733 1330 uiri
1751 1276 1840 1331 iudai

206 1364 273 1436 quia
289 1379 340 1433 per
353 1362 404 1416 hos
419 1360 598 1431 septuaginta
620 1376 708 1415 annos
723 1361 818 1415 nullus
831 1361 885 1414 suit
898 1360 946 1431 qui
959 1376 1003 1414 ve·
1042 1361 1161 1415 Paulum
1169 1362 1328 1432 apostolum
1337 1363 1496 1434 specialiter
1504 1363 1642 1434 accipere:
1651 1381 1717 1419 nam
1728 1363 1841 1419 fimbria

207 1450 326 1507 niretad
337 1449 474 1521 templum
482 1449 605 1512 Domini,
613 1465 646 1503 eo
657 1449 730 1520 quod
747 1448 795 1503 via
808 1449 874 1504 Sion
884 1449 913 1502 in
924 1449 1000 1503 luctu
1044 1449 1162 1504 minima
1172 1465 1236 1520 pars
1255 1456 1299 1504 est
1312 1451 1406 1517 vestis,
1428 1456 1457 1506 et
1476 1452 1536 1522 ipse
1549 1452 1584 1508 de
1598 1468 1629 1506 se
1647 1452 1716 1507 dicit
1730 1470 1737 1505 :
1756 1452 1841 1523 «Ego

206 1547 235 1594 et
260 1538 412 1594 solitudine
432 1542 535 1603 essent,
560 1553 634 1591 nunc
648 1553 715 1608 pace
729 1536 840 1591 reddita
852 1551 1003 1608 pergamus
1044 1553 1105 1592 sum
1120 1537 1253 1592 minimus
1266 1540 1467 1610 apostolorum,
1479 1540 1527 1612 qui
1540 1557 1596 1596 uon
1608 1556 1671 1595 sum
1685 1540 1788 1612 dignus
1797 1556 1842 1596 ro-
1884 1588 1889 1595 .

206 1628 393 1693 Hierusalem,
401 1630 433 1682 ut
442 1627 614 1682 celebremus
621 1627 893 1697 solemnitates,qua
901 1626 931 1679 in
942 1625 1004 1696 lege
1045 1625 1103 1679 cari
1116 1626 1268 1694 apostolus.
1287 1645 1300 1679 n
1321 1627 1445 1682 Fimbria
1457 1627 1553 1700 itaque
1568 1629 1620 1682 riri
1633 1630 1648 1683 J
1651 1629 1722 1684 udai
1736 1629 1842 1684 Paulus

207 1716 408 1790 pracipiuntur
421 1717 450 1769 in
465 1732 539 1770 anno
555 1715 626 1776 fieri,
643 1721 672 1770 et
685 1715 794 1771 dicente
808 1732 865 1770 una
880 1714 1002 1780 civitate,
1012 1694 1036 1756 Β
1045 1719 1088 1769 est
1099 1714 1242 1785 apostolus
1257 1714 1367 1770 Domini
1381 1717 1479 1771 nostri.
1492 1716 1571 1772 Hanc
1587 1716 1728 1772 fimbriam
1739 1733 1843 1789 appre-

207 1803 714 1877 rcspondebitalterazrlladametiam
721 1810 1001 1875 ego,uquotempore:
1044 1802 1172 1858 hendunt
1183 1803 1278 1858 decem
1293 1804 1430 1869 homines,
1445 1805 1473 1860 id
1487 1810 1540 1872 est,
1551 1805 1706 1860 doctrinam
1721 1805 1784 1876 eius
1797 1821 1842 1859 se·

244 1913 257 1946 s
281 1895 316 1948 Et
333 1892 446 1948 venient
465 1894 562 1965 populi
577 1893 659 1948 multi
672 1898 702 1947 et
714 1899 813 1965 gentes
829 1892 950 1948 robusta
968 1892 1004 1946 ad
1046 1900 1171 1963 quuntur
1189 1907 1286 1945 omnes
1301 1890 1331 1945 in
1346 1892 1489 1948 Christum
1504 1892 1659 1961 credentes,
1671 1894 1755 1965 juxta
1768 1892 1844 1965 quod

207 1982 390 2055 quarendum
400 1982 551 2037 Dominum
562 1983 733 2037 exercituum
743 1981 772 2036 iu
782 1981 1005 2047 Hierusalem,et
1044 1980 1103 2049 ipse
1116 1979 1185 2035 dicit
1200 1998 1206 2033 :
1225 1998 1238 2032 u
1255 1980 1415 2036 lmitatores
1428 1981 1483 2035 mei
1498 1986 1596 2037 estote.
1614 1998 1629 2034 s

207 2070 413 2142 deprecandam
426 2071 527 2125 faciem
539 2071 662 2137 Domini,
677 2077 730 2126 »et
740 2076 772 2125 ut
786 2070 944 2125 sacrificent
951 2069 1005 2124 Do·

207 2159 285 2213 mino
296 2160 365 2225 Deo,
385 2164 416 2214 et
434 2158 620 2229 deprecentur
632 2160 732 2214 faciem
746 2161 819 2230 ejus.
835 2158 889 2212 Sed
905 2157 1004 2211 altiore
1356 2122 1474 2178 CAPUT
1492 2123 1541 2179 IX'

207 2262 293 2302 seusu
303 2247 388 2303 iacies
401 2247 524 2315 Domini,
535 2248 622 2302 Filius
632 2253 675 2302 est
686 2249 737 2303 Dei
748 2248 848 2310 Patris,
861 2262 911 2318 per
924 2246 1003 2300 illum
1083 2264 1095 2296 r
1110 2246 1188 2302 Onus
1198 2245 1274 2301 verbi
1289 2247 1400 2302 Domini
1412 2248 1440 2302 in
1452 2255 1529 2303 terra
1538 2247 1669 2302 Hadrach
1677 2252 1707 2302 et
1717 2246 1846 2303 Damasci

208 2336 282 2392 enim
297 2336 378 2409 quasi
393 2353 443 2407 per
456 2336 555 2391 taciem
567 2337 651 2390 Pater
662 2335 738 2391 Deus
748 2336 922 2406 agnoscitur,
933 2334 1006 2389 sicut
1045 2335 1152 2405 requiei
1167 2336 1235 2404 ejus.
1246 2354 1258 2387 u
1271 2335 1339 2390 Hac
1353 2337 1498 2408 prophetia
1510 2337 1546 2391 dc
1560 2335 1766 2391 constructione
1779 2350 1846 2389 san·

207 2425 267 2496 ipse
277 2425 365 2479 Filius
374 2424 458 2480 dicit:
471 2444 484 2478 r
496 2424 670 2479 Manilestavi
681 2441 784 2479 nomen
794 2433 874 2479 tuum
886 2422 1006 2478 homini·
1046 2427 1098 2477 cta
1107 2423 1236 2477 Ecclesia
1251 2428 1302 2484 est,
1314 2440 1375 2495 qua
1384 2430 1443 2478 tam
1453 2440 1487 2478 ex
1496 2425 1511 2479 J
1514 2424 1601 2478 udaie
1610 2438 1694 2494 quam
1705 2439 1740 2477 ex
1751 2421 1846 2494 genti-

207 2513 270 2568 bus.
289 2534 300 2564 ι
317 2513 422 2568 Omnes
436 2529 503 2584 ergo
517 2513 690 2568 credentium
705 2513 800 2584 populi
815 2514 960 2568 confluunt
971 2511 1006 2566 ad
1046 2510 1099 2565 bus
1113 2517 1231 2566 constat.
1249 2513 1297 2566 Est
1308 2518 1403 2567 autem
1419 2512 1486 2566 ordo
1496 2511 1644 2567 verborum
1657 2530 1664 2565 :
1678 2511 1758 2567 Onus
1771 2510 1847 2565 cuim

209 2601 369 2662 Ecclesiam,
382 2608 411 2656 et
424 2601 462 2655 ibi
472 2602 659 2672 deprecantur
670 2602 771 2656 Filium
788 2602 848 2666 Dei,
864 2601 956 2655 laudis
971 2600 1008 2654 vi·
1047 2600 1157 2671 pondus
1168 2599 1242 2654 verbi
1257 2600 1378 2660 Domini,
1389 2600 1462 2656 acuti
1475 2606 1504 2654 et
1518 2601 1619 2665 mollis,
1631 2599 1705 2655 acuti
1719 2597 1849 2653 videlicet

210 2690 311 2744 ctimas
325 2691 382 2745 Deo
396 2690 553 2745 immolant.
1048 2694 1146 2743 contra
1155 2694 1325 2758 peccatores,
1337 2689 1428 2743 mollis
1438 2706 1505 2759 erga
1515 2690 1616 2759 justos.
1630 2687 1692 2742 Had
1703 2687 1780 2742 euim
1795 2687 1848 2741 llo·

164 2810 169 2818 ·
247 2798 260 2831 s
277 2779 342 2833 Hac
357 2779 426 2833 dicit
437 2780 570 2835 Dominus
583 2779 755 2833 exercituum
765 2778 795 2832 in
805 2776 904 2831 dicbus
913 2776 968 2830 illis
979 2776 1009 2830 in
1048 2776 1142 2831 braice
1152 2784 1275 2832 acutum.
1288 2777 1565 2843 rachmolledicitur‚
1578 2774 1849 2847 ergopoudusverbi

143 2862 147 2870 '
210 2866 312 2940 quibus
326 2867 538 2938 apprehendent
561 2867 656 2921 decem
681 2867 807 2921 homines
827 2883 860 2920 ex
880 2865 1010 2919 omnibus
1050 2865 1162 2920 Domini
1179 2865 1370 2933 pleccaton'bus
1383 2866 1591 2934 grauissimum,
1609 2865 1693 2919 molle
1704 2863 1801 2933 iustis.
1816 2863 1848 2918 In

211 2955 315 3025 linguis
328 2955 467 3024 gentium,
478 2962 508 3009 et
517 2955 729 3026 apprehendent
741 2954 880 3010 fimbriam
896 2952 946 3006 viri
958 2954 973 3008 J
976 2969 1009 3006 u·
1050 2960 1127 3008 terra
1134 2954 1273 3019 Hadrach,
1282 2954 1393 3008 Judaos
1401 2954 1601 3024 intelligamus:
1613 2969 1662 3024 per
1670 2953 1847 3017 Damascum,

211 3041 274 3105 dai,
291 3042 415 3096 dicentes
437 3059 444 3096 :
467 3040 575 3096 ibimus
595 3044 747 3108 vobiscum,
762 3043 921 3097 audirimus
935 3005 1039 3094 enimC
1050 3053 1156 3112 gentes·
1165 3042 1209 3096 Fit
1219 3059 1285 3112 ergo
1293 3060 1363 3113 opus
1374 3042 1449 3096 verbi
1460 3043 1571 3097 Domini
1581 3043 1610 3096 in
1621 3048 1696 3097 terra
1706 3040 1848 3105 Hadrach,

213 3129 345 3200 quoniam
357 3129 431 3184 Deus
442 3129 581 3183 uobiscum
592 3138 644 3184 est.
654 3130 902 3194 sQuamvisJudai
911 3130 965 3183 huc
975 3128 1011 3183 ad
1052 3129 1080 3182 id
1095 3137 1138 3184 est
1148 3131 1250 3201 populo
1259 3131 1273 3185 J
1277 3131 1430 3195 odacrum,
1443 3147 1528 3202 super
1536 3147 1619 3202 quem
1630 3137 1659 3186 et
1671 3131 1850 3185 severitatem

213 3216 314 3272 ultima
324 3217 488 3271 Antichristi
502 3224 630 3289 tempora
642 3219 773 3284 referant,
785 3234 836 3273 nos
849 3218 967 3272 dicimus
982 3216 1012 3270 in
1053 3217 1323 3275 Dominusexercuit
1332 3220 1553 3283 etclementiam,
1562 3219 1740 3275 severitatem
1748 3221 1777 3274 iu
1787 3219 1851 3274 illos

214 3305 337 3360 adventu
346 3306 458 3360 Domini
467 3306 625 3372 istatuisse,
638 3307 749 3378 quando
761 3323 793 3360 ex
807 3306 895 3360 Maria
905 3305 1012 3375 virgim
1053 3307 1101 3377 qui
1117 3307 1230 3362 credere
1244 3309 1405 3364 noluerunt.
1420 3309 1600 3363 clementiam
1615 3325 1680 3362 vero
1694 3308 1724 3362 in
1740 3323 1789 3362 eos
1803 3305 1852 3378 qui

215 3399 299 3449 natus
315 3401 367 3449 est.
383 3395 483 3450 Decem
498 3395 573 3449 enim
588 3395 634 3450 isti
653 3396 782 3449 homines
804 3394 931 3449 Ecclesia
946 3398 1014 3449 sunt
1053 3393 1088 3447 ab
1098 3395 1264 3451 infidelitate
1274 3396 1308 3451 ad
1319 3398 1403 3452 fidem
1415 3397 1540 3451 conversi
1551 3403 1625 3451 sunt.
1636 3397 1790 3451 Damascus
1804 3411 1853 3450 au·

215 3500 267 3555 per
280 3483 375 3538 orbem
391 3484 507 3539 diffusa.
524 3485 595 3539 Nam
611 3485 742 3538 denarius
756 3484 895 3556 perfectus
907 3489 950 3538 est
963 3499 1014 3536 nu·
1054 3487 1110 3537 tem
1126 3483 1237 3554 requies
1249 3485 1360 3539 Domini
1372 3485 1485 3550 dicitur,
1496 3486 1562 3556 quia
1576 3486 1605 3539 in
1615 3484 1784 3555 gentilitatis
1797 3483 1853 3539 ilde

215 3589 321 3638 merus,
329 3573 392 3627 finis
401 3578 715 3628 tesseranumerorum.
727 3574 788 3628 lota
797 3589 907 3644 quoque
919 3571 1015 3625 littere
1055 3578 1084 3627 et
1105 3572 1253 3628 devotione
1278 3574 1413 3629 Dominus
1433 3574 1581 3645 requierit,
1601 3575 1682 3645 J'urta
1707 3574 1783 3646 quod
1802 3589 1854 3644 per

216 3663 292 3733 apud
307 3661 428 3728 Gracos,
439 3678 457 3715 a
469 3678 525 3732 quo
536 3678 639 3716 nomen
649 3663 662 3716 J
666 3678 714 3715 usu
728 3662 850 3723 inchoat,
865 3660 1013 3715 denarium
1055 3660 1158 3715 isaiam
1166 3662 1330 3732 pradictum
1340 3663 1433 3717 iuerat
1441 3662 1606 3717 dechristo:
1617 3668 1775 3733 Antequam
1781 3663 1855 3718 sciat

217 3750 358 3822 exprimit.
376 3750 433 3805 Hos
446 3750 543 3805 decem
564 3753 636 3805 viros
657 3750 802 3821 requisivit
825 3750 961 3803 Dominus
979 3746 1015 3802 ab
1056 3764 1127 3819 puer
1137 3765 1235 3804 vocare
1250 3757 1359 3820 patrem
1370 3756 1420 3805 aut
1434 3758 1552 3805 matrem
1567 3766 1657 3817 suam,
1668 3751 1786 3822 accipiet
1796 3750 1853 3805 rir-

218 3839 370 3903 Abraham,
387 3839 411 3893 si
424 3839 556 3894 invenero
570 3838 608 3892 ibi
620 3838 726 3902 decem,
738 3855 794 3892 non
808 3836 906 3892 delebo
917 3835 1014 3891 urbem
1055 3843 1145 3891 tutem
1156 3839 1284 3893 Damasci
1296 3845 1324 3894 et
1338 3839 1429 3910 spolia
1441 3839 1584 3894 Samaria.
1595 3839 1680 3894 Recte
1689 3845 1785 3893 autem
1797 3838 1855 3893 Da·

217 3934 333 4000 propter
346 3928 453 3983 decem.
466 3929 524 3982 llas
536 3928 672 3983 Ecclesias
681 3944 742 3998 qua
757 3926 802 3980 hic
816 3925 931 3981 denario
947 3926 1017 3995 ligu-
1056 3941 1166 3980 muscus
1179 3928 1344 3996 sanguinem
1360 3927 1466 3988 bibens,
1482 3928 1525 3980 rel
1541 3928 1656 3998 sanguis
1669 3927 1753 3981 cilicii
1765 3927 1855 3982 inter·

217 4023 329 4084 rantur,
343 4018 465 4073 loannes
483 4017 513 4071 in
534 4017 701 4088 Apocalypsi
722 4016 881 4087 septenario
897 4029 1015 4069 numero
1056 4020 1193 4085 pretatur,
1214 4016 1281 4085 quia
1302 4016 1446 4087 gentilitas
1473 4017 1564 4087 primo
1589 4032 1640 4087 per
1666 4015 1857 4071 idololatriam

157 4132 161 4140 ·
218 4105 454 4171 ostendit,dicens
464 4106 565 4159 vidisse
573 4106 673 4160 Filium
682 4105 804 4158 hominis
813 4105 842 4158 in
853 4102 1017 4157 mediocan-
1057 4104 1549 4174 cruentata,sanguinepeccatorum
1559 4102 1857 4174 sauciabatur,postcs

219 4193 409 4258 delubrorum,
432 4192 459 4245 id
474 4199 519 4246 est
538 4193 734 4257 Ecclesiamm,
749 4208 819 4262 quas
834 4191 950 4262 mystice
964 4188 1224 4287 sustanguinem
1234 4193 1349 4247 mulitia
1358 4193 1448 4247 cilicio
1463 4192 1633 4264 poenitentia
1642 4191 1752 4246 studuit
1760 4192 1856 4247 deter-

219 4280 381 4335 nominibus
390 4279 533 4333 civitatum
543 4280 684 4333 describit.
695 4280 725 4333 ln
738 4279 812 4332 lsaia
824 4294 935 4349 quoque
947 4277 1017 4331 dici·
1056 4295 1132 4348 gere.
1144 4279 1239 4342 «Quia
1253 4281 1386 4335 Dominus
1399 4287 1441 4334 est
1449 4282 1545 4335 oculus
1556 4279 1677 4334 hominis
1688 4285 1716 4333 et
1727 4280 1856 4335 omnium

220 4371 269 4422 tur
279 4385 285 4420 :
297 4367 517 4438 Apprehendent
528 4373 635 4436 septem
648 4367 779 4421 mulieres
790 4367 879 4419 virum
892 4381 978 4419 unum
988 4365 1018 4418 in
1058 4365 1182 4420 tribuum
1195 4368 1291 4422 lsrael.
1305 4369 1435 4424 »Idcirco
1450 4368 1563 4439 (inquit)
1573 4367 1673 4422 domus
1688 4366 1812 4429 Domini,
1827 4368 1857 4424 id

220 4454 267 4509 die
279 4455 336 4509 illa.
349 4455 500 4525 Apostolus
509 4471 619 4526 quoque
630 4456 733 4510 Paulus
743 4455 778 4509 ad
788 4462 895 4525 septem
906 4460 1017 4508 tantum
1058 4461 1102 4508 est
1116 4455 1237 4509 Ecclesia
1249 4457 1284 4509 dc
1298 4464 1417 4526 utroque
1428 4457 1531 4526 populo
1546 4455 1621 4510 etde
1634 4461 1712 4509 terra
1725 4455 1857 4510 Hadrach

219 4544 317 4599 scribit
333 4544 478 4604 Ecclesias,
495 4545 530 4598 ad
552 4544 694 4598 Romanos
708 4544 845 4609 videlicet,
861 4544 896 4598 ad
917 4544 1018 4597 Corin·
1058 4544 1131 4597 etde
1143 4545 1279 4598 Damasco
1288 4545 1469 4611 construitur,
1478 4544 1610 4615 quoniam
1621 4540 1734 4597 Domini
1744 4547 1788 4596 est
1798 4542 1858 4613 qui·

219 4630 304 4697 thios,
317 4633 352 4687 ad
368 4632 491 4696 Galatas,
508 4633 543 4687 ad
559 4633 702 4704 Ephesios,
716 4633 751 4686 ad
766 4631 965 4703 Philippenses,
981 4630 1018 4684 ad
1059 4647 1170 4703 cunque
1185 4633 1227 4687 rel
1243 4633 1277 4687 de
1288 4634 1428 4702 gentibus,
1439 4634 1481 4687 vel
1495 4633 1530 4687 de
1542 4631 1645 4687 ludais
1656 4630 1771 4702 respicit
1779 4646 1855 4697 eum,

221 4721 410 4787 Colossenses,
425 4722 460 4776 nd
481 4722 752 4776 Thessalonicenses.
780 4720 915 4775 Ecclesiae
938 4736 1015 4790 ergo,
1058 4721 1234 4776 credendoet
1244 4722 1382 4793 sperando
1392 4722 1422 4776 in
1430 4721 1636 4777 illum.Oculus
1644 4720 1858 4790 euimaspectus

220 4827 291 4882 quas
312 4812 353 4866 illi
374 4812 534 4883 septenario
557 4827 675 4867 numero
698 4810 888 4880 signaverunt,
905 4815 1018 4880 propter
1059 4815 1102 4864 est
1116 4810 1368 4880 contemplationis.

219 4899 294 4954 dona
314 4900 486 4971 septiformis
507 4899 638 4972 Spiritus,
653 4899 699 4954 hic
720 4899 857 4970 propheta
870 4898 1017 4953 Zacharias
1096 4893 1856 4969 rEmathquoqueinterminisejus,et'l'yrusetSidon,

218 4987 335 5042 denario
350 4988 481 5058 exprimit
500 5004 618 5043 numero
639 4994 755 5059 propter
768 4988 911 5042 denariam
926 4987 1018 5058 perfe-
1058 4985 1380 5058 assumpseruntquippe
1390 4984 1443 5039 sibi
1453 4982 1715 5055 sapientiamvalde.
1725 4980 1859 5037 Etaditi·

219 5076 350 5130 ctionem.
366 5075 404 5130 Et
425 5077 635 5146 apprehendent
654 5077 749 5133 decem
774 5076 910 5141 homines,
926 5076 954 5130 id
974 5081 1019 5130 est
1058 5076 1130 5133 cavit
1139 5078 1230 5148 Tyrus
1241 5075 1425 5129 munitionem
1435 5089 1526 5137 suam,
1537 5079 1566 5126 et
1577 5071 1749 5126 coacervavit
1756 5086 1858 5141 argen-

219 5164 348 5223 Ecclesia
361 5163 494 5219 invirum
509 5165 660 5235 perfectum
676 5171 822 5236 provecta,
835 5171 864 5221 et
877 5166 1016 5220 rationem
1056 5175 1118 5220 tum
1132 5165 1212 5236 quasi
1227 5164 1354 5223 humum,
1371 5170 1399 5217 et
1412 5178 1512 5216 aurum
1526 5167 1558 5216 ut
1570 5161 1661 5214 lutum
1678 5159 1852 5230 platearum.

219 5253 375 5323 spiritualis
389 5253 548 5308 intellectus
561 5253 707 5318 habentes,
722 5256 934 5326 apprehendent
952 5255 1016 5308 tim-
1058 5255 1125 5309 Ecce
1142 5255 1276 5308 Dominus
1290 5252 1444 5323 possidebit
1457 5268 1529 5316 eam,
1545 5257 1574 5306 et
1587 5251 1726 5321 percutiet
1737 5248 1767 5302 in
1783 5249 1858 5304 mari

220 5341 295 5396 brias
308 5342 360 5395 riri
375 5343 472 5403 iudai,
489 5342 541 5396 hoc
553 5350 595 5396 est
609 5342 720 5397 Domini
737 5344 898 5398 Salvatoris.
911 5343 946 5397 de
961 5358 1016 5414 quo
1056 5342 1249 5397 fortitudinem
1264 5341 1333 5409 ejus,
1345 5345 1374 5393 et
1387 5342 1445 5393 hac
1457 5339 1515 5409 igni
1526 5337 1713 5392 devorabitur.
1729 5355 1740 5387 s
1754 5336 1858 5391 Emath

218 5432 356 5502 scriptum
370 5437 430 5486 est·
444 5450 457 5484 r
473 5432 487 5486 J
492 5432 555 5494 uda,
566 5437 594 5487 te
608 5432 763 5487 laudabunt
777 5434 877 5488 iratres
886 5432 928 5486 tui
939 5448 972 5498 3»
988 5436 1017 5485 et
1057 5431 1154 5485 civitas
1164 5436 1207 5484 est
1218 5429 1306 5500 Syria
1316 5428 1414 5490 creles,
1428 5428 1494 5499 quia
1507 5428 1542 5482 ab
1555 5427 1693 5482 Antiocho
1708 5424 1857 5496 Epiphane

219 5522 249 5578 iu
259 5521 400 5593 psahuozo
411 5523 426 5577 J
429 5522 484 5578 uda
493 5538 541 5577 rex
552 5539 639 5578 meus.
652 5523 764 5592 »Hujus
775 5524 788 5577 J
792 5522 865 5579 udaei
875 5521 1016 5576 fimbriam
1057 5519 1225 5575 reedificata
1238 5515 1394 5587 Epiphania
1407 5523 1451 5570 est
1463 5522 1634 5587 nuncupata.
1648 5515 1859 5585 Interpretatur
