3818 6104
114 170 178 256 'ddi
364 203 552 260 llll'lltm'ls
569 207 810 262 intitulamur.
830 206 937 261 salso.
954 206 1033 260 our.
1052 205 1143 259 lalus
1159 205 1182 263 l.
1201 234 1232 244 -
1249 202 1435 258 citantur.
1455 166 1546 259 illitu.
1708 201 1753 257 888

129 325 219 397 Igitur
233 326 281 382 illu
294 327 409 383 fuorunt
422 331 590 400 exemplaria
606 338 634 384 ot
658 329 753 400 ssgurm
780 347 919 391 verorum.
931 330 1079 390 Asrcnndo
1093 332 1152 383 sinc
1165 333 1272 397 peccato
1292 327 1436 395 apparebit
1458 328 1679 397 suspectantibus
1693 343 1716 380 se
1730 331 1754 382 in

46 424 69 491 '.
129 414 197 485 quia
206 415 259 470 ista
269 417 450 471 vera-Sancta
462 427 622 473 sanctarum
635 418 852 489 quaeligurubant
862 435 923 488 qua
963 416 1159 478 salutamtale
1169 423 1215 470 est
1228 432 1261 470 ac
1277 415 1300 469 si
1315 414 1437 469 diceret:
1452 414 1584 470 Primum
1600 413 1710 486 quidem
1719 414 1755 469 ille

128 503 257 559 Christus
269 506 355 559 semel
370 505 477 560 introiit
506 507 626 561 Introire
639 514 732 561 autam
748 507 869 561 dicimus
881 508 924 562 Je-
964 505 1094 576 apparuit
1106 522 1156 576 per
1166 505 1288 559 hostiam
1301 519 1391 568 suern,
1404 504 1457 558 hoc
1467 514 1510 558 est
1522 519 1685 575 percorpus
1697 519 1756 557 mor·

129 609 192 647 sum
206 593 359 648 meandum
372 594 400 648 id
415 595 488 665 quod
503 595 587 649 homo
611 601 662 650 cst.
674 596 746 650 Nam
768 597 922 650 secundum
964 595 1029 654 tale.
1039 594 1113 664 quod
1125 592 1177 647 luit
1190 593 1281 646 hostia
1290 608 1340 663 pro
1348 596 1473 662 peccato,
1483 594 1756 662 secundoautemap

128 681 158 737 id
172 683 246 752 quod
262 682 337 737 Deus
350 688 402 741 est.
420 682 523 754 ubique
536 689 589 751 est,
604 689 633 739 et
646 685 741 739 omnia
754 686 862 757 implet.
874 702 925 740 nec
965 679 1506 755 parebitsinehostiapropeccato‚quia
1512 680 1576 750 jam
1584 679 1756 735 noneritluos

129 769 159 824 in
171 769 337 824 manufactis
351 770 497 824 bominum
510 771 619 827 introiit
637 774 686 827 sed
707 773 736 828 in
754 774 845 846 ipsum
868 790 925 829 cm·
965 768 1577 843 tiapropeccato‚sicutpriusiuit.Nonenim
1586 767 1757 840 potaritdeiu

127 857 393 929 lumjussioneuei
409 865 547 915 creatum.
563 862 622 916 Nec
644 862 716 917 hanc
739 863 827 917 solam
846 863 925 917 dille·
967 876 1031 931 ceps
1046 859 1128 913 mori.
1146 858 1225 913 Sicut
1243 857 1317 913 enim
1338 856 1538 928 uuusquisque
1558 861 1692 912 uomrum
1709 863 1757 928 port

128 944 249 1002 rentiam
264 949 396 1014 ostendit,
411 949 459 1004 sed
480 949 566 1004 etiam
586 951 746 1022 pontificem
768 953 928 1023 proximum
968 946 1456 1018 mortemrecipitJ‘uxtaoperasua:
1469 945 1511 1001 ita
1521 944 1756 1001 christusdericta

129 1035 253 1106 primum
277 1036 421 1102 lactarem,
439 1044 471 1093 ut
491 1044 637 1111 appareat,
649 1040 743 1110 inquit
763 1040 849 1095 vultui
877 1039 928 1094 Dei
969 1041 1108 1099 melleet
1121 1036 1223 1106 adepto
1235 1036 1757 1105 regnopecandoapparebttarspeataa

59 1196 62 1201 .
128 1140 180 1194 pro
194 1124 285 1193 nobis,
300 1124 418 1193 horest,
436 1134 469 1182 ut
493 1129 617 1199 seipsum
646 1128 776 1183 exhibeat
794 1129 925 1200 potentia
967 1128 1040 1180 tibus
1048 1128 1107 1179 sein
1121 1127 1249 1179 satutem.
1267 1130 1298 1177 nt
1309 1124 1386 1194 juste
1399 1123 1524 1179 vindicet
1538 1138 1619 1188 suos,
1635 1121 1684 1194 qui
1693 1124 1755 1193 juste

128 1219 254 1282 paterne
276 1213 414 1287 nobisque
435 1217 516 1271 illum
537 1217 690 1289 propitium
721 1217 830 1273 reddet.
845 1217 926 1275 Unde
966 1211 1427 1287 passuscstabalienislleliorest
1437 1211 1496 1266 haec
1506 1210 1655 1282 apparatio
1663 1226 1757 1282 exspes

131 1302 254 1357 loannes
271 1302 359 1357 dicit:
382 1303 553 1360 Advocatum
582 1306 712 1360 trabernas
726 1308 801 1375 apud
817 1309 925 1361 Patrem
968 1301 1092 1356 raudbus
1102 1300 1170 1356 sein
1180 1301 1311 1363 salutem,
1325 1316 1410 1372 quam
1424 1299 1589 1354 cornmuuis
1600 1298 1756 1370 sisiodequa

130 1394 356 1462 Jesnmjastam,
371 1396 465 1461 etipse
483 1399 520 1447 cst
544 1397 707 1463 propitiatio
734 1410 784 1464 pro
809 1397 926 1464 pcccatis
968 1390 1085 1445 dicitur:
1106 1391 1533 1452 l'tbebr'teamorrrniroculus,et
1548 1391 1672 1458 quicum
1684 1404 1756 1457 papa

131 1481 336 1551 nasamonas.
355 1484 394 1545 ιι).
411 1483 501 1551 Neque
515 1481 591 1537 euim
607 1488 638 1536 ut
652 1499 717 1552 sepe
730 1486 824 1550 afferat
835 1488 926 1538 sernet-
968 1483 1069 1547 perant
1083 1478 1274 1548 (.lpoc.r).lloc
1284 1483 1327 1532 cst
1341 1493 1407 1548 crgo
1422 1475 1550 1531 secundo
1564 1476 1754 1548 appareresiue

131 1569 467 1638 ipsamqaemadmodam
479 1573 604 1640 pontisne
614 1574 703 1625 intrat
718 1570 929 1627 r'aSanctasan-
969 1573 1082 1638 peccato
1094 1569 1154 1638 jam
1169 1567 1322 1622 nonvideri
1337 1567 1366 1621 in
1381 1565 1602 1621 similitudinem
1613 1565 1757 1637 earnispec·

131 1661 240 1711 ctoram
254 1672 303 1727 per
313 1660 575 1726 sinqulasonnosr'n
589 1663 727 1729 sanquine
739 1663 832 1715 alieno
843 1656 1035 1739 mtto-Baeti,
1055 1656 1104 1711 sed
1119 1673 1170 1710 nee
1184 1656 1304 1711 aliorum
1315 1660 1429 1728 paccata
1438 1659 1606 1726 portantem
1620 1654 1650 1710 in
1659 1669 1757 1727 corpore

131 1746 201 1812 qan'n
212 1746 349 1814 oportebat
364 1762 427 1800 eam
441 1748 601 1816 frequenter
611 1752 674 1817 pati
688 1750 722 1802 ab
733 1753 932 1818 oriqiaeman.
970 1761 1021 1800 sno
1035 1761 1120 1816 super
1133 1745 1252 1816 lignum,
1264 1745 1336 1800 sicut
1349 1744 1378 1799 in
1392 1744 1485 1817 primo
1499 1743 1706 1808 adveutuiecit
1717 1758 1757 1797 nee

132 1833 236 1888 di·Non
249 1838 293 1888 est
307 1834 438 1889 Christus
451 1835 487 1890 ad
501 1835 553 1890 hoc
567 1835 747 1907 ingressusin
759 1839 860 1894 Sancta
869 1855 931 1894 san·
971 1833 1140 1889 intervenire
1150 1834 1272 1905 amplius
1282 1850 1332 1905 pro
1341 1833 1528 1906 peccatis‚sod
1537 1832 1690 1888 vindictam
1696 1847 1758 1886 erer-

132 1926 289 1988 ctornru,ut
300 1938 374 1995 saepe
386 1925 569 1995 semetipsum
583 1926 684 1981 oderat
693 1927 930 1998 quemadmodum
971 1939 1034 1978 cere
1049 1923 1078 1977 in
1094 1927 1249 1993 peccantes.

131 2010 256 2082 pontifex
266 2011 428 2067 iudaeorum
442 2013 653 2084 ingrediebatur
666 2016 697 2070 in
711 2016 813 2070 Sancta
822 2021 932 2071 saucto-

131 2117 195 2157 rum
211 2116 262 2172 per
272 2100 398 2171 singulos
405 2117 598 2174 annosaeque
605 2117 669 2158 cura
678 2105 816 2175 sanguine
825 2103 929 2168 alieno,
1289 2065 1406 2122 CAPUT
1423 2067 1455 2121 x·

132 2189 182 2245 ssd
196 2205 260 2244 cum
273 2205 335 2256 suo,
348 2189 482 2260 qnoniam
497 2190 556 2260 ipse
571 2191 619 2261 qui
633 2193 765 2247 sacerdos
780 2199 821 2247 est
834 2198 863 2247 et
881 2208 928 2246 sa·
1008 2193 1138 2248 Umbram
1151 2195 1227 2246 enim
1239 2191 1560 2259 baberrsleasatarorum
1572 2191 1703 2245 bonoram
1712 2204 1756 2244 nm

131 2276 278 2344 orificium,
293 2278 380 2332 semel
392 2278 518 2349 seipsum
531 2278 634 2335 obtulit
647 2280 676 2334 in
688 2296 739 2334 ara
758 2281 866 2337 crucis:
893 2297 927 2336 ac
967 2284 1056 2351 ipsam
1065 2283 1317 2347 irnapr'nemrerum
1323 2281 1504 2348 persinqalos
1518 2279 1711 2334 annoser'sdem
1722 2282 1756 2348 ip·

133 2381 199 2420 aero
213 2380 386 2433 reserpensa
396 2369 583 2435 mortatsjam
598 2384 654 2422 non
667 2371 877 2435 rnoritar‚mors
887 2372 933 2424 illi
972 2373 1010 2424 sis
1024 2370 1119 2423 bostr'r's
1135 2384 1203 2437 qaas
1221 2371 1340 2435 offerant
1350 2369 1551 2434 indesinenter,
1566 2383 1709 2437 nunquam
1720 2382 1756 2436 pa

133 2457 212 2508 ultra
226 2469 283 2508 non
295 2455 580 2520 dominabitnrlllom.
598 2459 713 2523 r1):nec
726 2463 769 2515 est
778 2475 891 2514 necesse
901 2464 934 2514 ut
974 2462 1022 2511 test
1039 2457 1192 2511 accedentes
1207 2456 1339 2525 perfectos
1352 2454 1539 2524 [acereordo
1550 2455 1755 2511 verbommest:

133 2541 256 2613 amplius
275 2541 422 2607 moriatur,
438 2544 572 2614 quoniam
599 2546 635 2600 ad
657 2546 778 2601 salutem
804 2546 931 2602 omnium
973 2544 1086 2600 liabens
1096 2544 1140 2599 lex
1150 2544 1279 2600 umbram
1288 2545 1447 2599 futurorum
1461 2543 1604 2600 bonorum
1617 2543 1755 2616 uonipsan

134 2630 308 2686 credentium
322 2631 392 2686 satis
406 2632 510 2687 sullicit
519 2649 575 2687 una
591 2633 684 2704 passio
697 2635 769 2705 ejus.
972 2634 1123 2705 imaginem
1138 2650 1243 2697 rerum.
1255 2649 1398 2703 nunquam
1408 2637 1503 2704 potest
1517 2632 1684 2688 medentes
1695 2631 1756 2686 adse

168 2721 312 2788 Alioquin,
327 2719 380 2774 boc
393 2725 437 2774 est
448 2721 472 2774 si
487 2720 570 2776 aliter
584 2728 667 2785 esset,
680 2729 712 2777 ut
731 2723 818 2789 semel
832 2740 931 2794 passus
971 2723 1109 2794 periectos
1118 2722 1208 2777 iacere
1217 2721 1323 2776 eisdem
1333 2721 1507 2792 ipsishostiis
1519 2718 1756 2793 quasolieruntiu·

133 2822 191 2862 non
204 2807 350 2879 prodesset
363 2809 505 2877 omnibus,
524 2811 624 2881 saepius
638 2817 781 2882 oporteret
790 2828 855 2866 eum
865 2829 930 2867 cru·
970 2811 1133 2866 desinenter
1142 2827 1192 2882 per
1205 2810 1330 2881 singulos
1345 2825 1443 2865 anuos.
1456 2809 1567 2864 Futura
1582 2809 1655 2864 bona
1666 2805 1756 2863 duobus

133 2897 209 2968 cillgi
221 2895 256 2952 ab
263 2896 371 2968 origine
385 2898 493 2965 muudi,
506 2899 560 2953 hoc
572 2903 624 2965 cst,
640 2907 708 2970 quot
722 2900 837 2955 luerunt
850 2901 931 2956 electi
971 2899 1062 2954 modis
1086 2898 1271 2970 intelligenda
1288 2903 1364 2963 sunt,
1379 2897 1511 2953 videlicet
1527 2897 1572 2953 vel
1599 2901 1755 2952 masmana

134 2990 164 3041 et
175 2991 245 3057 quot
257 2985 345 3041 laturi
359 2992 427 3046 sant
440 3003 490 3058 pro
505 2988 625 3059 siugulis
639 2989 710 3043 mori
722 2989 802 3044 illum
816 2991 961 3061 oporte-C
973 3005 1035 3060 qua
1050 2989 1080 3042 in
1094 2988 1212 3042 veritate
1234 2988 1264 3042 in
1278 2986 1390 3042 Christo
1403 2992 1432 3041 et
1456 2987 1487 3040 in
1500 2987 1628 3042 Ecclesia
1636 2986 1754 3057 completa

133 3074 214 3139 renai
223 3091 272 3130 eos
281 3076 421 3131 redimere
432 3077 513 3131 vellet
526 3095 533 3142 ;
546 3077 595 3131 sed
606 3078 759 3132 uoluitnisi
771 3084 881 3134 tantum
890 3095 931 3134 se·
972 3081 1047 3140 sunt,
1064 3093 1126 3148 qua
1139 3076 1234 3131 futura
1248 3080 1369 3130 erantut
1382 3074 1569 3143 renireutvel
1580 3072 1753 3145 etiamgaud'u

134 3164 191 3218 mel
205 3164 357 3234 mori‚quia
366 3180 423 3218 una
438 3170 527 3219 morte
536 3165 613 3220 illius
623 3166 779 3238 redemptio
790 3167 865 3221 iacta
877 3175 929 3222 est.
973 3164 1070 3236 patria
1079 3164 1209 3219 coelestis.
1227 3163 1361 3219 Umbram
1368 3168 1464 3218 autem
1471 3168 1554 3218 voest
1563 3164 1681 3234 liguram
1691 3161 1750 3217 etsi·

168 3251 250 3306 Nunc
267 3258 361 3306 autem
375 3255 499 3307 senectia
518 3258 762 3316 consummatione,
778 3256 831 3309 hoc
845 3256 931 3310 estin
972 3253 1173 3317 militudinem,
1185 3253 1336 3323 imaginem
1351 3257 1444 3307 autern
1467 3269 1519 3323 pro
1543 3252 1663 3307 veritate
1675 3250 1747 3322 ponit.

133 3339 398 3395 tlneracaloramin
408 3339 699 3403 novissimaaetatc.ad
711 3343 931 3399 destructionem
971 3341 1150 3399 llultilariam
1165 3341 1254 3412 igitur
1266 3346 1443 3395 sacramenta
1458 3339 1566 3395 christi
1594 3345 1624 3395 et
1645 3336 1750 3395 roasa

130 3431 236 3497 peceati
243 3429 417 3496 perlatam
423 3444 504 3482 raam
513 3429 763 3499 apparuit,hocost
772 3448 932 3503 percorpus
972 3447 1022 3501 per
1036 3431 1157 3502 liguram
1170 3428 1345 3494 ostendebat,
1360 3431 1449 3484 donec
1464 3429 1576 3484 reniret
1591 3429 1652 3501 ipsa
1663 3427 1749 3482 Veritas

133 3533 218 3573 suum
231 3518 304 3588 quod
320 3517 387 3572 iecit
400 3517 521 3571 hostiam
530 3534 581 3588 pro
588 3519 817 3588 peccatoSemel,
826 3520 927 3591 inquit,
970 3518 1159 3589 Christus‚qui
1168 3517 1330 3573 interiorem
1339 3518 1464 3588 ejusdem
1473 3519 1574 3588 ligure
1585 3515 1749 3573 sensumdttt

133 3605 163 3661 in
181 3608 237 3662 line
253 3607 418 3662 saeculorum
431 3606 467 3661 ad
477 3607 529 3661 hoc
544 3607 685 3679 apparuit,
701 3613 734 3663 ut
748 3625 798 3680 per
808 3609 929 3664 hostiam
969 3607 1061 3677 gretia
1077 3607 1197 3678 Spiritus
1212 3607 1302 3661 sancti
1315 3606 1443 3663 Ecclesia
1462 3624 1522 3663 suae
1536 3607 1711 3679 patefaceret,
1723 3602 1748 3658 ri·

134 3711 213 3751 suam
224 3696 384 3752 destrueret
396 3702 551 3768 peccatum.
568 3697 667 3752 Merito
695 3703 763 3752 tunc
787 3699 927 3770 apparuit,
971 3696 1086 3767 mulque
1100 3695 1245 3751 moriendo
1255 3696 1285 3749 in
1306 3712 1397 3763 cruce,
1409 3695 1506 3751 omnia
1520 3696 1573 3751 illa
1597 3696 1749 3751 maenala

133 3784 246 3856 quaudo
260 3785 350 3839 multa
362 3788 443 3839 eraut
461 3791 585 3856 peccata,
601 3792 634 3841 ut
647 3786 808 3842 ostenderet
818 3787 930 3843 divitias
970 3785 1116 3839 revelaret.
1128 3785 1280 3855 Nunquam
1296 3789 1392 3840 autem
1406 3784 1500 3856 potuit
1512 3784 1677 3840 aecedentes
1690 3781 1748 3837 adse

133 3872 232 3942 gratiae
246 3873 348 3943 suaeSi
357 3873 433 3928 enim
446 3873 474 3927 in
487 3873 624 3946 principio
639 3875 858 3943 ller·et,lortasais
868 3877 931 3931 uul·
970 3872 1091 3943 perfecte
1105 3873 1242 3928 mundare
1255 3872 1360 3928 eisdem
1375 3872 1445 3944 ipsis
1458 3873 1561 3928 hostiis
1577 3890 1648 3945 quas
1660 3883 1748 3943 semper

134 3961 179 4016 lus
197 3961 325 4017 crederet
338 3966 365 4016 et
380 3961 433 4017 hoc
445 3963 532 4018 semel
542 3963 571 4018 in
585 3965 827 4019 consummatione
842 3980 930 4020 saecu·
970 3961 1349 4033 ollerebantipsisacerdotes
1357 3960 1747 4033 persingulosannosttsslm

134 4051 236 4117 lorum,
249 4067 300 4123 per
311 4051 456 4123 proprium
470 4053 646 4124 sanguinem,
661 4070 717 4110 non
728 4070 778 4126 per
787 4053 925 4114 alienum,
970 4050 1044 4105 enim
1055 4050 1131 4123 ipsas
1143 4049 1464 4106 hostiasirrationabiles
1474 4051 1632 4107 offerebant
1640 4048 1747 4106 omnibns

169 4139 204 4194 tr
215 4141 448 4208 quemadmodum
462 4146 597 4196 statutam
614 4149 652 4197 est
675 4143 835 4197 bomtrn'bas
848 4143 930 4198 semet
969 4139 1061 4204 aunis.
1077 4140 1179 4195 arietes
1203 4139 1338 4202 videlicet,
1353 4139 1446 4208 boves,
1472 4140 1579 4206 hircos,
1592 4139 1748 4205 amaran

133 4229 277 4295 mori,post
287 4228 336 4281 boc
348 4229 589 4296 autemjadr'cs'am
605 4249 613 4283 .·
628 4233 667 4284 sr'c
679 4236 704 4284 et
715 4231 961 4322 dirristassemetD
970 4227 1121 4282 columbas.
1133 4228 1266 4299 Sequitur
1280 4245 1287 4283 :
1299 4230 1432 4298 Alioquin
1441 4234 1591 4285 cessassent
1599 4226 1747 4297 offerriida

134 4314 242 4367 oblatas
255 4319 293 4368 est
306 4315 344 4368 ad
372 4317 526 4369 maltorum
541 4318 729 4373 exhaurienda
740 4325 871 4387 peccata;
888 4335 930 4374 se·
970 4318 1591 4386 qaodnattamtraderentultraeorucientr’am
1600 4313 1749 4388 praemiari·

135 4401 224 4454 csrndo
237 4402 298 4454 sine
308 4406 416 4469 peccato
422 4404 564 4470 apparebit
575 4409 789 4474 respectantibus
802 4426 829 4463 se
842 4412 873 4463 in
884 4425 930 4463 sa·
973 4411 1041 4459 tores
1052 4407 1219 4460 illiassemet
1229 4406 1370 4470 mandate]
1382 4407 1464 4461 sedin
1474 4403 1748 4474 r’pss‘scomnremarslt't

137 4489 232 4543 tatem.
250 4489 328 4544 Sicut
341 4489 503 4545 homiuibus
517 4496 655 4549 statutum
675 4500 704 4548 et
717 4496 859 4551 decretum
875 4501 927 4561 est,
969 4499 1143 4563 peccatoram
1151 4509 1201 4562 per
1210 4496 1334 4561 siaqalos
1344 4510 1433 4548 annos
1447 4497 1487 4562 fit.
1501 4494 1648 4566 Alioquin,
1662 4493 1748 4548 uocat

135 4582 236 4633 utnon
251 4579 360 4651 possint
372 4579 444 4634 mori
457 4580 510 4635 nisi
523 4582 619 4647 semel,
634 4588 732 4653 posteo
746 4589 840 4639 autem
857 4585 931 4640 acci-
971 4581 995 4636 si
1007 4580 1042 4635 ab
1057 4580 1187 4635 omnibus
1210 4586 1306 4636 essent
1330 4580 1442 4635 liberati
1464 4582 1601 4652 peocmis,
1616 4580 1749 4637 cesam

134 4667 371 4738 piantjudicium‚
384 4668 487 4723 honest
501 4676 585 4741 prout
599 4672 793 4742 unusquisque
806 4673 933 4742 gessitin
973 4669 1131 4725 olierriillae
1146 4669 1244 4724 hostie
1259 4669 1382 4740 eoquod
1398 4669 1507 4724 nullam
1532 4670 1671 4727 haberent
1692 4668 1748 4723 ultra

135 4773 251 4829 corpore
265 4758 324 4813 sive
341 4757 457 4826 bonum,
473 4757 530 4813 sire
556 4759 680 4814 malum:
696 4760 736 4813 sie
750 4765 778 4814 et
802 4761 932 4817 Christus
972 4758 1182 4825 conscientiam,
1198 4757 1226 4812 id
1250 4764 1293 4812 est
1308 4758 1474 4813 memoriam
1495 4764 1525 4815 et
1549 4759 1747 4816 recordationen

135 4846 222 4901 semel
236 4847 346 4904 oblatus
360 4852 432 4903 esta
448 4847 599 4920 semetipso
613 4849 649 4903 ad
662 4848 816 4904 multorum
829 4850 931 4905 tollen·
972 4853 1150 4919 peccatorum
1164 4846 1275 4901 illorum
1289 4865 1306 4901 a
1321 4847 1422 4918 quibus
1436 4846 1561 4904 cultores
1589 4849 1663 4904 illius
1681 4839 1747 4902 arud

135 4934 172 4989 da
183 4942 307 5006 peccata,
323 4954 375 4993 nec
388 4943 481 5008 potest
493 4938 614 5010 amplius
628 4938 709 5003 mori,
722 4938 771 4993 sed
784 4955 836 4993 nec
857 4939 932 4993 indi·
973 4936 1100 4991 mundati
1116 4941 1218 4990 essent.
1232 4934 1287 4991 Sed
1298 4935 1366 5007 quia
1383 4936 1435 4990 hoc
1455 4952 1514 4991 nou
1536 4937 1628 5009 potuit
1655 4934 1747 4993 serint

134 5037 243 5092 gemus.
250 5025 412 5082 Notandum
424 5033 519 5083 autem
530 5027 566 5083 ad
574 5028 727 5083 multorum
736 5027 861 5082 tollenda
869 5044 933 5100 pec·
972 5042 1117 5096 nunquam
1133 5028 1286 5095 potuerunt
1301 5025 1411 5095 maiora
1432 5029 1461 5079 et
1477 5026 1638 5081 criminalia
1658 5026 1747 5097 pecati

136 5115 200 5164 cata
213 5110 293 5166 illum
310 5129 372 5168 esse
386 5114 520 5180 oblatum,
535 5121 565 5170 et
577 5132 632 5170 non
645 5115 782 5178 omnium,
795 5116 861 5187 quia
875 5132 931 5170 non
973 5115 1028 5169 illis
1043 5112 1187 5167 sacrificiis
1197 5112 1327 5166 mundari
1339 5131 1346 5179 ς
1357 5113 1390 5168 ue
1399 5130 1450 5184 per
1459 5110 1589 5185 singulos
1598 5125 1747 5170 anuescen-

135 5213 234 5253 omnes
246 5199 378 5255 credituri
394 5209 470 5257 suut.
485 5204 552 5258 Tale
575 5205 706 5276 estquod
720 5204 781 5276 ipse
795 5205 931 5259 Dominus
973 5202 1140 5257 memoratio
1153 5207 1332 5271 peccatorum
1342 5202 1371 5255 in
1378 5201 1447 5273 ipsis
1456 5202 1560 5259 hostiis
1571 5223 1579 5272 ;
1589 5197 1746 5273 rerbigmtia:

133 5287 268 5358 apostolis
282 5288 339 5343 ait:
353 5292 405 5345 iiic
418 5296 455 5344 ert
470 5297 584 5359 sanquis
598 5311 673 5349 meas
686 5297 750 5349 nom
765 5297 929 5361 testamenti,
972 5292 1002 5347 Si
1010 5290 1158 5346 obtulisset
1168 5289 1232 5359 quis
1243 5290 1374 5360 prasenti
1393 5306 1468 5345 anuo
1479 5292 1588 5349 hostias
1596 5309 1647 5365 pro
1656 5292 1748 5363 peredit

132 5379 183 5446 qai
197 5392 248 5448 pro
261 5375 338 5432 robis
350 5383 379 5433 et
388 5394 441 5446 pro
452 5383 551 5434 multis
569 5384 725 5448 effundetur
739 5386 771 5437 in
791 5385 931 5437 remissio·
971 5376 1323 5448 adulteriiautsacrilegii,
1337 5379 1551 5450 autparrieidii,
1567 5397 1678 5437 necesse
1694 5380 1748 5435 eat

132 5481 196 5521 nem
207 5469 382 5535 pematornrn
394 5464 671 5537 (Mattb.xxrrl.Quod
682 5477 778 5529 autem
789 5471 926 5542 sequitur:
969 5465 1513 5541 utomnibusaunisidagereaquoniam
1521 5486 1580 5527 non
1590 5475 1750 5543 penelopa
