3818 6104
130 259 184 316 575
356 263 545 323 flexuosis
560 266 803 322 HALBERSTAT.
820 265 932 320 EPISG.
948 264 1027 320 OPP.
1044 263 1136 318 PARS
1150 263 1172 317 l.
1191 293 1222 305 -
1239 258 1426 317 conuehi.
1445 257 1537 313 BIBL.
1714 254 1765 310 iio

133 385 170 439 ad
185 401 312 441 mensam
327 387 438 443 Domini
454 395 599 462 praesumit
613 393 753 455 accedere,
771 392 820 445 scd
836 391 929 461 potius
938 394 963 452 Α
973 395 1002 444 et
1016 388 1190 459 coapostolos
1206 387 1267 456 ejus
1279 399 1412 456 spernere
1420 398 1477 436 non
1490 380 1593 436 debere
1605 396 1664 436 suae
1675 378 1770 434 salutis

134 473 257 528 deterior
271 482 313 529 est
322 476 416 544 illo,et
426 481 524 549 majori
537 498 619 551 piena
628 481 740 549 dignus,
752 479 818 549 quia
831 479 931 531 mehus
972 485 1120 533 amatores.

133 569 177 617 est
187 563 260 617 riam
275 566 401 619 veritatis
413 585 469 622 non
481 586 658 639 cognoscere,
675 585 759 639 quam
776 574 839 639 post
855 567 932 637 agni·
1009 570 1080 631 idco,
1093 564 1227 619 subaudis
1243 563 1309 634 quia
1325 563 1415 616 Deum
1427 559 1608 630 cognovistis,
1626 563 1655 612 et
1665 558 1770 628 quiade

133 649 239 704 tionem
256 659 410 707 retrorsum
425 655 513 710 abire.
973 654 1168 728 spiritualibus
1179 652 1322 724 mysteriis
1332 652 1451 704 noloros
1463 650 1630 718 ignorantes
1644 646 1768 710 reddere,

171 742 274 806 ltaque,
292 744 396 807 [ratius
406 748 469 808 inci,
482 761 545 798 rum
556 749 706 800 coricenitii
715 747 752 799 ud
762 746 934 799 ricauducuu·
975 752 1072 800 notam
1087 746 1247 811 robumcic,
1260 743 1332 811 quod
1343 757 1421 795 ricino
1432 743 1463 792 in
1475 739 1646 807 Spiritultei
1654 739 1786 804 loquens,-

135 829 202 880 dum
218 845 319 899 corpus
333 836 362 883 ct
375 834 541 902 sanguinem
556 835 660 889 Christi
673 836 702 889 in
717 833 847 894 Ecclesia,
858 836 933 886 iuvi·
975 835 1003 888 id
1018 838 1061 888 cst
1073 849 1156 887 nemo
1168 831 1302 902 Spiritum
1313 833 1441 883 sanctum
1457 827 1574 891 habens,
1583 831 1614 879 et
1624 841 1675 896 per
1686 825 1783 896 Spiris

134 932 190 968 cern
205 923 362 985 exspectate,
378 926 411 974 ut
424 922 577 977 inultorum
590 923 693 978 oblatio
709 923 793 976 simul
808 921 933 976 celebre·
975 926 1173 976 tumeanctum
1184 918 1481 991 loquens,quilinguas
1491 914 1722 970 infantiumfacit
1733 914 1786 984 dh

134 1009 190 1070 tur,
199 1010 228 1058 et
241 1021 339 1061 omnes
353 1012 539 1065 communiter
550 1029 583 1066 ex
594 1029 729 1083 unopane
743 1011 933 1065 communica·
975 1013 1148 1078 sertas,dicit
1159 1010 1385 1063 caottieinedcsu.
1398 1003 1717 1059 ludecretislustiniani
1727 1003 1786 1077 ii-

135 1091 171 1145 tis
187 1111 193 1145 :
210 1094 276 1164 quia
289 1096 338 1150 illa
350 1097 456 1153 oblatio
469 1116 542 1154 unus
563 1101 642 1172 panis
656 1106 708 1166 est,
729 1106 758 1154 et
778 1099 933 1154 communis
976 1100 1121 1170 occatoris,
1138 1099 1290 1152 anathema
1301 1101 1448 1166 separatus
1461 1111 1479 1148 a
1489 1095 1547 1148 Deo
1558 1098 1687 1146 vocatur.
1698 1093 1786 1188 “Q

135 1180 218 1235 debet
230 1199 291 1237 csse
307 1185 445 1241 omnibus.
975 1197 1021 1243 tur
1036 1196 1064 1243 et
1074 1190 1102 1242 in
1113 1187 1266 1242 canonibus
1278 1202 1328 1257 pro
1342 1183 1547 1238 maledictione.
1560 1181 1681 1251 Legitur
1688 1187 1786 1257 etp*

170 1270 203 1324 Si
222 1275 284 1338 piris
299 1278 397 1338 esurit,
410 1276 486 1329 domi
500 1279 657 1344 nicnducet,
673 1277 702 1330 id
719 1277 823 1347 estqui
841 1277 933 1347 mipa-
975 1276 1268 1346 occisione,sicutipsc
1279 1274 1429 1345 Apostolus
1446 1271 1524 1326 aitin
1539 1271 1667 1340 Epistola
1678 1269 1712 1323 nd
1723 1269 1786 1354 ᾖ

135 1357 209 1412 tiens
224 1366 267 1414 est
281 1377 332 1415 nec
346 1363 405 1416 vult
414 1365 545 1433 jejunare
560 1382 622 1420 cum
643 1366 760 1430 caeteris,
782 1365 857 1418 domi
875 1370 933 1418 ter-
975 1371 1111 1433 manosic-
1124 1366 1160 1436 ix)
1176 1385 1181 1418 ;
1202 1367 1332 1434 Optabam
1345 1379 1391 1430 epo
1399 1362 1549 1415 anathemo
1559 1375 1614 1412 csse
1618 1374 1672 1426 pro
1678 1359 1786 1437 freq,

136 1461 205 1499 reno
216 1464 288 1516 pane
299 1456 435 1517 vescatur,
445 1457 475 1505 ut
487 1470 543 1506 non
554 1458 585 1506 in
597 1456 738 1522 juilicium
753 1457 931 1519 conveniatis,
976 1459 1034 1521 bos,
1051 1456 1079 1510 id
1092 1462 1144 1521 ost,
1157 1454 1287 1526 optabam
1299 1451 1417 1506 interfici
1431 1466 1481 1520 pro
1496 1448 1538 1502 eis
1550 1442 1707 1501 secundum
1716 1460 1786 1526 (χω

136 1533 166 1586 id
179 1542 223 1588 est
236 1553 271 1590 nc
287 1554 387 1610 corpus
402 1541 505 1595 Christi
527 1543 786 1613 reprehensibiliter
800 1541 935 1613 percipia-
975 1563 1049 1600 nem.
1065 1545 1182 1600 Ponitur
1192 1550 1221 1598 ot
1235 1559 1285 1613 pro
1298 1538 1516 1603 abominatione,
1528 1536 1575 1591 hic
1589 1552 1655 1589 vero
1670 1550 1726 1605 pro
1749 1571 1782 1610 ω,

136 1622 173 1675 tis
188 1624 223 1678 ad
237 1626 446 1683 damnationem
462 1637 592 1686 vestram.
610 1635 709 1686 uetera
719 1631 934 1697 aiiteni,subau-
976 1635 1121 1706 paratione
1135 1633 1257 1704 ponitur.
1271 1633 1370 1702 ltaque
1389 1629 1483 1683 nullus
1503 1627 1611 1697 Spiritu
1629 1623 1678 1679 Dei
1692 1634 1770 1696 ηας,

137 1710 180 1764 dis
196 1729 257 1783 quie
281 1722 390 1772 restant
404 1719 573 1787 inordinata,
590 1739 651 1775 runi
672 1737 769 1775 ociiero
787 1709 1021 1788 disponuinBtus
1031 1724 1098 1778 dicit
1107 1723 1159 1794 ipsi
1170 1724 1236 1776 lesu
1247 1722 1303 1776 :Tu
1318 1736 1347 1773 es
1357 1718 1518 1782 anathema,
1535 1715 1564 1769 id
1576 1720 1761 1785 estseparao,

976 1831 993 1867 a
1007 1814 1065 1868 Deo
1083 1813 1165 1866 Patre
1182 1816 1211 1864 ct
1222 1810 1328 1882 Spiritu
1343 1813 1449 1872 sancto,
1466 1810 1495 1859 et
1508 1804 1604 1875 aliqua
1613 1808 1688 1875 parte
1699 1808 1754 1865 inte·

437 1863 554 1918 CAPUT
568 1865 629 1919 ΧΠ
976 1903 1042 1956 rior.
1068 1903 1126 1956 Hoc
1145 1900 1258 1971 quidam
1282 1896 1476 1953 hereticorum
1493 1895 1589 1947 vesani
1608 1893 1748 1952 insaniendo

175 1971 935 2059 respausationiaaicin,subaudis'inysteriisactovos
976 1991 1071 2046 dicere
1083 2007 1138 2046 non
1154 1990 1322 2053 timuerunt3
1343 1986 1445 2040 idcireo
1466 1983 1654 2047 anathemate,
1672 1982 1695 2036 id
1713 1992 1744 2038 est

137 2070 482 2141 ipnoi·crc,srctrca,idest
492 2076 555 2130 nolo
565 2093 613 2130 vos
628 2077 790 2146 ignorantes
805 2075 932 2129 reddere.
976 2081 1153 2152 separatione
1168 2095 1185 2132 a
1199 2078 1266 2140 Deo,
1283 2075 1405 2130 Ecclesia
1419 2072 1541 2145 perculsi
1556 2076 1633 2127 sunt.
1648 2071 1741 2125 Etonia

171 2160 257 2213 Scitis
267 2165 935 2232 autemquoniamcunipcntesessctis.Reducitur
974 2175 1058 2239 potest
1072 2171 1160 2223 dicere
1173 2169 1306 2221 Doiiiinus
1322 2167 1408 2229 Jcsus,
1427 2166 1484 2216 nisi
1498 2166 1529 2215 iii
1544 2161 1649 2229 Spiritu
1663 2165 1741 2212 saneto.

138 2243 173 2297 ab
186 2248 319 2316 Apostolo
336 2250 488 2305 Corinthiis
503 2254 566 2307 vita
579 2254 703 2322 pristinae
717 2254 890 2307 conversatio
905 2253 934 2306 in
975 2259 1007 2313 ln
1022 2274 1102 2312 sacra
1117 2250 1520 2327 Scripturadicereatiquando
1530 2248 1741 2321 prosimphciser·

138 2334 279 2401 notitiam,
292 2343 321 2391 ut
341 2355 374 2391 ex
388 2341 449 2410 ejus
463 2342 686 2395 consideratione
701 2349 827 2395 crescant
841 2341 870 2394 in
887 2357 936 2395 no·
976 2363 1058 2400 mone
1073 2346 1218 2416 accipitur,
1231 2350 1264 2398 ut
1274 2348 1315 2397 est
1327 2359 1382 2396 non
1392 2343 1483 2394 omnis
1493 2343 1543 2407 qui
1555 2338 1622 2392 dicit
1632 2337 1740 2400 miltho

140 2440 200 2478 lam
215 2429 464 2495 ⁰⁰¹¹V01582501¹emi
481 2432 612 2501 quonlam
627 2431 699 2484 Sicut
710 2431 829 2501 gentiles
843 2430 935 2483 viven-
975 2423 1738 2500 mine,[lominaiiitruditinregnumcatorumillottirui.

139 2516 183 2564 tes
197 2512 343 2570 fervebant
358 2517 387 2570 in
404 2518 548 2572 mendacio
572 2525 600 2573 et
620 2519 795 2588 crrore,quia
811 2517 858 2570 illa
873 2517 933 2570 cul·
976 2523 1133 2594 Aliquando
1154 2539 1204 2593 pro
1219 2523 1280 2592 ipsa
1294 2537 1324 2574 re
1340 2526 1368 2573 et
1384 2520 1466 2577 lacto,
1493 2517 1567 2570 sicut
1581 2515 1620 2568 ait
1638 2512 1739 2568 Ezechias

137 2605 204 2654 tura
224 2603 296 2657 nihil
320 2613 390 2669 erat,
416 2607 455 2660 sic
468 2608 526 2677 jein
549 2607 699 2662 Christiani
719 2604 935 2666 ellecti,'divinis
976 2610 1281 2665 roxadisaiamzillon
1296 2601 1738 2674 faileubam,idestres,iiidcmo

139 2693 285 2763 preceptis
293 2711 355 2748 cum
365 2695 473 2749 fervore
483 2694 850 2765 aniiiiidebcbantobsequi.
863 2694 936 2746 Gen·
976 2717 1037 2762 nica
1050 2702 1121 2769 quod
1134 2716 1188 2753 uon
1201 2699 1366 2752 ostenderim
1379 2697 1417 2748 cis
1434 2695 1497 2764 (lac.
1515 2695 1618 2759 xxxix).
1639 2687 1739 2747 sicelio

137 2783 180 2832 tes
196 2786 289 2835 autem
302 2784 360 2837 sive
373 2785 494 2854 gentiles
506 2785 694 2856 appellantur,
715 2785 762 2854 qui
787 2783 821 2838 ab
840 2799 935 2837 errore
977 2789 1029 2843 hoo
1042 2789 1103 2842 ioco
1117 2804 1168 2858 pro
1182 2803 1213 2840 re
1227 2791 1256 2840 et
1269 2785 1342 2838 sacto
1357 2783 1481 2854 ponitur.
1498 2781 1596 2845 Nemo,
1612 2778 1740 2849 inquitpe

137 2873 250 2938 petrum
263 2888 379 2926 suorum
394 2873 422 2927 in
439 2891 494 2945 qno
509 2879 673 2939 nascuntur,
692 2873 719 2927 in
731 2874 867 2944 religione
881 2878 937 2926 m'e-
978 2882 1034 2931 tcst
1046 2878 1147 2944 dicere,
1168 2876 1195 2929 id
1210 2880 1253 2929 est
1263 2874 1346 2928 corde
1361 2877 1390 2925 ct
1409 2887 1457 2925 ore
1479 2869 1616 2933 confiteri,
1637 2872 1662 2921 et
1679 2864 1740 2934 digne

137 2955 217 3011 lioris
231 2960 293 3013 vitae
308 2976 365 3014 non
379 2967 599 3018 commutantur.
614 2963 693 3018 Unde
706 2971 812 3032 etgens
823 2979 884 3033 quae
897 2963 936 3018 sic
979 2983 1065 3037 opera
1081 2966 1145 3020 sidci
1160 2981 1298 3026 exercere,
1314 2964 1408 3017 lesuin
1425 2960 1553 3029 diligere,
1576 2963 1605 3012 et
1622 2954 1740 3011 Dominum

138 3053 233 3099 manet
249 3054 281 3101 ut
294 3050 390 3118 genita
403 3058 446 3105 est
459 3059 589 3107 vocatur:
605 3053 633 3106 hi
646 3058 713 3106 sunt
723 3053 832 3123 pagani,
841 3052 888 3122 qui
900 3053 934 3105 ad
944 3027 965 3087 G
977 3072 1113 3122 asserere,
1131 3055 1186 3109 nisi
1201 3053 1322 3126 Spiritus
1336 3049 1425 3105 sancti
1438 3048 1531 3119 gratia
1547 3042 1741 3100 fueritintrinse·

139 3133 264 3189 divinum
280 3137 386 3203 cultum
408 3155 464 3192 11⁰ss
487 3141 633 3204 accedunt,
650 3157 719 3212 quos
742 3147 840 3211 gentes
861 3157 936 3195 nunc
976 3162 1025 3199 cus
1038 3144 1160 3199 edoctus.
1177 3145 1250 3198 Nam
1266 3142 1313 3194 ille
1327 3139 1395 3194 dicit
1415 3139 1512 3191 lesum
1527 3135 1672 3190 Dominum
1691 3143 1740 3186 osse.

138 3224 271 3293 appellat,
292 3242 348 3278 non
371 3227 446 3295 quod
470 3231 537 3282 tune
563 3230 696 3300 temporis
717 3230 820 3299 pagani
842 3237 937 3284 essent
979 3234 1025 3306 qui
1041 3233 1131 3287 credit
1143 3249 1207 3286 eum
1222 3231 1299 3285 Patri
1314 3235 1343 3283 et
1358 3226 1475 3299 Spiritui
1495 3229 1592 3280 saneto
1607 3219 1740 3292 coequalem

139 3312 252 3380 quando
268 3313 322 3366 ista
335 3313 453 3379 dicebat,
469 3316 517 3368 sed
533 3317 607 3386 quod
633 3325 699 3371 ante
723 3318 852 3371 notitiam
869 3318 936 3373 fidei
978 3331 1007 3377 et
1024 3323 1289 3392 coomnipotentem,
1307 3325 1335 3372 ei
1359 3318 1433 3371 hunc
1454 3315 1613 3374 confitetur,
1636 3304 1740 3365 senaab

139 3400 261 3454 fuerant.
274 3402 332 3456 lloc
342 3408 386 3456 est
399 3404 473 3473 quod
483 3405 669 3474 ait,quoniam
680 3422 743 3460 cum
752 3414 850 3475 gentes
862 3422 935 3459 esse·
976 3417 1114 3483 praecepto
1134 3410 1210 3464 illius
1232 3408 1333 3479 quibus
1351 3422 1417 3460 iera
1438 3404 1551 3458 dilectio
1565 3397 1740 3472 comprobatur·

138 3487 185 3553 tis,
196 3493 225 3542 et
238 3489 427 3558 (subauditur)
437 3493 497 3561 jam
516 3509 572 3546 non
592 3494 668 3547 estis.
686 3494 802 3563 Legitur
824 3501 853 3547 et
865 3511 935 3564 gens
976 3500 1107 3554 Dicemus
1132 3504 1160 3552 et
1178 3499 1231 3552 hoc
1245 3498 1338 3568 ipsum
1353 3494 1474 3548 breviter
1486 3508 1551 3546 cuin
1571 3485 1738 3545 conclusione:

137 3576 263 3643 inbono,
280 3580 352 3635 sicut
366 3594 417 3646 est,
427 3599 483 3635 non
498 3588 609 3636 tantum
624 3600 674 3652 pro
688 3590 780 3652 gente,
799 3584 846 3637 sed
861 3589 891 3637 ut
905 3587 935 3650 il·
976 3591 1060 3642 ilhnic
1073 3593 1156 3656 potest
1172 3589 1271 3652 dicere,
1287 3584 1425 3639 Dominus
1436 3584 1527 3646 lesus,
1541 3578 1676 3639 subaudis,
1692 3572 1741 3627 stell

139 3669 247 3721 ttoillei
256 3678 432 3739 concreparet
446 3677 476 3725 in
488 3689 575 3726 uuum
594 3675 681 3742 (locri.
699 3677 746 3739 xi).
765 3675 806 3727 ild
819 3677 936 3727 sinaute-
976 3683 1019 3731 est
1033 3676 1167 3731 dicendus
1179 3675 1271 3740 eorde,
1288 3690 1336 3728 ore
1349 3678 1379 3727 et
1393 3687 1487 3744 opere,
1503 3670 1559 3724 nisi
1575 3685 1624 3739 per
1638 3663 1741 3736 Spiritum

136 3770 186 3809 cro
198 3763 276 3811 tauta
287 3765 371 3825 proiit
383 3763 567 3824 ilucebemini,
583 3767 685 3829 eiiiiies,
694 3761 828 3816 subaudis
838 3763 933 3817 eratis.
976 3772 1106 3820 sanctum
1119 3765 1205 3819 luerit
1217 3764 1402 3817 illuminatus.

139 3842 295 3901 simulacre
308 3851 383 3919 (quic
395 3850 553 3904 simulando
566 3851 706 3918 dicuntur,
724 3869 756 3905 eo
767 3852 841 3922 quod
849 3852 934 3906 simu·
1012 3857 1232 3909 hioi'sionesoero
1242 3856 1404 3921 pretiorum
1413 3854 1489 3912 sunt,
1499 3845 1740 3908 subaudisnonmt

137 3932 197 3987 lent
210 3935 351 3991 hominem
372 3943 400 3991 et
415 3955 470 3992 non
487 3939 524 3992 sit
544 3940 638 4004 hoino,
662 3956 765 4010 equum
781 3947 809 3993 et
828 3939 935 3994 nonsit
975 3943 1103 4008 ritorum,
1115 3945 1185 3995 idem
1197 3947 1290 3995 etitem
1300 3941 1424 4009 Spiritus
1432 3944 1548 3993 sanctus
1559 3939 1651 3992 manet
1661 3933 1741 3994 seraptr

136 4040 236 4094 equus,
254 4033 409 4098 caeteraque
432 4029 605 4098 hujusmodi)
618 4029 719 4083 idcirco
737 4035 815 4083 muta
839 4030 933 4100 appel·
975 4048 1048 4085 unus
1060 4032 1089 4085 in
1101 4030 1230 4085 omnibus
1242 4035 1271 4083 et
1281 4029 1451 4083 individuus.
1466 4023 1740 4097 Notandumquodim

136 4113 240 4181 lantur,
257 4111 376 4185 quietat
390 4117 600 4186 Psalmistaait)
617 4135 644 4169 os
661 4119 769 4183 liabent,
782 4124 873 4172 cliton
897 4122 934 4171 to·
975 4121 1024 4186 ait,
1040 4120 1190 4174 divisiones
1206 4119 1372 4172 meritorum
1387 4123 1462 4183 sunt,
1474 4117 1523 4170 sed
1536 4105 1740 4188 gratiarumptllt

135 4209 274 4270 orreretur:
287 4209 387 4268 ocutos,
397 4211 420 4256 et
431 4222 488 4258 aon
501 4207 630 4258 eiciebant
640 4206 725 4274 (Psoi.
738 4213 860 4269 cxxxiiii.
874 4208 933 4260 Ne·
975 4209 1381 4278 donaDcigratisdantur,non
1390 4206 1523 4261 humanis
1532 4202 1740 4260 meritissimu-

137 4306 191 4359 que
202 4291 276 4343 enirn
293 4298 335 4344 est
350 4292 465 4360 spiritus
480 4294 508 4345 in
528 4310 576 4346 ore
590 4295 723 4363 ipsorum.
741 4295 768 4348 Si
789 4296 864 4365 quod
880 4312 933 4349 au·
974 4305 1030 4352 tur.
1043 4298 1122 4352 Unde
1134 4297 1169 4350 ad
1184 4297 1324 4350 Romanos
1334 4297 1390 4350 ait:
1410 4297 1476 4363 (iiiia
1490 4299 1572 4362 prior
1588 4295 1657 4347 dedit
1672 4277 1740 4345 illl,id

136 4381 194 4429 tem
204 4376 319 4431 verbum
328 4378 363 4431 ab
378 4379 459 4432 idolis
468 4380 591 4445 auditur,
605 4381 762 4434 ‹liemonum
775 4381 932 4452 deceptioni
976 4394 1018 4441 est
1032 4388 1099 4452 Deo,
1115 4386 1198 4440 sidem
1213 4401 1293 4440 suam
1310 4391 1360 4438 aut
1383 4382 1501 4454 aliquid,
1518 4389 1542 4436 et
1563 4383 1713 4437 retribuetur
1722 4368 1740 4420 tl

137 4469 166 4517 et
179 4480 235 4517 non
250 4465 464 4520 simulacrorum
474 4465 652 4521 sensibilitati
663 4469 931 4523 ascribiturhdhaec
971 4479 1060 4545 (florio.
1072 4475 1128 4544 x1)i
1143 4474 1264 4545 Spiritus
1279 4489 1401 4544 namque
1416 4480 1530 4527 sanctus
1544 4472 1575 4526 in
1596 4471 1680 4541 seipso
1690 4471 1739 4518 uuus

135 4554 279 4608 adoranda
293 4562 350 4610 tam
364 4574 381 4610 a
394 4555 660 4626 daemonibusquam
671 4557 706 4610 ab
719 4559 893 4629 aruspicibus
904 4562 932 4612 et
972 4565 1214 4635 ideinquemanet,
1224 4563 1252 4616 id
1259 4559 1739 4626 estimmensusindivisusinsepau·

134 4647 309 4718 philosophis
325 4647 522 4719 insipientibus
538 4648 764 4718 impellebantur,
776 4655 856 4703 etest
867 4666 932 4703 sen·
974 4634 1740 4714 biliscumPatreetFilioscdilonailliusdivisasunt,qtl⁸

135 4752 182 4790 sus
200 4756 206 4790 ε
224 4737 303 4792 Sicut
317 4754 379 4791 cum
404 4743 503 4807 gentes
518 4737 626 4801 caseth,
647 4738 806 4792 carnonam
827 4739 932 4809 templa
974 4739 1323 4809 nononiuibusaequaliter
1336 4737 1530 4791 conteruntur.
1542 4727 1739 4791 Undetaiendm

135 4825 194 4880 sine
209 4829 402 4887 reluctatione,
412 4826 929 4898 proutducebamini,frequentabatis
974 4808 1739 4900 estquiaesinheusperdiviniiatispotentiamubiqueiit

134 4913 174 4966 sic
184 4916 266 4968 modo
278 4916 346 4969 dum
359 4918 476 4986 agimini
487 4917 594 4988 Spiritu
609 4923 706 4970 sancto
717 4916 870 4970 secundum
885 4933 931 4970 sa·
973 4935 1028 4973 non
1037 4926 1131 4972 tamen
1140 4917 1245 4987 ubique
1257 4921 1300 4969 est
1311 4932 1361 4986 per
1371 4913 1587 4968 inhabitationis
1602 4900 1740 4984 gratiane

134 5003 372 5071 namdoctrinain,
383 5007 416 5059 ad
430 5007 580 5061 Ecclesiam
597 5007 646 5060 Dei
663 5007 795 5067 accedite,
812 5012 840 5059 ct
857 5023 930 5077 prae·
971 5008 1000 5061 in
1011 5005 1112 5077 quihus
1123 5003 1489 5075 hahitatpei·gratiain,non
1502 4991 1738 5072 aequahurhabiat·

133 5090 220 5159 ceptis
234 5091 385 5145 salutiferis
395 5108 459 5146 cum
472 5096 547 5149 omni
560 5095 721 5148 humilitate
733 5093 928 5165 obtemperare
972 5097 1049 5150 Sicut
1063 5112 1129 5164 ergo
1149 5110 1227 5147 mare
1242 5094 1413 5147 immensum
1434 5098 1488 5157 est,
1502 5095 1531 5146 et
1542 5087 1740 5145 advenienusst

131 5178 300 5231 contendite.
315 5180 348 5231 Et
363 5182 437 5249 quod
447 5182 524 5247 dicit,
537 5190 621 5253 prout
631 5184 817 5241 ducebamini.
831 5191 926 5238 osten·
968 5185 1090 5241 cundum
1097 5182 1283 5253 capacitatem
1291 5197 1421 5234 vasorum
1429 5196 1545 5235 suoruiu
1552 5169 1738 5234 statuerentur

131 5267 172 5321 dit
184 5284 232 5320 eos
242 5272 349 5319 tantam
365 5271 573 5323 venerationem
585 5274 743 5327 exhibuisse
755 5273 927 5342 simulacris,
968 5273 1113 5335 hauriunt,
1123 5278 1151 5324 et
1166 5288 1221 5324 non
1237 5271 1400 5324 exinanitur
1410 5285 1600 5339 ernianoque
1611 5262 1737 5321 evacuatus·

127 5363 161 5411 ut
174 5372 272 5411 eorum
288 5356 393 5408 cultum
404 5373 582 5428 nequaquam
594 5360 777 5415 abhorrerent
788 5380 804 5415 a
815 5362 928 5433 quibus·
968 5368 995 5414 et
1004 5362 1077 5414 sicut
1085 5361 1171 5413 etiam
1181 5377 1212 5412 eii
1221 5344 1739 5437 unalucernapluresocoendunuohtt

128 5462 239 5516 cunque
252 5445 442 5506 hortarentur,
456 5446 497 5497 rel
512 5456 703 5513 monerentur,
716 5458 745 5503 et
757 5451 928 5505 ducerentur
969 5458 1131 5503 tamennon
1147 5449 1283 5502 decrescit
1300 5466 1306 5500 :
1323 5449 1363 5501 sic
1384 5447 1508 5518 Spiritus
1524 5451 1703 5509 senoensem
1713 5432 1738 5481 ⁵¹¹

127 5534 265 5609 personis,
280 5534 323 5588 ita
337 5539 365 5587 et
381 5549 529 5587 conversos
543 5535 632 5590 Deum
651 5538 768 5607 diligere
784 5540 925 5607 admonet,
969 5540 1133 5605 immensus,
1149 5536 1293 5592 distribuit
1315 5537 1376 5607 ipse
1395 5535 1481 5606 justis
1494 5536 1617 5607 gratiam
1629 5542 1696 5589 suam
1706 5532 1737 5574 θ’
