<?xml version="1.0" encoding="UTF-8"?>
<!DOCTYPE html PUBLIC "-//W3C//DTD XHTML 1.0 Transitional//EN"
    "http://www.w3.org/TR/xhtml1/DTD/xhtml1-transitional.dtd">
<html xmlns="http://www.w3.org/1999/xhtml" xml:lang="en" lang="en">
 <head>
  <title>
</title>
<meta http-equiv="Content-Type" content="text/html;charset=utf-8" />
  <meta name='ocr-system' content='tesseract 3.04.00' />
  <meta name='ocr-capabilities' content='ocr_page ocr_carea ocr_par ocr_line ocrx_word'/>
</head>
<body>
  <div class='ocr_page' id='page_1' title='image "./patrologiaecurs31unkngoog_0081.png"; bbox 0 0 3818 6104; ppageno 0'>
   <div class='ocr_carea' id='block_1_1' title="bbox 133 204 1776 327">
    <p class='ocr_par' dir='ltr' id='par_1_1' title="bbox 133 204 1776 327">
     <span class='ocr_line' id='line_1_1' title="bbox 133 204 1776 327; baseline -0.005 -29"><span class='ocrx_word' id='word_1_1' title='bbox 133 238 200 327; x_wconf 71' lang='grc' dir='ltr'><strong>151Ι</strong></span> <span class='ocrx_word' id='word_1_2' title='bbox 375 204 564 316; x_wconf 77' lang='lat' dir='ltr'><strong>rainonis</strong></span> <span class='ocrx_word' id='word_1_3' title='bbox 580 238 823 299; x_wconf 78' lang='lat' dir='ltr'><strong>uanusnsmr.</strong></span> <span class='ocrx_word' id='word_1_4' title='bbox 841 233 956 296; x_wconf 86' lang='lat' dir='ltr'><strong>srrsc.</strong></span> <span class='ocrx_word' id='word_1_5' title='bbox 972 230 1051 290; x_wconf 79' lang='lat' dir='ltr'><strong>oar.</strong></span> <span class='ocrx_word' id='word_1_6' title='bbox 1068 233 1160 289; x_wconf 82' lang='lat' dir='ltr'><strong>rsus</strong></span> <span class='ocrx_word' id='word_1_7' title='bbox 1172 233 1185 290; x_wconf 92' lang='lat' dir='ltr'><strong>r</strong></span> <span class='ocrx_word' id='word_1_8' title='bbox 1199 263 1232 275; x_wconf 96' lang='lat'>-</span> <span class='ocrx_word' id='word_1_9' title='bbox 1247 233 1434 292; x_wconf 81' lang='lat' dir='ltr'><strong>cosmum.</strong></span> <span class='ocrx_word' id='word_1_10' title='bbox 1449 234 1542 292; x_wconf 80' lang='lat' dir='ltr'><strong>erar.</strong></span> <span class='ocrx_word' id='word_1_11' title='bbox 1721 215 1776 292; x_wconf 80' lang='lat' dir='ltr'><strong>isa</strong></span> 
     </span>
    </p>
   </div>
   <div class='ocr_carea' id='block_1_2' title="bbox 73 358 1777 5577">
    <p class='ocr_par' dir='ltr' id='par_1_2' title="bbox 132 358 1777 2382">
     <span class='ocr_line' id='line_1_2' title="bbox 134 358 1775 438; baseline -0.005 -13"><span class='ocrx_word' id='word_1_12' title='bbox 134 369 228 425; x_wconf 89' lang='lat' dir='ltr'><strong>carnis</strong></span> <span class='ocrx_word' id='word_1_13' title='bbox 239 368 310 424; x_wconf 91' lang='lat' dir='ltr'><strong>mibi</strong></span> <span class='ocrx_word' id='word_1_14' title='bbox 320 370 434 426; x_wconf 87' lang='lat' dir='ltr'><strong>credere</strong></span> <span class='ocrx_word' id='word_1_15' title='bbox 443 369 583 434; x_wconf 91' lang='lat' dir='ltr'><strong>noluistis,</strong></span> <span class='ocrx_word' id='word_1_16' title='bbox 598 369 706 424; x_wconf 85' lang='lat' dir='ltr'><strong>veniam</strong></span> <span class='ocrx_word' id='word_1_17' title='bbox 716 369 745 422; x_wconf 91' lang='lat' dir='ltr'><strong>in</strong></span> <span class='ocrx_word' id='word_1_18' title='bbox 754 365 961 438; x_wconf 78' lang='lat' dir='ltr'><strong>consumma-A</strong></span> <span class='ocrx_word' id='word_1_19' title='bbox 973 360 1116 425; x_wconf 85' lang='lat' dir='ltr'><strong>divinatio,</strong></span> <span class='ocrx_word' id='word_1_20' title='bbox 1134 375 1185 415; x_wconf 91' lang='lat' dir='ltr'><strong>nec</strong></span> <span class='ocrx_word' id='word_1_21' title='bbox 1204 358 1308 415; x_wconf 90' lang='lat' dir='ltr'><strong>habeat</strong></span> <span class='ocrx_word' id='word_1_22' title='bbox 1320 361 1429 433; x_wconf 88' lang='lat' dir='ltr'><strong>lumen,</strong></span> <span class='ocrx_word' id='word_1_23' title='bbox 1444 362 1493 417; x_wconf 88' lang='lat' dir='ltr'><strong>sed</strong></span> <span class='ocrx_word' id='word_1_24' title='bbox 1507 362 1639 419; x_wconf 84' lang='lat' dir='ltr'><strong>tenebras</strong></span> <span class='ocrx_word' id='word_1_25' title='bbox 1648 367 1679 419; x_wconf 93' lang='lat' dir='ltr'><strong>et</strong></span> <span class='ocrx_word' id='word_1_26' title='bbox 1692 377 1775 418; x_wconf 88' lang='lat' dir='ltr'><strong>erro·</strong></span> 
     </span>
     <span class='ocr_line' id='line_1_3' title="bbox 133 449 1777 529; baseline -0.004 -16"><span class='ocrx_word' id='word_1_27' title='bbox 133 459 211 514; x_wconf 87' lang='lat' dir='ltr'><strong>tione</strong></span> <span class='ocrx_word' id='word_1_28' title='bbox 225 458 319 513; x_wconf 76' lang='lat' dir='ltr'><strong>saeculi</strong></span> <span class='ocrx_word' id='word_1_29' title='bbox 332 459 362 512; x_wconf 93' lang='lat' dir='ltr'><strong>in</strong></span> <span class='ocrx_word' id='word_1_30' title='bbox 376 459 535 529; x_wconf 88' lang='lat' dir='ltr'><strong>majestate,</strong></span> <span class='ocrx_word' id='word_1_31' title='bbox 547 462 575 511; x_wconf 91' lang='lat' dir='ltr'><strong>et</strong></span> <span class='ocrx_word' id='word_1_32' title='bbox 583 463 651 511; x_wconf 91' lang='lat' dir='ltr'><strong>tunc</strong></span> <span class='ocrx_word' id='word_1_33' title='bbox 661 455 838 515; x_wconf 88' lang='lat' dir='ltr'><strong>stillabotibi,</strong></span> <span class='ocrx_word' id='word_1_34' title='bbox 850 454 879 508; x_wconf 90' lang='lat' dir='ltr'><strong>id</strong></span> <span class='ocrx_word' id='word_1_35' title='bbox 888 459 933 507; x_wconf 90' lang='lat' dir='ltr'><strong>est</strong></span> <span class='ocrx_word' id='word_1_36' title='bbox 972 465 1042 502; x_wconf 89' lang='lat' dir='ltr'><strong>rem.</strong></span> <span class='ocrx_word' id='word_1_37' title='bbox 1059 449 1094 503; x_wconf 84' lang='lat' dir='ltr'><strong>Et</strong></span> <span class='ocrx_word' id='word_1_38' title='bbox 1111 465 1174 503; x_wconf 90' lang='lat' dir='ltr'><strong>curu</strong></span> <span class='ocrx_word' id='word_1_39' title='bbox 1190 464 1247 503; x_wconf 91' lang='lat' dir='ltr'><strong>non</strong></span> <span class='ocrx_word' id='word_1_40' title='bbox 1267 450 1396 506; x_wconf 78' lang='lat' dir='ltr'><strong>venerint</strong></span> <span class='ocrx_word' id='word_1_41' title='bbox 1412 468 1474 522; x_wconf 80' lang='lat' dir='ltr'><strong>quse</strong></span> <span class='ocrx_word' id='word_1_42' title='bbox 1488 453 1688 523; x_wconf 87' lang='lat' dir='ltr'><strong>promiserant,</strong></span> <span class='ocrx_word' id='word_1_43' title='bbox 1705 459 1777 507; x_wconf 89' lang='lat' dir='ltr'><strong>tunc</strong></span> 
     </span>
     <span class='ocr_line' id='line_1_4' title="bbox 134 536 1777 618; baseline -0.003 -17"><span class='ocrx_word' id='word_1_44' title='bbox 134 545 290 618; x_wconf 86' lang='lat' dir='ltr'>propinabo</span> <span class='ocrx_word' id='word_1_45' title='bbox 304 546 400 602; x_wconf 87' lang='lat' dir='ltr'><strong>vinum</strong></span> <span class='ocrx_word' id='word_1_46' title='bbox 415 546 535 616; x_wconf 84' lang='lat' dir='ltr'><strong>Spiritus</strong></span> <span class='ocrx_word' id='word_1_47' title='bbox 548 545 646 609; x_wconf 88' lang='lat' dir='ltr'><strong>sancti,</strong></span> <span class='ocrx_word' id='word_1_48' title='bbox 664 545 759 598; x_wconf 87' lang='lat' dir='ltr'><strong>vinum</strong></span> <span class='ocrx_word' id='word_1_49' title='bbox 771 543 858 598; x_wconf 88' lang='lat' dir='ltr'><strong>divini</strong></span> <span class='ocrx_word' id='word_1_50' title='bbox 871 558 930 596; x_wconf 90' lang='lat' dir='ltr'><strong>ser·</strong></span> <span class='ocrx_word' id='word_1_51' title='bbox 973 536 1119 592; x_wconf 90' lang='lat' dir='ltr'><strong>occumbat</strong></span> <span class='ocrx_word' id='word_1_52' title='bbox 1134 537 1175 591; x_wconf 88' lang='lat' dir='ltr'><strong>eis</strong></span> <span class='ocrx_word' id='word_1_53' title='bbox 1199 537 1252 606; x_wconf 90' lang='lat' dir='ltr'><strong>sol,</strong></span> <span class='ocrx_word' id='word_1_54' title='bbox 1273 543 1302 593; x_wconf 93' lang='lat' dir='ltr'><strong>et</strong></span> <span class='ocrx_word' id='word_1_55' title='bbox 1322 539 1487 609; x_wconf 87' lang='lat' dir='ltr'><strong>operiantur</strong></span> <span class='ocrx_word' id='word_1_56' title='bbox 1507 541 1682 608; x_wconf 86' lang='lat' dir='ltr'><strong>contusione,</strong></span> <span class='ocrx_word' id='word_1_57' title='bbox 1704 541 1777 613; x_wconf 91' lang='lat' dir='ltr'><strong>quia</strong></span> 
     </span>
     <span class='ocr_line' id='line_1_5' title="bbox 134 624 1777 706; baseline -0.002 -18"><span class='ocrx_word' id='word_1_58' title='bbox 134 635 228 689; x_wconf 89' lang='lat' dir='ltr'><strong>monis</strong></span> <span class='ocrx_word' id='word_1_59' title='bbox 240 651 295 706; x_wconf 94' lang='lat' dir='ltr'><strong>quo</strong></span> <span class='ocrx_word' id='word_1_60' title='bbox 310 634 429 706; x_wconf 90' lang='lat' dir='ltr'><strong>apostoli</strong></span> <span class='ocrx_word' id='word_1_61' title='bbox 443 633 488 687; x_wconf 89' lang='lat' dir='ltr'><strong>die</strong></span> <span class='ocrx_word' id='word_1_62' title='bbox 509 632 687 686; x_wconf 89' lang='lat' dir='ltr'><strong>Pentecostes</strong></span> <span class='ocrx_word' id='word_1_63' title='bbox 708 629 840 685; x_wconf 86' lang='lat' dir='ltr'><strong>inebriati</strong></span> <span class='ocrx_word' id='word_1_64' title='bbox 853 634 929 695; x_wconf 92' lang='lat' dir='ltr'><strong>sunt,</strong></span> <span class='ocrx_word' id='word_1_65' title='bbox 972 625 1078 680; x_wconf 84' lang='lat' dir='ltr'><strong>scietur</strong></span> <span class='ocrx_word' id='word_1_66' title='bbox 1089 624 1162 697; x_wconf 92' lang='lat' dir='ltr'><strong>quod</strong></span> <span class='ocrx_word' id='word_1_67' title='bbox 1171 625 1270 679; x_wconf 91' lang='lat' dir='ltr'><strong>nonsit</strong></span> <span class='ocrx_word' id='word_1_68' title='bbox 1278 642 1443 697; x_wconf 89' lang='lat' dir='ltr'><strong>responsum</strong></span> <span class='ocrx_word' id='word_1_69' title='bbox 1451 629 1513 696; x_wconf 90' lang='lat' dir='ltr'><strong>Dei,</strong></span> <span class='ocrx_word' id='word_1_70' title='bbox 1524 630 1573 684; x_wconf 89' lang='lat' dir='ltr'><strong>sed</strong></span> <span class='ocrx_word' id='word_1_71' title='bbox 1582 628 1661 685; x_wconf 83' lang='lat' dir='ltr'><strong>fraus</strong></span> <span class='ocrx_word' id='word_1_72' title='bbox 1670 629 1777 684; x_wconf 79' lang='lat' dir='ltr'><strong>damo-</strong></span> 
     </span>
     <span class='ocr_line' id='line_1_6' title="bbox 135 713 1505 794; baseline -0.004 -17"><span class='ocrx_word' id='word_1_73' title='bbox 135 722 211 777; x_wconf 89' lang='lat' dir='ltr'><strong>etde</strong></span> <span class='ocrx_word' id='word_1_74' title='bbox 223 739 278 794; x_wconf 93' lang='lat' dir='ltr'><strong>quo</strong></span> <span class='ocrx_word' id='word_1_75' title='bbox 292 740 342 794; x_wconf 92' lang='lat' dir='ltr'><strong>per</strong></span> <span class='ocrx_word' id='word_1_76' title='bbox 351 721 528 777; x_wconf 75' lang='lat' dir='ltr'><strong>Psalmis-tam</strong></span> <span class='ocrx_word' id='word_1_77' title='bbox 544 719 648 774; x_wconf 90' lang='lat' dir='ltr'><strong>dicitur</strong></span> <span class='ocrx_word' id='word_1_78' title='bbox 663 738 668 772; x_wconf 95' lang='lat'><strong>:</strong></span> <span class='ocrx_word' id='word_1_79' title='bbox 685 719 793 774; x_wconf 80' lang='lat' dir='ltr'><strong>Potasti</strong></span> <span class='ocrx_word' id='word_1_80' title='bbox 806 735 858 773; x_wconf 92' lang='lat' dir='ltr'><strong>nos</strong></span> <span class='ocrx_word' id='word_1_81' title='bbox 867 717 932 772; x_wconf 89' lang='lat' dir='ltr'><strong>vino</strong></span> <span class='ocrx_word' id='word_1_82' title='bbox 972 727 1041 768; x_wconf 91' lang='lat' dir='ltr'><strong>num</strong></span> <span class='ocrx_word' id='word_1_83' title='bbox 1055 713 1185 767; x_wconf 86' lang='lat' dir='ltr'><strong>homines</strong></span> <span class='ocrx_word' id='word_1_84' title='bbox 1198 713 1328 785; x_wconf 80' lang='lat' dir='ltr'><strong>decipere</strong></span> <span class='ocrx_word' id='word_1_85' title='bbox 1342 715 1505 772; x_wconf 85' lang='lat' dir='ltr'><strong>volentium.</strong></span> 
     </span>
     <span class='ocr_line' id='line_1_7' title="bbox 133 802 1776 882; baseline -0.002 -18"><span class='ocrx_word' id='word_1_86' title='bbox 133 810 368 882; x_wconf 82' lang='lat' dir='ltr'><strong>compunctionis.</strong></span> <span class='ocrx_word' id='word_1_87' title='bbox 384 830 396 862; x_wconf 79' lang='lat' dir='ltr'><strong>s</strong></span> <span class='ocrx_word' id='word_1_88' title='bbox 417 811 518 864; x_wconf 87' lang='lat' dir='ltr'><strong>Totum</strong></span> <span class='ocrx_word' id='word_1_89' title='bbox 528 813 557 863; x_wconf 92' lang='lat' dir='ltr'><strong>te</strong></span> <span class='ocrx_word' id='word_1_90' title='bbox 569 809 598 863; x_wconf 93' lang='lat' dir='ltr'><strong>in</strong></span> <span class='ocrx_word' id='word_1_91' title='bbox 613 825 702 864; x_wconf 91' lang='lat' dir='ltr'><strong>unum</strong></span> <span class='ocrx_word' id='word_1_92' title='bbox 718 807 871 862; x_wconf 84' lang='lat' dir='ltr'>conducam</span> <span class='ocrx_word' id='word_1_93' title='bbox 885 823 931 862; x_wconf 89' lang='lat' dir='ltr'><strong>re·</strong></span> <span class='ocrx_word' id='word_1_94' title='bbox 1009 802 1237 857; x_wconf 81' lang='lat' dir='ltr'><strong>«Verumtamen</strong></span> <span class='ocrx_word' id='word_1_95' title='bbox 1252 818 1304 873; x_wconf 86' lang='lat' dir='ltr'><strong>ego</strong></span> <span class='ocrx_word' id='word_1_96' title='bbox 1317 803 1441 874; x_wconf 90' lang='lat' dir='ltr'><strong>repletus</strong></span> <span class='ocrx_word' id='word_1_97' title='bbox 1455 821 1518 860; x_wconf 89' lang='lat' dir='ltr'><strong>sum</strong></span> <span class='ocrx_word' id='word_1_98' title='bbox 1527 803 1694 862; x_wconf 84' lang='lat' dir='ltr'><strong>fortitudine</strong></span> <span class='ocrx_word' id='word_1_99' title='bbox 1708 806 1776 878; x_wconf 88' lang='lat' dir='ltr'><strong>Spi-</strong></span> 
     </span>
     <span class='ocr_line' id='line_1_8' title="bbox 133 890 1775 970; baseline -0.002 -17"><span class='ocrx_word' id='word_1_100' title='bbox 133 898 238 970; x_wconf 88' lang='lat' dir='ltr'><strong>liquias</strong></span> <span class='ocrx_word' id='word_1_101' title='bbox 251 900 347 966; x_wconf 90' lang='lat' dir='ltr'><strong>lsrael,</strong></span> <span class='ocrx_word' id='word_1_102' title='bbox 363 897 468 969; x_wconf 89' lang='lat' dir='ltr'><strong>pariter</strong></span> <span class='ocrx_word' id='word_1_103' title='bbox 478 913 581 968; x_wconf 87' lang='lat' dir='ltr'><strong>ponam</strong></span> <span class='ocrx_word' id='word_1_104' title='bbox 590 896 669 952; x_wconf 90' lang='lat' dir='ltr'><strong>illum</strong></span> <span class='ocrx_word' id='word_1_105' title='bbox 686 895 765 969; x_wconf 87' lang='lat' dir='ltr'><strong>quasi</strong></span> <span class='ocrx_word' id='word_1_106' title='bbox 777 910 892 966; x_wconf 82' lang='lat' dir='ltr'>gregem</span> <span class='ocrx_word' id='word_1_107' title='bbox 902 894 932 948; x_wconf 94' lang='lat' dir='ltr'><strong>in</strong></span> <span class='ocrx_word' id='word_1_108' title='bbox 971 891 1044 945; x_wconf 87' lang='lat' dir='ltr'><strong>ritus</strong></span> <span class='ocrx_word' id='word_1_109' title='bbox 1054 890 1175 953; x_wconf 85' lang='lat' dir='ltr'><strong>Domini,</strong></span> <span class='ocrx_word' id='word_1_110' title='bbox 1187 891 1295 960; x_wconf 86' lang='lat' dir='ltr'><strong>judicio</strong></span> <span class='ocrx_word' id='word_1_111' title='bbox 1310 897 1341 947; x_wconf 92' lang='lat' dir='ltr'><strong>et</strong></span> <span class='ocrx_word' id='word_1_112' title='bbox 1352 893 1474 962; x_wconf 89' lang='lat' dir='ltr'><strong>virtute;</strong></span> <span class='ocrx_word' id='word_1_113' title='bbox 1494 900 1527 949; x_wconf 92' lang='lat' dir='ltr'><strong>ut</strong></span> <span class='ocrx_word' id='word_1_114' title='bbox 1541 895 1710 950; x_wconf 82' lang='lat' dir='ltr'><strong>annuntiem</strong></span> <span class='ocrx_word' id='word_1_115' title='bbox 1726 895 1775 950; x_wconf 87' lang='lat' dir='ltr'><strong>Ja-</strong></span> 
     </span>
     <span class='ocr_line' id='line_1_9' title="bbox 134 976 1776 1058; baseline -0.002 -15"><span class='ocrx_word' id='word_1_116' title='bbox 134 987 209 1054; x_wconf 88' lang='lat' dir='ltr'><strong>ovili,</strong></span> <span class='ocrx_word' id='word_1_117' title='bbox 218 988 300 1058; x_wconf 91' lang='lat' dir='ltr'><strong>quasi</strong></span> <span class='ocrx_word' id='word_1_118' title='bbox 309 1003 396 1058; x_wconf 89' lang='lat' dir='ltr'><strong>pecus</strong></span> <span class='ocrx_word' id='word_1_119' title='bbox 410 986 439 1040; x_wconf 93' lang='lat' dir='ltr'><strong>iu</strong></span> <span class='ocrx_word' id='word_1_120' title='bbox 452 986 545 1040; x_wconf 91' lang='lat' dir='ltr'><strong>medio</strong></span> <span class='ocrx_word' id='word_1_121' title='bbox 560 985 735 1051; x_wconf 68' lang='lat' dir='ltr'><strong>caularum·</strong></span> <span class='ocrx_word' id='word_1_122' title='bbox 748 984 801 1038; x_wconf 93' lang='lat' dir='ltr'><strong>hoc</strong></span> <span class='ocrx_word' id='word_1_123' title='bbox 811 989 863 1050; x_wconf 88' lang='lat' dir='ltr'><strong>est,</strong></span> <span class='ocrx_word' id='word_1_124' title='bbox 875 999 933 1038; x_wconf 91' lang='lat' dir='ltr'><strong>cre·</strong></span> <span class='ocrx_word' id='word_1_125' title='bbox 972 976 1024 1032; x_wconf 92' lang='lat' dir='ltr'><strong>cob</strong></span> <span class='ocrx_word' id='word_1_126' title='bbox 1038 979 1128 1034; x_wconf 91' lang='lat' dir='ltr'><strong>scelus</strong></span> <span class='ocrx_word' id='word_1_127' title='bbox 1139 996 1233 1048; x_wconf 90' lang='lat' dir='ltr'><strong>suum,</strong></span> <span class='ocrx_word' id='word_1_128' title='bbox 1244 985 1273 1033; x_wconf 87' lang='lat' dir='ltr'><strong>et</strong></span> <span class='ocrx_word' id='word_1_129' title='bbox 1286 978 1375 1036; x_wconf 90' lang='lat' dir='ltr'><strong>Israel</strong></span> <span class='ocrx_word' id='word_1_130' title='bbox 1386 988 1532 1053; x_wconf 86' lang='lat' dir='ltr'><strong>peccatum</strong></span> <span class='ocrx_word' id='word_1_131' title='bbox 1548 1000 1640 1040; x_wconf 88' lang='lat' dir='ltr'><strong>suum.</strong></span> <span class='ocrx_word' id='word_1_132' title='bbox 1659 1001 1673 1039; x_wconf 81' lang='lat' dir='ltr'><strong>r</strong></span> <span class='ocrx_word' id='word_1_133' title='bbox 1689 984 1733 1039; x_wconf 90' lang='lat' dir='ltr'><strong>De</strong></span> <span class='ocrx_word' id='word_1_134' title='bbox 1743 1000 1776 1039; x_wconf 89' lang='lat' dir='ltr'><strong>se</strong></span> 
     </span>
     <span class='ocr_line' id='line_1_10' title="bbox 133 1067 1776 1144; baseline 0.002 -19"><span class='ocrx_word' id='word_1_135' title='bbox 133 1070 233 1126; x_wconf 88' lang='lat' dir='ltr'><strong>dentes</strong></span> <span class='ocrx_word' id='word_1_136' title='bbox 252 1087 286 1125; x_wconf 82' lang='lat' dir='ltr'><strong>ex</strong></span> <span class='ocrx_word' id='word_1_137' title='bbox 307 1076 427 1142; x_wconf 89' lang='lat' dir='ltr'><strong>utroque</strong></span> <span class='ocrx_word' id='word_1_138' title='bbox 451 1070 554 1142; x_wconf 92' lang='lat' dir='ltr'><strong>populo</strong></span> <span class='ocrx_word' id='word_1_139' title='bbox 576 1069 683 1140; x_wconf 74' lang='lat' dir='ltr'><strong>petitor</strong></span> <span class='ocrx_word' id='word_1_140' title='bbox 701 1069 731 1122; x_wconf 92' lang='lat' dir='ltr'><strong>in</strong></span> <span class='ocrx_word' id='word_1_141' title='bbox 745 1068 811 1123; x_wconf 89' lang='lat' dir='ltr'><strong>ovili</strong></span> <span class='ocrx_word' id='word_1_142' title='bbox 829 1067 932 1139; x_wconf 91' lang='lat' dir='ltr'><strong>quietis</strong></span> <span class='ocrx_word' id='word_1_143' title='bbox 973 1084 1047 1122; x_wconf 91' lang='lat' dir='ltr'><strong>nunc</strong></span> <span class='ocrx_word' id='word_1_144' title='bbox 1057 1067 1125 1123; x_wconf 92' lang='lat' dir='ltr'><strong>dicit</strong></span> <span class='ocrx_word' id='word_1_145' title='bbox 1135 1069 1272 1139; x_wconf 81' lang='lat' dir='ltr'><strong>propheta</strong></span> <span class='ocrx_word' id='word_1_146' title='bbox 1283 1071 1346 1140; x_wconf 90' lang='lat' dir='ltr'><strong>quia</strong></span> <span class='ocrx_word' id='word_1_147' title='bbox 1358 1072 1610 1144; x_wconf 89' lang='lat' dir='ltr'><strong>pseudoprophetis</strong></span> <span class='ocrx_word' id='word_1_148' title='bbox 1620 1073 1691 1129; x_wconf 86' lang='lat' dir='ltr'><strong>falsa</strong></span> <span class='ocrx_word' id='word_1_149' title='bbox 1705 1074 1776 1128; x_wconf 90' lang='lat' dir='ltr'><strong>vati-</strong></span> 
     </span>
     <span class='ocr_line' id='line_1_11' title="bbox 134 1155 1775 1233; baseline 0.002 -19"><span class='ocrx_word' id='word_1_150' title='bbox 134 1163 246 1214; x_wconf 76' lang='lat' dir='ltr'><strong>aeternae</strong></span> <span class='ocrx_word' id='word_1_151' title='bbox 254 1159 401 1231; x_wconf 93' lang='lat' dir='ltr'><strong>copulabo.</strong></span> <span class='ocrx_word' id='word_1_152' title='bbox 419 1157 704 1214; x_wconf 81' lang='lat' dir='ltr'><strong>cTumultuabuntur</strong></span> <span class='ocrx_word' id='word_1_153' title='bbox 717 1174 735 1211; x_wconf 90' lang='lat' dir='ltr'><strong>a</strong></span> <span class='ocrx_word' id='word_1_154' title='bbox 750 1156 932 1211; x_wconf 89' lang='lat' dir='ltr'><strong>multitudine</strong></span> <span class='ocrx_word' id='word_1_155' title='bbox 973 1155 1133 1210; x_wconf 89' lang='lat' dir='ltr'><strong>cinantibus</strong></span> <span class='ocrx_word' id='word_1_156' title='bbox 1147 1162 1176 1210; x_wconf 92' lang='lat' dir='ltr'><strong>et</strong></span> <span class='ocrx_word' id='word_1_157' title='bbox 1190 1157 1294 1228; x_wconf 81' lang='lat' dir='ltr'><strong>opertis</strong></span> <span class='ocrx_word' id='word_1_158' title='bbox 1303 1159 1539 1233; x_wconf 81' lang='lat' dir='ltr'><strong>confusione,ipse</strong></span> <span class='ocrx_word' id='word_1_159' title='bbox 1548 1162 1639 1216; x_wconf 91' lang='lat' dir='ltr'><strong>sancti</strong></span> <span class='ocrx_word' id='word_1_160' title='bbox 1650 1161 1775 1233; x_wconf 87' lang='lat' dir='ltr'><strong>Spiritus</strong></span> 
     </span>
     <span class='ocr_line' id='line_1_12' title="bbox 133 1243 1776 1320; baseline 0.002 -18"><span class='ocrx_word' id='word_1_161' title='bbox 133 1246 314 1303; x_wconf 78' lang='lat' dir='ltr'><strong>hominum.»</strong></span> <span class='ocrx_word' id='word_1_162' title='bbox 324 1249 387 1302; x_wconf 84' lang='lat' dir='ltr'><strong>lam</strong></span> <span class='ocrx_word' id='word_1_163' title='bbox 395 1253 493 1318; x_wconf 86' lang='lat' dir='ltr'><strong>aperte</strong></span> <span class='ocrx_word' id='word_1_164' title='bbox 502 1245 665 1301; x_wconf 81' lang='lat' dir='ltr'><strong>ostenditde</strong></span> <span class='ocrx_word' id='word_1_165' title='bbox 674 1244 879 1317; x_wconf 91' lang='lat' dir='ltr'><strong>quibusovibus</strong></span> <span class='ocrx_word' id='word_1_166' title='bbox 889 1243 933 1298; x_wconf 88' lang='lat' dir='ltr'><strong>rel</strong></span> <span class='ocrx_word' id='word_1_167' title='bbox 974 1245 1110 1299; x_wconf 89' lang='lat' dir='ltr'><strong>instinctu</strong></span> <span class='ocrx_word' id='word_1_168' title='bbox 1124 1247 1265 1316; x_wconf 90' lang='lat' dir='ltr'><strong>loquatur,</strong></span> <span class='ocrx_word' id='word_1_169' title='bbox 1276 1250 1464 1304; x_wconf 89' lang='lat' dir='ltr'><strong>etaununtiet</strong></span> <span class='ocrx_word' id='word_1_170' title='bbox 1472 1250 1611 1320; x_wconf 90' lang='lat' dir='ltr'><strong>judicium</strong></span> <span class='ocrx_word' id='word_1_171' title='bbox 1623 1251 1776 1306; x_wconf 91' lang='lat' dir='ltr'><strong>Dominiet</strong></span> 
     </span>
     <span class='ocr_line' id='line_1_13' title="bbox 132 1333 1777 1410; baseline 0.002 -20"><span class='ocrx_word' id='word_1_172' title='bbox 132 1335 267 1408; x_wconf 79' lang='lat' dir='ltr'><strong>gregibus</strong></span> <span class='ocrx_word' id='word_1_173' title='bbox 280 1335 390 1389; x_wconf 86' lang='lat' dir='ltr'><strong>dixerit.</strong></span> <span class='ocrx_word' id='word_1_174' title='bbox 405 1334 674 1402; x_wconf 80' lang='lat' dir='ltr'><strong>Tusuultuabuntur,</strong></span> <span class='ocrx_word' id='word_1_175' title='bbox 685 1333 714 1388; x_wconf 91' lang='lat' dir='ltr'><strong>id</strong></span> <span class='ocrx_word' id='word_1_176' title='bbox 728 1339 781 1399; x_wconf 89' lang='lat' dir='ltr'><strong>est,</strong></span> <span class='ocrx_word' id='word_1_177' title='bbox 797 1333 932 1388; x_wconf 80' lang='lat' dir='ltr'><strong>vocifera-</strong></span> <span class='ocrx_word' id='word_1_178' title='bbox 972 1334 1185 1401; x_wconf 87' lang='lat' dir='ltr'><strong>veritatem‚uec</strong></span> <span class='ocrx_word' id='word_1_179' title='bbox 1198 1351 1295 1406; x_wconf 90' lang='lat' dir='ltr'><strong>pacem</strong></span> <span class='ocrx_word' id='word_1_180' title='bbox 1310 1336 1383 1392; x_wconf 89' lang='lat' dir='ltr'><strong>sicut</strong></span> <span class='ocrx_word' id='word_1_181' title='bbox 1391 1337 1432 1393; x_wconf 92' lang='lat' dir='ltr'><strong>illi</strong></span> <span class='ocrx_word' id='word_1_182' title='bbox 1446 1339 1587 1410; x_wconf 80' lang='lat' dir='ltr'><strong>praedicet,</strong></span> <span class='ocrx_word' id='word_1_183' title='bbox 1602 1339 1777 1394; x_wconf 84' lang='lat' dir='ltr'><strong>utmordeat</strong></span> 
     </span>
     <span class='ocr_line' id='line_1_14' title="bbox 134 1422 1776 1495; baseline 0.003 -17"><span class='ocrx_word' id='word_1_184' title='bbox 134 1422 252 1489; x_wconf 88' lang='lat' dir='ltr'><strong>buntur,</strong></span> <span class='ocrx_word' id='word_1_185' title='bbox 265 1422 370 1478; x_wconf 86' lang='lat' dir='ltr'><strong>bonum</strong></span> <span class='ocrx_word' id='word_1_186' title='bbox 383 1429 525 1495; x_wconf 82' lang='lat' dir='ltr'><strong>pastorem</strong></span> <span class='ocrx_word' id='word_1_187' title='bbox 534 1423 692 1488; x_wconf 91' lang='lat' dir='ltr'><strong>laudantes,</strong></span> <span class='ocrx_word' id='word_1_188' title='bbox 709 1422 756 1493; x_wconf 91' lang='lat' dir='ltr'><strong>qui</strong></span> <span class='ocrx_word' id='word_1_189' title='bbox 770 1438 818 1476; x_wconf 88' lang='lat' dir='ltr'><strong>eos</strong></span> <span class='ocrx_word' id='word_1_190' title='bbox 831 1437 932 1493; x_wconf 78' lang='lat' dir='ltr'><strong>praece·</strong></span> <span class='ocrx_word' id='word_1_191' title='bbox 972 1422 1090 1494; x_wconf 90' lang='lat' dir='ltr'><strong>aliquid,</strong></span> <span class='ocrx_word' id='word_1_192' title='bbox 1105 1423 1154 1478; x_wconf 92' lang='lat' dir='ltr'><strong>sed</strong></span> <span class='ocrx_word' id='word_1_193' title='bbox 1169 1424 1319 1479; x_wconf 90' lang='lat' dir='ltr'><strong>annuntiet</strong></span> <span class='ocrx_word' id='word_1_194' title='bbox 1331 1427 1345 1480; x_wconf 87' lang='lat' dir='ltr'>J</span> <span class='ocrx_word' id='word_1_195' title='bbox 1348 1425 1416 1480; x_wconf 89' lang='lat' dir='ltr'><strong>acob</strong></span> <span class='ocrx_word' id='word_1_196' title='bbox 1430 1428 1521 1482; x_wconf 89' lang='lat' dir='ltr'><strong>scelus</strong></span> <span class='ocrx_word' id='word_1_197' title='bbox 1534 1443 1627 1495; x_wconf 88' lang='lat' dir='ltr'><strong>suum,</strong></span> <span class='ocrx_word' id='word_1_198' title='bbox 1644 1433 1674 1482; x_wconf 90' lang='lat' dir='ltr'><strong>et</strong></span> <span class='ocrx_word' id='word_1_199' title='bbox 1684 1428 1776 1483; x_wconf 87' lang='lat' dir='ltr'><strong>lsrael</strong></span> 
     </span>
     <span class='ocr_line' id='line_1_15' title="bbox 135 1510 1776 1587; baseline 0.002 -20"><span class='ocrx_word' id='word_1_200' title='bbox 135 1511 193 1578; x_wconf 90' lang='lat' dir='ltr'><strong>det,</strong></span> <span class='ocrx_word' id='word_1_201' title='bbox 209 1517 239 1567; x_wconf 89' lang='lat' dir='ltr'><strong>et</strong></span> <span class='ocrx_word' id='word_1_202' title='bbox 250 1511 306 1566; x_wconf 89' lang='lat' dir='ltr'><strong>iter</strong></span> <span class='ocrx_word' id='word_1_203' title='bbox 318 1512 424 1583; x_wconf 88' lang='lat' dir='ltr'><strong>pandet</strong></span> <span class='ocrx_word' id='word_1_204' title='bbox 437 1518 503 1567; x_wconf 89' lang='lat' dir='ltr'><strong>ante</strong></span> <span class='ocrx_word' id='word_1_205' title='bbox 521 1528 580 1567; x_wconf 91' lang='lat' dir='ltr'><strong>eos.</strong></span> <span class='ocrx_word' id='word_1_206' title='bbox 595 1510 660 1582; x_wconf 90' lang='lat' dir='ltr'><strong>Ipse</strong></span> <span class='ocrx_word' id='word_1_207' title='bbox 673 1527 720 1565; x_wconf 91' lang='lat' dir='ltr'><strong>eos</strong></span> <span class='ocrx_word' id='word_1_208' title='bbox 734 1527 785 1582; x_wconf 92' lang='lat' dir='ltr'><strong>per</strong></span> <span class='ocrx_word' id='word_1_209' title='bbox 799 1527 830 1564; x_wconf 90' lang='lat' dir='ltr'><strong>se</strong></span> <span class='ocrx_word' id='word_1_210' title='bbox 848 1510 932 1566; x_wconf 90' lang='lat' dir='ltr'><strong>ducet</strong></span> <span class='ocrx_word' id='word_1_211' title='bbox 971 1516 1118 1583; x_wconf 92' lang='lat' dir='ltr'><strong>peccatum</strong></span> <span class='ocrx_word' id='word_1_212' title='bbox 1130 1513 1378 1584; x_wconf 89' lang='lat' dir='ltr'><strong>suum,quiaidola</strong></span> <span class='ocrx_word' id='word_1_213' title='bbox 1388 1516 1776 1587; x_wconf 71' lang='lat' dir='ltr'><strong>proDeocoluemntetquia</strong></span> 
     </span>
     <span class='ocr_line' id='line_1_16' title="bbox 134 1599 1775 1692; baseline 0.003 -38"><span class='ocrx_word' id='word_1_214' title='bbox 134 1600 219 1656; x_wconf 89' lang='lat' dir='ltr'><strong>adse.</strong></span> <span class='ocrx_word' id='word_1_215' title='bbox 240 1599 321 1656; x_wconf 89' lang='lat' dir='ltr'><strong>Unde</strong></span> <span class='ocrx_word' id='word_1_216' title='bbox 334 1600 464 1672; x_wconf 84' lang='lat' dir='ltr'><strong>sequitur</strong></span> <span class='ocrx_word' id='word_1_217' title='bbox 478 1619 484 1656; x_wconf 92' lang='lat'><strong>:</strong></span> <span class='ocrx_word' id='word_1_218' title='bbox 937 1601 1117 1692; x_wconf 76' lang='lat' dir='ltr'><strong>Bchristum</strong></span> <span class='ocrx_word' id='word_1_219' title='bbox 1128 1602 1334 1657; x_wconf 81' lang='lat' dir='ltr'><strong>crucifixerunt.</strong></span> <span class='ocrx_word' id='word_1_220' title='bbox 1347 1604 1469 1659; x_wconf 81' lang='lat' dir='ltr'><strong>Possunt</strong></span> <span class='ocrx_word' id='word_1_221' title='bbox 1482 1604 1542 1659; x_wconf 76' lang='lat' dir='ltr'><strong>bec</strong></span> <span class='ocrx_word' id='word_1_222' title='bbox 1556 1605 1656 1659; x_wconf 84' lang='lat' dir='ltr'><strong>referri</strong></span> <span class='ocrx_word' id='word_1_223' title='bbox 1670 1604 1708 1659; x_wconf 88' lang='lat' dir='ltr'><strong>ad</strong></span> <span class='ocrx_word' id='word_1_224' title='bbox 1722 1605 1775 1660; x_wconf 92' lang='lat' dir='ltr'><strong>dc-</strong></span> 
     </span>
     <span class='ocr_line' id='line_1_17' title="bbox 172 1686 1775 1766; baseline 0.005 -25"><span class='ocrx_word' id='word_1_225' title='bbox 172 1705 186 1741; x_wconf 82' lang='lat' dir='ltr'><strong>o</strong></span> <span class='ocrx_word' id='word_1_226' title='bbox 199 1688 340 1744; x_wconf 74' lang='lat' dir='ltr'><strong>Ascendet</strong></span> <span class='ocrx_word' id='word_1_227' title='bbox 353 1689 428 1743; x_wconf 89' lang='lat' dir='ltr'><strong>enim</strong></span> <span class='ocrx_word' id='word_1_228' title='bbox 443 1688 568 1759; x_wconf 89' lang='lat' dir='ltr'><strong>pandens</strong></span> <span class='ocrx_word' id='word_1_229' title='bbox 583 1687 638 1742; x_wconf 90' lang='lat' dir='ltr'><strong>iter</strong></span> <span class='ocrx_word' id='word_1_230' title='bbox 650 1691 716 1741; x_wconf 88' lang='lat' dir='ltr'><strong>ante</strong></span> <span class='ocrx_word' id='word_1_231' title='bbox 727 1703 792 1754; x_wconf 88' lang='lat' dir='ltr'><strong>eos;</strong></span> <span class='ocrx_word' id='word_1_232' title='bbox 808 1686 933 1742; x_wconf 88' lang='lat' dir='ltr'><strong>divident</strong></span> <span class='ocrx_word' id='word_1_233' title='bbox 972 1694 1065 1744; x_wconf 91' lang='lat' dir='ltr'><strong>ctores</strong></span> <span class='ocrx_word' id='word_1_234' title='bbox 1071 1690 1218 1761; x_wconf 88' lang='lat' dir='ltr'><strong>pessimos,</strong></span> <span class='ocrx_word' id='word_1_235' title='bbox 1230 1691 1279 1762; x_wconf 92' lang='lat' dir='ltr'><strong>qui</strong></span> <span class='ocrx_word' id='word_1_236' title='bbox 1287 1692 1338 1746; x_wconf 94' lang='lat' dir='ltr'><strong>Dei</strong></span> <span class='ocrx_word' id='word_1_237' title='bbox 1347 1693 1480 1764; x_wconf 93' lang='lat' dir='ltr'><strong>populum</strong></span> <span class='ocrx_word' id='word_1_238' title='bbox 1492 1692 1775 1766; x_wconf 87' lang='lat' dir='ltr'><strong>adulandcsupplan-</strong></span> 
     </span>
     <span class='ocr_line' id='line_1_18' title="bbox 136 1775 1775 1848; baseline 0.004 -17"><span class='ocrx_word' id='word_1_239' title='bbox 136 1781 166 1831; x_wconf 89' lang='lat' dir='ltr'><strong>et</strong></span> <span class='ocrx_word' id='word_1_240' title='bbox 178 1775 341 1831; x_wconf 91' lang='lat' dir='ltr'><strong>transibunt</strong></span> <span class='ocrx_word' id='word_1_241' title='bbox 360 1782 481 1847; x_wconf 89' lang='lat' dir='ltr'><strong>portam,</strong></span> <span class='ocrx_word' id='word_1_242' title='bbox 498 1782 525 1830; x_wconf 88' lang='lat' dir='ltr'><strong>et</strong></span> <span class='ocrx_word' id='word_1_243' title='bbox 544 1775 726 1846; x_wconf 78' lang='lat' dir='ltr'><strong>egredientur</strong></span> <span class='ocrx_word' id='word_1_244' title='bbox 740 1792 790 1847; x_wconf 89' lang='lat' dir='ltr'><strong>per</strong></span> <span class='ocrx_word' id='word_1_245' title='bbox 804 1792 866 1831; x_wconf 89' lang='lat' dir='ltr'><strong>eam</strong></span> <span class='ocrx_word' id='word_1_246' title='bbox 881 1793 887 1829; x_wconf 95' lang='lat'><strong>:</strong></span> <span class='ocrx_word' id='word_1_247' title='bbox 903 1781 933 1831; x_wconf 92' lang='lat' dir='ltr'><strong>et</strong></span> <span class='ocrx_word' id='word_1_248' title='bbox 972 1782 1045 1845; x_wconf 82' lang='lat' dir='ltr'><strong>tant,</strong></span> <span class='ocrx_word' id='word_1_249' title='bbox 1066 1778 1209 1833; x_wconf 87' lang='lat' dir='ltr'><strong>dicentes:</strong></span> <span class='ocrx_word' id='word_1_250' title='bbox 1235 1777 1313 1833; x_wconf 90' lang='lat' dir='ltr'><strong>Habe</strong></span> <span class='ocrx_word' id='word_1_251' title='bbox 1337 1779 1432 1846; x_wconf 86' lang='lat' dir='ltr'><strong>tidem,</strong></span> <span class='ocrx_word' id='word_1_252' title='bbox 1457 1779 1507 1834; x_wconf 89' lang='lat' dir='ltr'><strong>illa</strong></span> <span class='ocrx_word' id='word_1_253' title='bbox 1520 1787 1548 1834; x_wconf 91' lang='lat' dir='ltr'><strong>te</strong></span> <span class='ocrx_word' id='word_1_254' title='bbox 1560 1779 1696 1848; x_wconf 87' lang='lat' dir='ltr'><strong>salvabit;</strong></span> <span class='ocrx_word' id='word_1_255' title='bbox 1716 1797 1775 1837; x_wconf 91' lang='lat' dir='ltr'><strong>non</strong></span> 
     </span>
     <span class='ocr_line' id='line_1_19' title="bbox 133 1864 1776 1937; baseline 0.003 -17"><span class='ocrx_word' id='word_1_256' title='bbox 133 1864 267 1920; x_wconf 81' lang='lat' dir='ltr'><strong>transibit</strong></span> <span class='ocrx_word' id='word_1_257' title='bbox 286 1880 336 1920; x_wconf 87' lang='lat' dir='ltr'><strong>rex</strong></span> <span class='ocrx_word' id='word_1_258' title='bbox 354 1880 451 1920; x_wconf 91' lang='lat' dir='ltr'><strong>eorum</strong></span> <span class='ocrx_word' id='word_1_259' title='bbox 466 1881 562 1919; x_wconf 91' lang='lat' dir='ltr'><strong>coram</strong></span> <span class='ocrx_word' id='word_1_260' title='bbox 581 1864 631 1931; x_wconf 89' lang='lat' dir='ltr'><strong>eis,</strong></span> <span class='ocrx_word' id='word_1_261' title='bbox 647 1869 677 1918; x_wconf 91' lang='lat' dir='ltr'><strong>et</strong></span> <span class='ocrx_word' id='word_1_262' title='bbox 691 1864 826 1919; x_wconf 86' lang='lat' dir='ltr'><strong>Dominus</strong></span> <span class='ocrx_word' id='word_1_263' title='bbox 838 1866 869 1919; x_wconf 92' lang='lat' dir='ltr'><strong>in</strong></span> <span class='ocrx_word' id='word_1_264' title='bbox 884 1881 931 1920; x_wconf 91' lang='lat' dir='ltr'><strong>ca-</strong></span> <span class='ocrx_word' id='word_1_265' title='bbox 972 1882 1086 1921; x_wconf 87' lang='lat' dir='ltr'><strong>necesse</strong></span> <span class='ocrx_word' id='word_1_266' title='bbox 1102 1871 1188 1922; x_wconf 91' lang='lat' dir='ltr'><strong>estut</strong></span> <span class='ocrx_word' id='word_1_267' title='bbox 1200 1866 1378 1922; x_wconf 80' lang='lat' dir='ltr'><strong>continenter</strong></span> <span class='ocrx_word' id='word_1_268' title='bbox 1391 1868 1477 1922; x_wconf 87' lang='lat' dir='ltr'><strong>viras.</strong></span> <span class='ocrx_word' id='word_1_269' title='bbox 1492 1869 1527 1925; x_wconf 90' lang='lat' dir='ltr'><strong>Et</strong></span> <span class='ocrx_word' id='word_1_270' title='bbox 1540 1868 1592 1924; x_wconf 89' lang='lat' dir='ltr'><strong>hoc</strong></span> <span class='ocrx_word' id='word_1_271' title='bbox 1606 1868 1725 1937; x_wconf 80' lang='lat' dir='ltr'><strong>iaciunt,</strong></span> <span class='ocrx_word' id='word_1_272' title='bbox 1742 1875 1776 1925; x_wconf 92' lang='lat' dir='ltr'><strong>ut</strong></span> 
     </span>
     <span class='ocr_line' id='line_1_20' title="bbox 134 1952 1775 2026; baseline 0.004 -20"><span class='ocrx_word' id='word_1_273' title='bbox 134 1953 193 2025; x_wconf 89' lang='lat' dir='ltr'><strong>pite</strong></span> <span class='ocrx_word' id='word_1_274' title='bbox 207 1969 315 2020; x_wconf 90' lang='lat' dir='ltr'><strong>eorum,</strong></span> <span class='ocrx_word' id='word_1_275' title='bbox 333 1974 347 2003; x_wconf 72' lang='lat' dir='ltr'><strong>s</strong></span> <span class='ocrx_word' id='word_1_276' title='bbox 362 1952 498 2009; x_wconf 89' lang='lat' dir='ltr'><strong>subaudis</strong></span> <span class='ocrx_word' id='word_1_277' title='bbox 513 1953 643 2025; x_wconf 86' lang='lat' dir='ltr'><strong>princeps</strong></span> <span class='ocrx_word' id='word_1_278' title='bbox 657 1958 687 2007; x_wconf 91' lang='lat' dir='ltr'><strong>et</strong></span> <span class='ocrx_word' id='word_1_279' title='bbox 699 1958 932 2026; x_wconf 75' lang='lat' dir='ltr'><strong>praemonstrator</strong></span> <span class='ocrx_word' id='word_1_280' title='bbox 972 1955 1112 2026; x_wconf 88' lang='lat' dir='ltr'><strong>accipiant</strong></span> <span class='ocrx_word' id='word_1_281' title='bbox 1122 1956 1271 2010; x_wconf 89' lang='lat' dir='ltr'><strong>commoda</strong></span> <span class='ocrx_word' id='word_1_282' title='bbox 1284 1960 1407 2024; x_wconf 89' lang='lat' dir='ltr'><strong>terrena,</strong></span> <span class='ocrx_word' id='word_1_283' title='bbox 1419 1962 1448 2011; x_wconf 91' lang='lat' dir='ltr'><strong>et</strong></span> <span class='ocrx_word' id='word_1_284' title='bbox 1457 1962 1545 2012; x_wconf 90' lang='lat' dir='ltr'><strong>utaos</strong></span> <span class='ocrx_word' id='word_1_285' title='bbox 1555 1957 1701 2025; x_wconf 79' lang='lat' dir='ltr'><strong>devorent,</strong></span> <span class='ocrx_word' id='word_1_286' title='bbox 1715 1957 1775 2013; x_wconf 84' lang='lat' dir='ltr'><strong>sire</strong></span> 
     </span>
     <span class='ocr_line' id='line_1_21' title="bbox 134 2040 1775 2116; baseline 0.003 -21"><span class='ocrx_word' id='word_1_287' title='bbox 134 2040 290 2097; x_wconf 86' lang='lat' dir='ltr'><strong>crelestium</strong></span> <span class='ocrx_word' id='word_1_288' title='bbox 304 2056 487 2116; x_wconf 88' lang='lat' dir='ltr'><strong>pascuarum.</strong></span> <span class='ocrx_word' id='word_1_289' title='bbox 973 2043 1134 2114; x_wconf 85' lang='lat' dir='ltr'><strong>accipiendo</strong></span> <span class='ocrx_word' id='word_1_290' title='bbox 1157 2042 1231 2098; x_wconf 91' lang='lat' dir='ltr'><strong>bona</strong></span> <span class='ocrx_word' id='word_1_291' title='bbox 1244 2043 1368 2110; x_wconf 89' lang='lat' dir='ltr'><strong>illorum,</strong></span> <span class='ocrx_word' id='word_1_292' title='bbox 1384 2044 1442 2099; x_wconf 88' lang='lat' dir='ltr'><strong>sire</strong></span> <span class='ocrx_word' id='word_1_293' title='bbox 1463 2044 1649 2116; x_wconf 83' lang='lat' dir='ltr'><strong>spiritualiter</strong></span> <span class='ocrx_word' id='word_1_294' title='bbox 1672 2044 1775 2100; x_wconf 88' lang='lat' dir='ltr'><strong>interi·</strong></span> 
     </span>
     <span class='ocr_line' id='line_1_22' title="bbox 449 2131 1775 2242; baseline 0.002 -56"><span class='ocrx_word' id='word_1_295' title='bbox 449 2187 565 2242; x_wconf 66' lang='lat' dir='ltr'><strong>CAPUT</strong></span> <span class='ocrx_word' id='word_1_296' title='bbox 579 2185 622 2241; x_wconf 74' lang='lat' dir='ltr'>m</span> <span class='ocrx_word' id='word_1_297' title='bbox 974 2132 1076 2186; x_wconf 89' lang='lat' dir='ltr'><strong>mendo</strong></span> <span class='ocrx_word' id='word_1_298' title='bbox 1086 2131 1196 2187; x_wconf 89' lang='lat' dir='ltr'><strong>animas</strong></span> <span class='ocrx_word' id='word_1_299' title='bbox 1206 2133 1408 2204; x_wconf 91' lang='lat' dir='ltr'><strong>eorum.Super</strong></span> <span class='ocrx_word' id='word_1_300' title='bbox 1415 2132 1611 2204; x_wconf 86' lang='lat' dir='ltr'><strong>hujuscemodi</strong></span> <span class='ocrx_word' id='word_1_301' title='bbox 1620 2134 1775 2205; x_wconf 88' lang='lat' dir='ltr'><strong>prophetas</strong></span> 
     </span>
     <span class='ocr_line' id='line_1_23' title="bbox 625 2220 1774 2294; baseline 0.004 -21"><span class='ocrx_word' id='word_1_302' title='bbox 625 2226 631 2240; x_wconf 91' lang='grc'>·</span> <span class='ocrx_word' id='word_1_303' title='bbox 974 2220 1082 2275; x_wconf 90' lang='lat' dir='ltr'><strong>occidet</strong></span> <span class='ocrx_word' id='word_1_304' title='bbox 1097 2220 1146 2275; x_wconf 89' lang='lat' dir='ltr'><strong>Sol</strong></span> <span class='ocrx_word' id='word_1_305' title='bbox 1157 2220 1285 2291; x_wconf 77' lang='lat' dir='ltr'><strong>justitiae,</strong></span> <span class='ocrx_word' id='word_1_306' title='bbox 1301 2225 1331 2275; x_wconf 89' lang='lat' dir='ltr'><strong>at</strong></span> <span class='ocrx_word' id='word_1_307' title='bbox 1343 2226 1411 2276; x_wconf 93' lang='lat' dir='ltr'><strong>tunc</strong></span> <span class='ocrx_word' id='word_1_308' title='bbox 1433 2220 1650 2285; x_wconf 83' lang='lat' dir='ltr'><strong>confundentur,</strong></span> <span class='ocrx_word' id='word_1_309' title='bbox 1664 2227 1695 2277; x_wconf 89' lang='lat' dir='ltr'><strong>et</strong></span> <span class='ocrx_word' id='word_1_310' title='bbox 1705 2237 1774 2294; x_wconf 88' lang='lat' dir='ltr'><strong>ope·</strong></span> 
     </span>
     <span class='ocr_line' id='line_1_24' title="bbox 174 2307 1484 2382; baseline -0.001 -17"><span class='ocrx_word' id='word_1_311' title='bbox 174 2311 231 2368; x_wconf 83' lang='lat' dir='ltr'><strong>aEt</strong></span> <span class='ocrx_word' id='word_1_312' title='bbox 243 2311 311 2378; x_wconf 85' lang='lat' dir='ltr'><strong>dixi,</strong></span> <span class='ocrx_word' id='word_1_313' title='bbox 321 2310 434 2378; x_wconf 79' lang='lat' dir='ltr'><strong>Audite,</strong></span> <span class='ocrx_word' id='word_1_314' title='bbox 448 2310 589 2382; x_wconf 91' lang='lat' dir='ltr'><strong>principes</strong></span> <span class='ocrx_word' id='word_1_315' title='bbox 602 2309 730 2377; x_wconf 88' lang='lat' dir='ltr'><strong>Jacob,et</strong></span> <span class='ocrx_word' id='word_1_316' title='bbox 738 2312 823 2366; x_wconf 90' lang='lat' dir='ltr'><strong>duces</strong></span> <span class='ocrx_word' id='word_1_317' title='bbox 832 2311 932 2366; x_wconf 89' lang='lat' dir='ltr'><strong>domus</strong></span> <span class='ocrx_word' id='word_1_318' title='bbox 974 2307 1084 2363; x_wconf 92' lang='lat' dir='ltr'><strong>rientur</strong></span> <span class='ocrx_word' id='word_1_319' title='bbox 1094 2308 1188 2363; x_wconf 89' lang='lat' dir='ltr'><strong>vultus</strong></span> <span class='ocrx_word' id='word_1_320' title='bbox 1202 2324 1298 2363; x_wconf 89' lang='lat' dir='ltr'><strong>eorum</strong></span> <span class='ocrx_word' id='word_1_321' title='bbox 1314 2309 1484 2365; x_wconf 84' lang='lat' dir='ltr'><strong>confusione.</strong></span> 
     </span>
    </p>

    <p class='ocr_par' dir='ltr' id='par_1_3' title="bbox 110 2397 1776 4420">
     <span class='ocr_line' id='line_1_25' title="bbox 134 2397 1774 2470; baseline -0.002 -13"><span class='ocrx_word' id='word_1_322' title='bbox 134 2400 224 2458; x_wconf 87' lang='lat' dir='ltr'><strong>Israel</strong></span> <span class='ocrx_word' id='word_1_323' title='bbox 241 2399 397 2470; x_wconf 89' lang='lat' dir='ltr'><strong>:Nunquid</strong></span> <span class='ocrx_word' id='word_1_324' title='bbox 411 2415 468 2453; x_wconf 91' lang='lat' dir='ltr'><strong>non</strong></span> <span class='ocrx_word' id='word_1_325' title='bbox 490 2404 614 2453; x_wconf 89' lang='lat' dir='ltr'><strong>vestrum</strong></span> <span class='ocrx_word' id='word_1_326' title='bbox 632 2403 675 2452; x_wconf 89' lang='lat' dir='ltr'><strong>est</strong></span> <span class='ocrx_word' id='word_1_327' title='bbox 694 2399 765 2453; x_wconf 90' lang='lat' dir='ltr'><strong>scire</strong></span> <span class='ocrx_word' id='word_1_328' title='bbox 782 2399 931 2469; x_wconf 88' lang='lat' dir='ltr'><strong>judicium,</strong></span> <span class='ocrx_word' id='word_1_329' title='bbox 1012 2415 1025 2449; x_wconf 80' lang='lat' dir='ltr'><strong>a</strong></span> <span class='ocrx_word' id='word_1_330' title='bbox 1040 2397 1143 2452; x_wconf 85' lang='lat' dir='ltr'><strong>Audite</strong></span> <span class='ocrx_word' id='word_1_331' title='bbox 1157 2398 1226 2463; x_wconf 72' lang='lat' dir='ltr'><strong>haec,</strong></span> <span class='ocrx_word' id='word_1_332' title='bbox 1241 2398 1382 2469; x_wconf 85' lang='lat' dir='ltr'><strong>principes</strong></span> <span class='ocrx_word' id='word_1_333' title='bbox 1397 2398 1498 2453; x_wconf 90' lang='lat' dir='ltr'><strong>domus</strong></span> <span class='ocrx_word' id='word_1_334' title='bbox 1512 2398 1607 2465; x_wconf 85' lang='lat' dir='ltr'><strong>Jacob,</strong></span> <span class='ocrx_word' id='word_1_335' title='bbox 1623 2402 1651 2453; x_wconf 92' lang='lat' dir='ltr'><strong>et</strong></span> <span class='ocrx_word' id='word_1_336' title='bbox 1661 2397 1774 2469; x_wconf 84' lang='lat' dir='ltr'><strong>judices</strong></span> 
     </span>
     <span class='ocr_line' id='line_1_26' title="bbox 138 2485 1775 2560; baseline 0 -17"><span class='ocrx_word' id='word_1_337' title='bbox 138 2489 187 2560; x_wconf 93' lang='lat' dir='ltr'><strong>qui</strong></span> <span class='ocrx_word' id='word_1_338' title='bbox 198 2488 262 2543; x_wconf 90' lang='lat' dir='ltr'><strong>odio</strong></span> <span class='ocrx_word' id='word_1_339' title='bbox 271 2488 381 2543; x_wconf 84' lang='lat' dir='ltr'><strong>habetis</strong></span> <span class='ocrx_word' id='word_1_340' title='bbox 395 2487 498 2542; x_wconf 92' lang='lat' dir='ltr'><strong>bonum</strong></span> <span class='ocrx_word' id='word_1_341' title='bbox 511 2492 539 2541; x_wconf 91' lang='lat' dir='ltr'><strong>et</strong></span> <span class='ocrx_word' id='word_1_342' title='bbox 550 2487 665 2558; x_wconf 90' lang='lat' dir='ltr'><strong>diligitis</strong></span> <span class='ocrx_word' id='word_1_343' title='bbox 675 2487 802 2541; x_wconf 84' lang='lat' dir='ltr'><strong>malum?</strong></span> <span class='ocrx_word' id='word_1_344' title='bbox 816 2488 864 2558; x_wconf 93' lang='lat' dir='ltr'><strong>qui</strong></span> <span class='ocrx_word' id='word_1_345' title='bbox 876 2489 935 2542; x_wconf 85' lang='lat' dir='ltr'><strong>rio-</strong></span> <span class='ocrx_word' id='word_1_346' title='bbox 974 2486 1074 2540; x_wconf 90' lang='lat' dir='ltr'><strong>domus</strong></span> <span class='ocrx_word' id='word_1_347' title='bbox 1088 2485 1186 2555; x_wconf 88' lang='lat' dir='ltr'><strong>lsrael,</strong></span> <span class='ocrx_word' id='word_1_348' title='bbox 1201 2486 1249 2557; x_wconf 87' lang='lat' dir='ltr'><strong>qui</strong></span> <span class='ocrx_word' id='word_1_349' title='bbox 1262 2486 1462 2541; x_wconf 88' lang='lat' dir='ltr'><strong>abominamini</strong></span> <span class='ocrx_word' id='word_1_350' title='bbox 1473 2488 1621 2558; x_wconf 70' lang='lat' dir='ltr'><strong>iudicium,</strong></span> <span class='ocrx_word' id='word_1_351' title='bbox 1636 2494 1665 2543; x_wconf 90' lang='lat' dir='ltr'><strong>et</strong></span> <span class='ocrx_word' id='word_1_352' title='bbox 1678 2488 1775 2543; x_wconf 87' lang='lat' dir='ltr'><strong>omnia</strong></span> 
     </span>
     <span class='ocr_line' id='line_1_27' title="bbox 137 2575 1773 2647; baseline 0 -15"><span class='ocrx_word' id='word_1_353' title='bbox 137 2578 230 2632; x_wconf 87' lang='lat' dir='ltr'><strong>lenter</strong></span> <span class='ocrx_word' id='word_1_354' title='bbox 243 2576 342 2631; x_wconf 86' lang='lat' dir='ltr'><strong>tollitis</strong></span> <span class='ocrx_word' id='word_1_355' title='bbox 357 2575 444 2647; x_wconf 89' lang='lat' dir='ltr'><strong>pelles</strong></span> <span class='ocrx_word' id='word_1_356' title='bbox 458 2592 557 2630; x_wconf 89' lang='lat' dir='ltr'><strong>eorum</strong></span> <span class='ocrx_word' id='word_1_357' title='bbox 572 2576 693 2647; x_wconf 85' lang='lat' dir='ltr'><strong>desuper</strong></span> <span class='ocrx_word' id='word_1_358' title='bbox 708 2576 757 2641; x_wconf 90' lang='lat' dir='ltr'><strong>eis,</strong></span> <span class='ocrx_word' id='word_1_359' title='bbox 772 2580 801 2630; x_wconf 90' lang='lat' dir='ltr'><strong>et</strong></span> <span class='ocrx_word' id='word_1_360' title='bbox 820 2593 933 2631; x_wconf 89' lang='lat' dir='ltr'><strong>carnem</strong></span> <span class='ocrx_word' id='word_1_361' title='bbox 974 2580 1051 2629; x_wconf 90' lang='lat' dir='ltr'><strong>recta</strong></span> <span class='ocrx_word' id='word_1_362' title='bbox 1063 2575 1231 2646; x_wconf 85' lang='lat' dir='ltr'><strong>pervertitis,</strong></span> <span class='ocrx_word' id='word_1_363' title='bbox 1244 2575 1291 2646; x_wconf 90' lang='lat' dir='ltr'><strong>qui</strong></span> <span class='ocrx_word' id='word_1_364' title='bbox 1301 2575 1446 2630; x_wconf 72' lang='lat' dir='ltr'><strong>edificatis</strong></span> <span class='ocrx_word' id='word_1_365' title='bbox 1459 2575 1525 2631; x_wconf 90' lang='lat' dir='ltr'><strong>Sion</strong></span> <span class='ocrx_word' id='word_1_366' title='bbox 1535 2575 1565 2630; x_wconf 92' lang='lat' dir='ltr'><strong>in</strong></span> <span class='ocrx_word' id='word_1_367' title='bbox 1575 2576 1773 2647; x_wconf 87' lang='lat' dir='ltr'><strong>sanguinibus,</strong></span> 
     </span>
     <span class='ocr_line' id='line_1_28' title="bbox 110 2662 1774 2737; baseline -0.001 -16"><span class='ocrx_word' id='word_1_368' title='bbox 110 2694 115 2711; x_wconf 67' lang='grc' dir='ltr'>ι</span> <span class='ocrx_word' id='word_1_369' title='bbox 136 2682 234 2722; x_wconf 89' lang='lat' dir='ltr'><strong>eorum</strong></span> <span class='ocrx_word' id='word_1_370' title='bbox 249 2667 370 2737; x_wconf 90' lang='lat' dir='ltr'><strong>desuper</strong></span> <span class='ocrx_word' id='word_1_371' title='bbox 383 2664 493 2720; x_wconf 90' lang='lat' dir='ltr'><strong>ossibus</strong></span> <span class='ocrx_word' id='word_1_372' title='bbox 507 2681 613 2727; x_wconf 91' lang='lat' dir='ltr'><strong>eorum,</strong></span> <span class='ocrx_word' id='word_1_373' title='bbox 627 2664 675 2735; x_wconf 92' lang='lat' dir='ltr'><strong>qui</strong></span> <span class='ocrx_word' id='word_1_374' title='bbox 682 2665 867 2720; x_wconf 88' lang='lat' dir='ltr'><strong>comederunt</strong></span> <span class='ocrx_word' id='word_1_375' title='bbox 875 2681 935 2719; x_wconf 90' lang='lat' dir='ltr'><strong>car·</strong></span> <span class='ocrx_word' id='word_1_376' title='bbox 974 2668 1003 2716; x_wconf 93' lang='lat' dir='ltr'><strong>et</strong></span> <span class='ocrx_word' id='word_1_377' title='bbox 1017 2663 1194 2717; x_wconf 89' lang='lat' dir='ltr'><strong>Hierusalem</strong></span> <span class='ocrx_word' id='word_1_378' title='bbox 1209 2662 1238 2716; x_wconf 91' lang='lat' dir='ltr'><strong>in</strong></span> <span class='ocrx_word' id='word_1_379' title='bbox 1250 2663 1410 2733; x_wconf 88' lang='lat' dir='ltr'><strong>iniquitate.</strong></span> <span class='ocrx_word' id='word_1_380' title='bbox 1431 2663 1576 2736; x_wconf 89' lang='lat' dir='ltr'><strong>Principes</strong></span> <span class='ocrx_word' id='word_1_381' title='bbox 1589 2665 1651 2734; x_wconf 90' lang='lat' dir='ltr'><strong>ejus</strong></span> <span class='ocrx_word' id='word_1_382' title='bbox 1665 2665 1696 2720; x_wconf 92' lang='lat' dir='ltr'><strong>in</strong></span> <span class='ocrx_word' id='word_1_383' title='bbox 1710 2680 1774 2720; x_wconf 89' lang='lat' dir='ltr'><strong>mu·</strong></span> 
     </span>
     <span class='ocr_line' id='line_1_29' title="bbox 135 2750 1774 2827; baseline -0.001 -16"><span class='ocrx_word' id='word_1_384' title='bbox 135 2773 200 2811; x_wconf 85' lang='lat' dir='ltr'><strong>nem</strong></span> <span class='ocrx_word' id='word_1_385' title='bbox 215 2755 312 2827; x_wconf 91' lang='lat' dir='ltr'><strong>populi</strong></span> <span class='ocrx_word' id='word_1_386' title='bbox 326 2753 392 2822; x_wconf 89' lang='lat' dir='ltr'><strong>mei,</strong></span> <span class='ocrx_word' id='word_1_387' title='bbox 408 2760 437 2809; x_wconf 88' lang='lat' dir='ltr'><strong>ct</strong></span> <span class='ocrx_word' id='word_1_388' title='bbox 451 2754 553 2825; x_wconf 90' lang='lat' dir='ltr'><strong>pellem</strong></span> <span class='ocrx_word' id='word_1_389' title='bbox 566 2770 662 2808; x_wconf 89' lang='lat' dir='ltr'><strong>eorum</strong></span> <span class='ocrx_word' id='word_1_390' title='bbox 676 2754 796 2824; x_wconf 86' lang='lat' dir='ltr'><strong>desuper</strong></span> <span class='ocrx_word' id='word_1_391' title='bbox 809 2754 934 2809; x_wconf 90' lang='lat' dir='ltr'><strong>excoria·</strong></span> <span class='ocrx_word' id='word_1_392' title='bbox 974 2750 1088 2806; x_wconf 89' lang='lat' dir='ltr'><strong>neribus</strong></span> <span class='ocrx_word' id='word_1_393' title='bbox 1100 2751 1280 2822; x_wconf 66' lang='lat' dir='ltr'><strong>&#39;judicabant</strong></span> <span class='ocrx_word' id='word_1_394' title='bbox 1295 2757 1322 2806; x_wconf 93' lang='lat' dir='ltr'><strong>et</strong></span> <span class='ocrx_word' id='word_1_395' title='bbox 1343 2752 1503 2807; x_wconf 87' lang='lat' dir='ltr'><strong>sacerdotes</strong></span> <span class='ocrx_word' id='word_1_396' title='bbox 1524 2754 1585 2823; x_wconf 90' lang='lat' dir='ltr'><strong>ejus</strong></span> <span class='ocrx_word' id='word_1_397' title='bbox 1601 2752 1632 2807; x_wconf 91' lang='lat' dir='ltr'><strong>in</strong></span> <span class='ocrx_word' id='word_1_398' title='bbox 1644 2753 1774 2809; x_wconf 83' lang='lat' dir='ltr'><strong>mercede</strong></span> 
     </span>
     <span class='ocr_line' id='line_1_30' title="bbox 135 2840 1774 2913; baseline -0.002 -13"><span class='ocrx_word' id='word_1_399' title='bbox 135 2850 247 2913; x_wconf 87' lang='lat' dir='ltr'><strong>verunt,</strong></span> <span class='ocrx_word' id='word_1_400' title='bbox 263 2849 292 2900; x_wconf 89' lang='lat' dir='ltr'><strong>et</strong></span> <span class='ocrx_word' id='word_1_401' title='bbox 306 2860 370 2900; x_wconf 90' lang='lat' dir='ltr'><strong>ossa</strong></span> <span class='ocrx_word' id='word_1_402' title='bbox 383 2859 482 2899; x_wconf 89' lang='lat' dir='ltr'><strong>eorum</strong></span> <span class='ocrx_word' id='word_1_403' title='bbox 495 2842 702 2913; x_wconf 79' lang='lat' dir='ltr'><strong>confregerunt,</strong></span> <span class='ocrx_word' id='word_1_404' title='bbox 715 2848 743 2898; x_wconf 91' lang='lat' dir='ltr'><strong>et</strong></span> <span class='ocrx_word' id='word_1_405' title='bbox 752 2843 935 2899; x_wconf 90' lang='lat' dir='ltr'><strong>conciderunt</strong></span> <span class='ocrx_word' id='word_1_406' title='bbox 974 2840 1122 2907; x_wconf 89' lang='lat' dir='ltr'><strong>docebant,</strong></span> <span class='ocrx_word' id='word_1_407' title='bbox 1130 2847 1159 2894; x_wconf 91' lang='lat' dir='ltr'><strong>et</strong></span> <span class='ocrx_word' id='word_1_408' title='bbox 1168 2841 1310 2911; x_wconf 68' lang='lat' dir='ltr'><strong>prophete</strong></span> <span class='ocrx_word' id='word_1_409' title='bbox 1320 2842 1381 2911; x_wconf 85' lang='lat' dir='ltr'><strong>ejus</strong></span> <span class='ocrx_word' id='word_1_410' title='bbox 1389 2841 1418 2895; x_wconf 91' lang='lat' dir='ltr'><strong>in</strong></span> <span class='ocrx_word' id='word_1_411' title='bbox 1429 2841 1549 2912; x_wconf 89' lang='lat' dir='ltr'><strong>pecunia</strong></span> <span class='ocrx_word' id='word_1_412' title='bbox 1560 2841 1734 2905; x_wconf 86' lang='lat' dir='ltr'><strong>divinabant,</strong></span> <span class='ocrx_word' id='word_1_413' title='bbox 1745 2847 1774 2897; x_wconf 90' lang='lat' dir='ltr'><strong>et</strong></span> 
     </span>
     <span class='ocr_line' id='line_1_31' title="bbox 137 2928 1774 3002; baseline -0.002 -13"><span class='ocrx_word' id='word_1_414' title='bbox 137 2934 211 2989; x_wconf 92' lang='lat' dir='ltr'><strong>sicut</strong></span> <span class='ocrx_word' id='word_1_415' title='bbox 221 2934 251 2988; x_wconf 92' lang='lat' dir='ltr'><strong>in</strong></span> <span class='ocrx_word' id='word_1_416' title='bbox 265 2932 368 2998; x_wconf 90' lang='lat' dir='ltr'><strong>lebete,</strong></span> <span class='ocrx_word' id='word_1_417' title='bbox 378 2936 407 2987; x_wconf 92' lang='lat' dir='ltr'><strong>et</strong></span> <span class='ocrx_word' id='word_1_418' title='bbox 420 2932 501 3002; x_wconf 89' lang='lat' dir='ltr'><strong>quasi</strong></span> <span class='ocrx_word' id='word_1_419' title='bbox 512 2948 625 2986; x_wconf 90' lang='lat' dir='ltr'><strong>carnem</strong></span> <span class='ocrx_word' id='word_1_420' title='bbox 639 2932 668 2986; x_wconf 90' lang='lat' dir='ltr'><strong>in</strong></span> <span class='ocrx_word' id='word_1_421' title='bbox 679 2932 771 2986; x_wconf 90' lang='lat' dir='ltr'><strong>medio</strong></span> <span class='ocrx_word' id='word_1_422' title='bbox 783 2932 934 2987; x_wconf 77' lang='lat' dir='ltr'><strong>olloe.&#39;l¹unc</strong></span> <span class='ocrx_word' id='word_1_423' title='bbox 975 2946 1062 3000; x_wconf 86' lang='lat' dir='ltr'><strong>super</strong></span> <span class='ocrx_word' id='word_1_424' title='bbox 1076 2930 1227 2984; x_wconf 90' lang='lat' dir='ltr'><strong>Dominum</strong></span> <span class='ocrx_word' id='word_1_425' title='bbox 1241 2928 1464 3000; x_wconf 89' lang='lat' dir='ltr'><strong>requiescebant,</strong></span> <span class='ocrx_word' id='word_1_426' title='bbox 1479 2930 1620 2985; x_wconf 91' lang='lat' dir='ltr'><strong>dicentes:</strong></span> <span class='ocrx_word' id='word_1_427' title='bbox 1638 2930 1774 3002; x_wconf 89' lang='lat' dir='ltr'><strong>Nunquid</strong></span> 
     </span>
     <span class='ocr_line' id='line_1_32' title="bbox 135 2982 1776 3092; baseline -0.001 -15"><span class='ocrx_word' id='word_1_428' title='bbox 135 3021 300 3078; x_wconf 88' lang='lat' dir='ltr'><strong>clamabunt</strong></span> <span class='ocrx_word' id='word_1_429' title='bbox 317 3021 353 3074; x_wconf 89' lang='lat' dir='ltr'><strong>ad</strong></span> <span class='ocrx_word' id='word_1_430' title='bbox 374 3020 535 3084; x_wconf 89' lang='lat' dir='ltr'><strong>Dominum,</strong></span> <span class='ocrx_word' id='word_1_431' title='bbox 552 3025 583 3074; x_wconf 91' lang='lat' dir='ltr'><strong>et</strong></span> <span class='ocrx_word' id='word_1_432' title='bbox 603 3037 659 3076; x_wconf 90' lang='lat' dir='ltr'><strong>uon</strong></span> <span class='ocrx_word' id='word_1_433' title='bbox 679 3021 808 3076; x_wconf 85' lang='lat' dir='ltr'><strong>exaudiet</strong></span> <span class='ocrx_word' id='word_1_434' title='bbox 831 3037 887 3083; x_wconf 89' lang='lat' dir='ltr'><strong>eos,</strong></span> <span class='ocrx_word' id='word_1_435' title='bbox 906 2982 965 3076; x_wconf 84' lang='lat' dir='ltr'><strong>etC</strong></span> <span class='ocrx_word' id='word_1_436' title='bbox 976 3034 1032 3073; x_wconf 92' lang='grc' dir='ltr'><strong>ηοη</strong></span> <span class='ocrx_word' id='word_1_437' title='bbox 1040 3019 1177 3073; x_wconf 88' lang='lat' dir='ltr'><strong>Dominus</strong></span> <span class='ocrx_word' id='word_1_438' title='bbox 1191 3019 1220 3073; x_wconf 89' lang='lat' dir='ltr'><strong>in</strong></span> <span class='ocrx_word' id='word_1_439' title='bbox 1236 3019 1329 3073; x_wconf 92' lang='lat' dir='ltr'><strong>medio</strong></span> <span class='ocrx_word' id='word_1_440' title='bbox 1341 3018 1491 3073; x_wconf 80' lang='lat' dir='ltr'><strong>nostrum?</strong></span> <span class='ocrx_word' id='word_1_441' title='bbox 1504 3020 1567 3074; x_wconf 92' lang='lat' dir='ltr'><strong>Non</strong></span> <span class='ocrx_word' id='word_1_442' title='bbox 1581 3020 1677 3075; x_wconf 88' lang='lat' dir='ltr'><strong>veniet</strong></span> <span class='ocrx_word' id='word_1_443' title='bbox 1689 3036 1776 3092; x_wconf 90' lang='lat' dir='ltr'><strong>super</strong></span> 
     </span>
     <span class='ocr_line' id='line_1_33' title="bbox 135 3107 1774 3182; baseline -0.001 -17"><span class='ocrx_word' id='word_1_444' title='bbox 135 3109 289 3166; x_wconf 84' lang='lat' dir='ltr'><strong>abscondet</strong></span> <span class='ocrx_word' id='word_1_445' title='bbox 302 3109 402 3164; x_wconf 81' lang='lat' dir='ltr'><strong>faciem</strong></span> <span class='ocrx_word' id='word_1_446' title='bbox 415 3126 495 3164; x_wconf 89' lang='lat' dir='ltr'><strong>suam</strong></span> <span class='ocrx_word' id='word_1_447' title='bbox 512 3110 547 3164; x_wconf 92' lang='lat' dir='ltr'><strong>ab</strong></span> <span class='ocrx_word' id='word_1_448' title='bbox 560 3110 600 3164; x_wconf 90' lang='lat' dir='ltr'><strong>eis</strong></span> <span class='ocrx_word' id='word_1_449' title='bbox 614 3111 643 3164; x_wconf 91' lang='lat' dir='ltr'><strong>in</strong></span> <span class='ocrx_word' id='word_1_450' title='bbox 664 3117 791 3182; x_wconf 89' lang='lat' dir='ltr'><strong>tempore</strong></span> <span class='ocrx_word' id='word_1_451' title='bbox 803 3111 862 3178; x_wconf 93' lang='lat' dir='ltr'><strong>illo,</strong></span> <span class='ocrx_word' id='word_1_452' title='bbox 878 3113 933 3166; x_wconf 90' lang='lat' dir='ltr'><strong>sic-</strong></span> <span class='ocrx_word' id='word_1_453' title='bbox 974 3123 1026 3161; x_wconf 89' lang='lat' dir='ltr'><strong>nos</strong></span> <span class='ocrx_word' id='word_1_454' title='bbox 1041 3108 1125 3161; x_wconf 91' lang='lat' dir='ltr'><strong>mala.</strong></span> <span class='ocrx_word' id='word_1_455' title='bbox 1141 3107 1233 3172; x_wconf 79' lang='lat' dir='ltr'><strong>»Quia</strong></span> <span class='ocrx_word' id='word_1_456' title='bbox 1240 3107 1370 3178; x_wconf 91' lang='lat' dir='ltr'><strong>superius</strong></span> <span class='ocrx_word' id='word_1_457' title='bbox 1379 3108 1527 3162; x_wconf 83' lang='lat' dir='ltr'><strong>adversum</strong></span> <span class='ocrx_word' id='word_1_458' title='bbox 1539 3108 1650 3178; x_wconf 84' lang='lat' dir='ltr'><strong>judices</strong></span> <span class='ocrx_word' id='word_1_459' title='bbox 1656 3114 1687 3162; x_wconf 90' lang='lat' dir='ltr'><strong>et</strong></span> <span class='ocrx_word' id='word_1_460' title='bbox 1693 3124 1774 3180; x_wconf 87' lang='lat' dir='ltr'><strong>pseu·</strong></span> 
     </span>
     <span class='ocr_line' id='line_1_34' title="bbox 135 3194 1774 3268; baseline 0.001 -16"><span class='ocrx_word' id='word_1_461' title='bbox 135 3203 169 3252; x_wconf 90' lang='lat' dir='ltr'><strong>ut</strong></span> <span class='ocrx_word' id='word_1_462' title='bbox 177 3196 308 3268; x_wconf 82' lang='lat' dir='ltr'><strong>nequiter</strong></span> <span class='ocrx_word' id='word_1_463' title='bbox 326 3202 446 3267; x_wconf 87' lang='lat' dir='ltr'><strong>egerunt</strong></span> <span class='ocrx_word' id='word_1_464' title='bbox 459 3197 488 3251; x_wconf 91' lang='lat' dir='ltr'><strong>in</strong></span> <span class='ocrx_word' id='word_1_465' title='bbox 501 3196 745 3251; x_wconf 88' lang='lat' dir='ltr'><strong>adinventionibus</strong></span> <span class='ocrx_word' id='word_1_466' title='bbox 759 3198 826 3252; x_wconf 90' lang='lat' dir='ltr'><strong>suis.</strong></span> <span class='ocrx_word' id='word_1_467' title='bbox 847 3215 859 3250; x_wconf 80' lang='lat' dir='ltr'><strong>a</strong></span> <span class='ocrx_word' id='word_1_468' title='bbox 875 3196 933 3252; x_wconf 90' lang='lat' dir='ltr'><strong>Sub</strong></span> <span class='ocrx_word' id='word_1_469' title='bbox 973 3194 1162 3266; x_wconf 90' lang='lat' dir='ltr'><strong>doprophetas</strong></span> <span class='ocrx_word' id='word_1_470' title='bbox 1172 3195 1353 3250; x_wconf 88' lang='lat' dir='ltr'><strong>comminatio</strong></span> <span class='ocrx_word' id='word_1_471' title='bbox 1365 3201 1549 3267; x_wconf 88' lang='lat' dir='ltr'><strong>processerat,</strong></span> <span class='ocrx_word' id='word_1_472' title='bbox 1565 3213 1641 3252; x_wconf 92' lang='lat' dir='ltr'><strong>nunc</strong></span> <span class='ocrx_word' id='word_1_473' title='bbox 1652 3214 1774 3268; x_wconf 86' lang='lat' dir='ltr'><strong>genera-</strong></span> 
     </span>
     <span class='ocr_line' id='line_1_35' title="bbox 134 3282 1773 3357; baseline 0 -16"><span class='ocrx_word' id='word_1_474' title='bbox 134 3286 302 3357; x_wconf 90' lang='lat' dir='ltr'><strong>metaphora</strong></span> <span class='ocrx_word' id='word_1_475' title='bbox 310 3284 424 3340; x_wconf 90' lang='lat' dir='ltr'><strong>leonum</strong></span> <span class='ocrx_word' id='word_1_476' title='bbox 433 3286 477 3339; x_wconf 88' lang='lat' dir='ltr'><strong>vel</strong></span> <span class='ocrx_word' id='word_1_477' title='bbox 487 3285 627 3341; x_wconf 91' lang='lat' dir='ltr'><strong>latronum</strong></span> <span class='ocrx_word' id='word_1_478' title='bbox 637 3285 807 3340; x_wconf 88' lang='lat' dir='ltr'><strong>describitur</strong></span> <span class='ocrx_word' id='word_1_479' title='bbox 815 3286 934 3340; x_wconf 84' lang='lat' dir='ltr'><strong>crudeli·</strong></span> <span class='ocrx_word' id='word_1_480' title='bbox 973 3282 1038 3337; x_wconf 89' lang='lat' dir='ltr'><strong>litor</strong></span> <span class='ocrx_word' id='word_1_481' title='bbox 1050 3284 1086 3337; x_wconf 91' lang='lat' dir='ltr'><strong>ad</strong></span> <span class='ocrx_word' id='word_1_482' title='bbox 1097 3284 1183 3354; x_wconf 92' lang='lat' dir='ltr'><strong>ipsos,</strong></span> <span class='ocrx_word' id='word_1_483' title='bbox 1194 3288 1223 3338; x_wconf 91' lang='lat' dir='ltr'><strong>et</strong></span> <span class='ocrx_word' id='word_1_484' title='bbox 1237 3284 1272 3338; x_wconf 89' lang='lat' dir='ltr'><strong>ad</strong></span> <span class='ocrx_word' id='word_1_485' title='bbox 1287 3284 1456 3351; x_wconf 88' lang='lat' dir='ltr'><strong>sacerdotes,</strong></span> <span class='ocrx_word' id='word_1_486' title='bbox 1473 3285 1544 3339; x_wconf 89' lang='lat' dir='ltr'><strong>etad</strong></span> <span class='ocrx_word' id='word_1_487' title='bbox 1557 3287 1711 3357; x_wconf 86' lang='lat' dir='ltr'><strong>omnesqui</strong></span> <span class='ocrx_word' id='word_1_488' title='bbox 1720 3285 1773 3341; x_wconf 91' lang='lat' dir='ltr'><strong>sibi</strong></span> 
     </span>
     <span class='ocr_line' id='line_1_36' title="bbox 135 3371 1775 3446; baseline -0.001 -15"><span class='ocrx_word' id='word_1_489' title='bbox 135 3380 181 3431; x_wconf 87' lang='lat' dir='ltr'><strong>tas</strong></span> <span class='ocrx_word' id='word_1_490' title='bbox 194 3374 354 3446; x_wconf 88' lang='lat' dir='ltr'><strong>principum</strong></span> <span class='ocrx_word' id='word_1_491' title='bbox 368 3374 539 3434; x_wconf 82' lang='lat' dir='ltr'><strong>Judaeorum,</strong></span> <span class='ocrx_word' id='word_1_492' title='bbox 563 3373 611 3444; x_wconf 91' lang='lat' dir='ltr'><strong>qui</strong></span> <span class='ocrx_word' id='word_1_493' title='bbox 624 3373 781 3445; x_wconf 91' lang='lat' dir='ltr'><strong>spoliabant</strong></span> <span class='ocrx_word' id='word_1_494' title='bbox 796 3391 933 3445; x_wconf 86' lang='lat' dir='ltr'><strong>pauperes</strong></span> <span class='ocrx_word' id='word_1_495' title='bbox 973 3371 1008 3426; x_wconf 91' lang='lat' dir='ltr'><strong>de</strong></span> <span class='ocrx_word' id='word_1_496' title='bbox 1024 3372 1073 3426; x_wconf 92' lang='lat' dir='ltr'><strong>Dci</strong></span> <span class='ocrx_word' id='word_1_497' title='bbox 1096 3372 1197 3427; x_wconf 92' lang='lat' dir='ltr'><strong>notitia</strong></span> <span class='ocrx_word' id='word_1_498' title='bbox 1222 3372 1449 3440; x_wconf 87' lang='lat' dir='ltr'><strong>blandiebantur,</strong></span> <span class='ocrx_word' id='word_1_499' title='bbox 1469 3389 1561 3428; x_wconf 86' lang='lat' dir='ltr'><strong>sermo</strong></span> <span class='ocrx_word' id='word_1_500' title='bbox 1584 3373 1730 3445; x_wconf 84' lang='lat' dir='ltr'><strong>dirigitur,</strong></span> <span class='ocrx_word' id='word_1_501' title='bbox 1745 3381 1775 3430; x_wconf 88' lang='lat' dir='ltr'><strong>et</strong></span> 
     </span>
     <span class='ocr_line' id='line_1_37' title="bbox 135 3461 1773 3532; baseline 0.001 -15"><span class='ocrx_word' id='word_1_502' title='bbox 135 3467 165 3519; x_wconf 88' lang='lat' dir='ltr'><strong>et</strong></span> <span class='ocrx_word' id='word_1_503' title='bbox 178 3462 394 3527; x_wconf 82' lang='lat' dir='ltr'><strong>interficiebant,</strong></span> <span class='ocrx_word' id='word_1_504' title='bbox 410 3467 438 3517; x_wconf 87' lang='lat' dir='ltr'><strong>et</strong></span> <span class='ocrx_word' id='word_1_505' title='bbox 450 3464 532 3532; x_wconf 87' lang='lat' dir='ltr'><strong>quasi</strong></span> <span class='ocrx_word' id='word_1_506' title='bbox 540 3463 606 3516; x_wconf 83' lang='lat' dir='ltr'><strong>icrae</strong></span> <span class='ocrx_word' id='word_1_507' title='bbox 620 3461 716 3516; x_wconf 87' lang='lat' dir='ltr'><strong>bestiae</strong></span> <span class='ocrx_word' id='word_1_508' title='bbox 725 3479 823 3517; x_wconf 89' lang='lat' dir='ltr'><strong>carnes</strong></span> <span class='ocrx_word' id='word_1_509' title='bbox 834 3468 863 3518; x_wconf 89' lang='lat' dir='ltr'><strong>et</strong></span> <span class='ocrx_word' id='word_1_510' title='bbox 869 3480 933 3518; x_wconf 89' lang='lat' dir='ltr'><strong>ossa</strong></span> <span class='ocrx_word' id='word_1_511' title='bbox 973 3466 1133 3530; x_wconf 81' lang='lat' dir='ltr'><strong>arguuntur</strong></span> <span class='ocrx_word' id='word_1_512' title='bbox 1143 3462 1209 3532; x_wconf 92' lang='lat' dir='ltr'><strong>quia</strong></span> <span class='ocrx_word' id='word_1_513' title='bbox 1219 3477 1275 3515; x_wconf 90' lang='lat' dir='ltr'><strong>non</strong></span> <span class='ocrx_word' id='word_1_514' title='bbox 1287 3462 1378 3516; x_wconf 91' lang='lat' dir='ltr'><strong>solum</strong></span> <span class='ocrx_word' id='word_1_515' title='bbox 1392 3478 1450 3517; x_wconf 91' lang='lat' dir='ltr'><strong>non</strong></span> <span class='ocrx_word' id='word_1_516' title='bbox 1459 3462 1676 3528; x_wconf 87' lang='lat' dir='ltr'><strong>faciunt,verum</strong></span> <span class='ocrx_word' id='word_1_517' title='bbox 1687 3463 1773 3519; x_wconf 91' lang='lat' dir='ltr'><strong>etiam</strong></span> 
     </span>
     <span class='ocr_line' id='line_1_38' title="bbox 135 3546 1774 3623; baseline 0.001 -17"><span class='ocrx_word' id='word_1_518' title='bbox 135 3567 233 3607; x_wconf 89' lang='lat' dir='ltr'><strong>eorum</strong></span> <span class='ocrx_word' id='word_1_519' title='bbox 246 3550 430 3607; x_wconf 86' lang='lat' dir='ltr'><strong>conterebant</strong></span> <span class='ocrx_word' id='word_1_520' title='bbox 445 3569 450 3603; x_wconf 92' lang='lat'>:</span> <span class='ocrx_word' id='word_1_521' title='bbox 463 3557 492 3605; x_wconf 88' lang='lat' dir='ltr'><strong>et</strong></span> <span class='ocrx_word' id='word_1_522' title='bbox 505 3551 580 3606; x_wconf 86' lang='lat' dir='ltr'><strong>velut</strong></span> <span class='ocrx_word' id='word_1_523' title='bbox 595 3551 601 3602; x_wconf 89' lang='lat' dir='ltr'><strong>i</strong></span> <span class='ocrx_word' id='word_1_524' title='bbox 606 3568 623 3605; x_wconf 93' lang='grc' dir='ltr'>η</span> <span class='ocrx_word' id='word_1_525' title='bbox 635 3551 690 3605; x_wconf 91' lang='lat' dir='ltr'><strong>olla</strong></span> <span class='ocrx_word' id='word_1_526' title='bbox 698 3567 796 3605; x_wconf 91' lang='lat' dir='ltr'><strong>carnes</strong></span> <span class='ocrx_word' id='word_1_527' title='bbox 808 3568 933 3623; x_wconf 90' lang='lat' dir='ltr'><strong>coquun-</strong></span> <span class='ocrx_word' id='word_1_528' title='bbox 973 3546 1172 3604; x_wconf 90' lang='lat' dir='ltr'><strong>abominentur</strong></span> <span class='ocrx_word' id='word_1_529' title='bbox 1182 3549 1331 3619; x_wconf 89' lang='lat' dir='ltr'><strong>judicium,</strong></span> <span class='ocrx_word' id='word_1_530' title='bbox 1357 3554 1387 3604; x_wconf 92' lang='lat' dir='ltr'><strong>et</strong></span> <span class='ocrx_word' id='word_1_531' title='bbox 1407 3558 1485 3604; x_wconf 89' lang='lat' dir='ltr'><strong>recta</strong></span> <span class='ocrx_word' id='word_1_532' title='bbox 1504 3555 1676 3622; x_wconf 87' lang='lat' dir='ltr'><strong>pervertant,</strong></span> <span class='ocrx_word' id='word_1_533' title='bbox 1697 3546 1774 3622; x_wconf 84' lang='lat' dir='ltr'><strong>quod</strong></span> 
     </span>
     <span class='ocr_line' id='line_1_39' title="bbox 135 3636 1773 3710; baseline 0 -14"><span class='ocrx_word' id='word_1_534' title='bbox 135 3646 192 3704; x_wconf 86' lang='lat' dir='ltr'><strong>tur,</strong></span> <span class='ocrx_word' id='word_1_535' title='bbox 202 3641 243 3695; x_wconf 90' lang='lat' dir='ltr'><strong>sic</strong></span> <span class='ocrx_word' id='word_1_536' title='bbox 255 3641 286 3695; x_wconf 92' lang='lat' dir='ltr'><strong>in</strong></span> <span class='ocrx_word' id='word_1_537' title='bbox 295 3639 365 3695; x_wconf 91' lang='lat' dir='ltr'><strong>urbe</strong></span> <span class='ocrx_word' id='word_1_538' title='bbox 376 3639 551 3696; x_wconf 82' lang='lat' dir='ltr'><strong>Hierusalem</strong></span> <span class='ocrx_word' id='word_1_539' title='bbox 562 3640 739 3693; x_wconf 89' lang='lat' dir='ltr'><strong>innumeram</strong></span> <span class='ocrx_word' id='word_1_540' title='bbox 747 3639 933 3710; x_wconf 82' lang='lat' dir='ltr'><strong>plebemaflli·</strong></span> <span class='ocrx_word' id='word_1_541' title='bbox 973 3636 1071 3691; x_wconf 91' lang='lat' dir='ltr'><strong>domos</strong></span> <span class='ocrx_word' id='word_1_542' title='bbox 1093 3654 1159 3692; x_wconf 86' lang='lat' dir='ltr'><strong>suas</strong></span> <span class='ocrx_word' id='word_1_543' title='bbox 1182 3638 1321 3693; x_wconf 83' lang='lat' dir='ltr'><strong>aedificeut</strong></span> <span class='ocrx_word' id='word_1_544' title='bbox 1332 3638 1363 3693; x_wconf 91' lang='lat' dir='ltr'><strong>in</strong></span> <span class='ocrx_word' id='word_1_545' title='bbox 1378 3639 1572 3710; x_wconf 79' lang='lat' dir='ltr'><strong>sanguinibus,</strong></span> <span class='ocrx_word' id='word_1_546' title='bbox 1588 3645 1617 3695; x_wconf 92' lang='lat' dir='ltr'><strong>et</strong></span> <span class='ocrx_word' id='word_1_547' title='bbox 1629 3640 1773 3696; x_wconf 80' lang='lat' dir='ltr'><strong>civitatem</strong></span> 
     </span>
     <span class='ocr_line' id='line_1_40' title="bbox 134 3724 1774 3801; baseline 0.001 -17"><span class='ocrx_word' id='word_1_548' title='bbox 134 3728 248 3801; x_wconf 89' lang='lat' dir='ltr'><strong>gebant.</strong></span> <span class='ocrx_word' id='word_1_549' title='bbox 271 3729 352 3784; x_wconf 90' lang='lat' dir='ltr'><strong>Unde</strong></span> <span class='ocrx_word' id='word_1_550' title='bbox 375 3728 500 3783; x_wconf 90' lang='lat' dir='ltr'><strong>minatur</strong></span> <span class='ocrx_word' id='word_1_551' title='bbox 520 3728 560 3782; x_wconf 90' lang='lat' dir='ltr'><strong>eis</strong></span> <span class='ocrx_word' id='word_1_552' title='bbox 573 3728 678 3782; x_wconf 76' lang='lat' dir='ltr'><strong>malurn</strong></span> <span class='ocrx_word' id='word_1_553' title='bbox 694 3728 874 3799; x_wconf 85' lang='lat' dir='ltr'><strong>captivitatis,</strong></span> <span class='ocrx_word' id='word_1_554' title='bbox 888 3730 931 3784; x_wconf 91' lang='lat' dir='ltr'><strong>vel</strong></span> <span class='ocrx_word' id='word_1_555' title='bbox 972 3724 1149 3781; x_wconf 89' lang='lat' dir='ltr'><strong>Hierusalem</strong></span> <span class='ocrx_word' id='word_1_556' title='bbox 1164 3727 1193 3780; x_wconf 93' lang='lat' dir='ltr'><strong>in</strong></span> <span class='ocrx_word' id='word_1_557' title='bbox 1209 3726 1359 3798; x_wconf 90' lang='lat' dir='ltr'><strong>iniquitate</strong></span> <span class='ocrx_word' id='word_1_558' title='bbox 1379 3731 1409 3782; x_wconf 91' lang='lat' dir='ltr'><strong>et</strong></span> <span class='ocrx_word' id='word_1_559' title='bbox 1431 3727 1537 3799; x_wconf 92' lang='lat' dir='ltr'><strong>rapinis</strong></span> <span class='ocrx_word' id='word_1_560' title='bbox 1560 3727 1692 3783; x_wconf 85' lang='lat' dir='ltr'><strong>videlicet</strong></span> <span class='ocrx_word' id='word_1_561' title='bbox 1705 3746 1774 3801; x_wconf 88' lang='lat' dir='ltr'><strong>pau·</strong></span> 
     </span>
     <span class='ocr_line' id='line_1_41' title="bbox 136 3813 1774 3885; baseline -0.001 -11"><span class='ocrx_word' id='word_1_562' title='bbox 136 3817 293 3874; x_wconf 84' lang='lat' dir='ltr'><strong>Chaldaicae</strong></span> <span class='ocrx_word' id='word_1_563' title='bbox 305 3817 349 3871; x_wconf 90' lang='lat' dir='ltr'><strong>vel</strong></span> <span class='ocrx_word' id='word_1_564' title='bbox 363 3817 507 3884; x_wconf 82' lang='lat' dir='ltr'><strong>Romanae,</strong></span> <span class='ocrx_word' id='word_1_565' title='bbox 522 3822 551 3872; x_wconf 91' lang='lat' dir='ltr'><strong>et</strong></span> <span class='ocrx_word' id='word_1_566' title='bbox 564 3817 629 3872; x_wconf 88' lang='lat' dir='ltr'><strong>licet</strong></span> <span class='ocrx_word' id='word_1_567' title='bbox 652 3818 776 3872; x_wconf 89' lang='lat' dir='ltr'><strong>clament</strong></span> <span class='ocrx_word' id='word_1_568' title='bbox 797 3818 832 3871; x_wconf 92' lang='lat' dir='ltr'><strong>ad</strong></span> <span class='ocrx_word' id='word_1_569' title='bbox 854 3834 929 3885; x_wconf 87' lang='lat' dir='ltr'><strong>euru,</strong></span> <span class='ocrx_word' id='word_1_570' title='bbox 971 3828 1081 3884; x_wconf 89' lang='lat' dir='ltr'><strong>perum,</strong></span> <span class='ocrx_word' id='word_1_571' title='bbox 1095 3813 1217 3869; x_wconf 86' lang='lat' dir='ltr'><strong>caedibus</strong></span> <span class='ocrx_word' id='word_1_572' title='bbox 1229 3815 1394 3880; x_wconf 88' lang='lat' dir='ltr'><strong>insontium,</strong></span> <span class='ocrx_word' id='word_1_573' title='bbox 1405 3820 1491 3885; x_wconf 90' lang='lat' dir='ltr'><strong>atque</strong></span> <span class='ocrx_word' id='word_1_574' title='bbox 1503 3814 1700 3871; x_wconf 83' lang='lat' dir='ltr'><strong>interiectione</strong></span> <span class='ocrx_word' id='word_1_575' title='bbox 1711 3833 1774 3872; x_wconf 91' lang='lat' dir='ltr'><strong>san·</strong></span> 
     </span>
     <span class='ocr_line' id='line_1_42' title="bbox 135 3904 1774 3980; baseline 0.001 -19"><span class='ocrx_word' id='word_1_576' title='bbox 135 3920 193 3961; x_wconf 92' lang='lat' dir='ltr'><strong>non</strong></span> <span class='ocrx_word' id='word_1_577' title='bbox 207 3922 256 3961; x_wconf 89' lang='lat' dir='ltr'><strong>cos</strong></span> <span class='ocrx_word' id='word_1_578' title='bbox 270 3906 409 3972; x_wconf 80' lang='lat' dir='ltr'><strong>exaudiet,</strong></span> <span class='ocrx_word' id='word_1_579' title='bbox 431 3906 479 3961; x_wconf 90' lang='lat' dir='ltr'><strong>sed</strong></span> <span class='ocrx_word' id='word_1_580' title='bbox 501 3906 631 3961; x_wconf 84' lang='lat' dir='ltr'><strong>restituet</strong></span> <span class='ocrx_word' id='word_1_581' title='bbox 651 3906 701 3972; x_wconf 91' lang='lat' dir='ltr'><strong>eis,</strong></span> <span class='ocrx_word' id='word_1_582' title='bbox 718 3907 792 3961; x_wconf 91' lang='lat' dir='ltr'><strong>sicut</strong></span> <span class='ocrx_word' id='word_1_583' title='bbox 808 3906 863 3980; x_wconf 92' lang='lat' dir='ltr'><strong>ipsi</strong></span> <span class='ocrx_word' id='word_1_584' title='bbox 880 3923 931 3961; x_wconf 90' lang='lat' dir='ltr'><strong>ne·</strong></span> <span class='ocrx_word' id='word_1_585' title='bbox 972 3906 1082 3956; x_wconf 75' lang='lat' dir='ltr'><strong>eborum</strong></span> <span class='ocrx_word' id='word_1_586' title='bbox 1096 3908 1245 3973; x_wconf 74' lang='lat' dir='ltr'><strong>:preterca</strong></span> <span class='ocrx_word' id='word_1_587' title='bbox 1256 3904 1467 3975; x_wconf 89' lang='lat' dir='ltr'><strong>quiaprincipes</strong></span> <span class='ocrx_word' id='word_1_588' title='bbox 1477 3904 1597 3980; x_wconf 88' lang='lat' dir='ltr'><strong>acceptis</strong></span> <span class='ocrx_word' id='word_1_589' title='bbox 1607 3906 1774 3963; x_wconf 88' lang='lat' dir='ltr'><strong>muneribus</strong></span> 
     </span>
     <span class='ocr_line' id='line_1_43' title="bbox 136 3990 1771 4069; baseline -0.001 -18"><span class='ocrx_word' id='word_1_590' title='bbox 136 3996 231 4069; x_wconf 89' lang='lat' dir='ltr'><strong>quiter</strong></span> <span class='ocrx_word' id='word_1_591' title='bbox 244 4001 364 4068; x_wconf 88' lang='lat' dir='ltr'><strong>egerunt</strong></span> <span class='ocrx_word' id='word_1_592' title='bbox 378 3995 408 4050; x_wconf 92' lang='lat' dir='ltr'><strong>in</strong></span> <span class='ocrx_word' id='word_1_593' title='bbox 427 3994 672 4051; x_wconf 86' lang='lat' dir='ltr'><strong>adinventionibus</strong></span> <span class='ocrx_word' id='word_1_594' title='bbox 686 3996 753 4062; x_wconf 91' lang='lat' dir='ltr'><strong>suis,</strong></span> <span class='ocrx_word' id='word_1_595' title='bbox 769 3997 823 4051; x_wconf 91' lang='lat' dir='ltr'><strong>hoc</strong></span> <span class='ocrx_word' id='word_1_596' title='bbox 836 4001 889 4062; x_wconf 89' lang='lat' dir='ltr'><strong>est,</strong></span> <span class='ocrx_word' id='word_1_597' title='bbox 903 3995 932 4050; x_wconf 94' lang='lat' dir='ltr'><strong>in</strong></span> <span class='ocrx_word' id='word_1_598' title='bbox 970 3990 1108 4061; x_wconf 82' lang='lat' dir='ltr'><strong>judicent,</strong></span> <span class='ocrx_word' id='word_1_599' title='bbox 1121 3996 1149 4046; x_wconf 90' lang='lat' dir='ltr'><strong>et</strong></span> <span class='ocrx_word' id='word_1_600' title='bbox 1163 3993 1306 4064; x_wconf 79' lang='lat' dir='ltr'><strong>prophetae</strong></span> <span class='ocrx_word' id='word_1_601' title='bbox 1321 4009 1372 4063; x_wconf 90' lang='lat' dir='ltr'><strong>pro</strong></span> <span class='ocrx_word' id='word_1_602' title='bbox 1386 3992 1552 4047; x_wconf 90' lang='lat' dir='ltr'><strong>muneribus</strong></span> <span class='ocrx_word' id='word_1_603' title='bbox 1570 3993 1771 4063; x_wconf 87' lang='lat' dir='ltr'><strong>vaticinentur,</strong></span> 
     </span>
     <span class='ocr_line' id='line_1_44' title="bbox 135 4080 1771 4156; baseline 0 -17"><span class='ocrx_word' id='word_1_604' title='bbox 135 4084 297 4153; x_wconf 82' lang='lat' dir='ltr'><strong>sceleribus,</strong></span> <span class='ocrx_word' id='word_1_605' title='bbox 312 4101 374 4156; x_wconf 84' lang='lat' dir='ltr'><strong>quae</strong></span> <span class='ocrx_word' id='word_1_606' title='bbox 384 4101 456 4139; x_wconf 89' lang='lat' dir='ltr'><strong>nova</strong></span> <span class='ocrx_word' id='word_1_607' title='bbox 470 4084 777 4156; x_wconf 85' lang='lat' dir='ltr'><strong>semperinveniebant.</strong></span> <span class='ocrx_word' id='word_1_608' title='bbox 972 4087 1002 4136; x_wconf 92' lang='lat' dir='ltr'><strong>et</strong></span> <span class='ocrx_word' id='word_1_609' title='bbox 1010 4080 1130 4151; x_wconf 85' lang='lat' dir='ltr'><strong>gratiam</strong></span> <span class='ocrx_word' id='word_1_610' title='bbox 1145 4080 1195 4135; x_wconf 87' lang='lat' dir='ltr'><strong>Dei</strong></span> <span class='ocrx_word' id='word_1_611' title='bbox 1206 4081 1337 4146; x_wconf 84' lang='lat' dir='ltr'><strong>vendant,</strong></span> <span class='ocrx_word' id='word_1_612' title='bbox 1350 4086 1452 4136; x_wconf 91' lang='lat' dir='ltr'><strong>etcum</strong></span> <span class='ocrx_word' id='word_1_613' title='bbox 1463 4081 1771 4151; x_wconf 82' lang='lat' dir='ltr'><strong>haeccmniafacerent,</strong></span> 
     </span>
     <span class='ocr_line' id='line_1_45' title="bbox 172 4169 1773 4245; baseline 0.002 -19"><span class='ocrx_word' id='word_1_614' title='bbox 172 4174 265 4228; x_wconf 72' lang='lat' dir='ltr'><strong>«Haec</strong></span> <span class='ocrx_word' id='word_1_615' title='bbox 277 4173 346 4227; x_wconf 92' lang='lat' dir='ltr'><strong>dicit</strong></span> <span class='ocrx_word' id='word_1_616' title='bbox 359 4174 496 4227; x_wconf 87' lang='lat' dir='ltr'><strong>Dominus</strong></span> <span class='ocrx_word' id='word_1_617' title='bbox 516 4174 550 4227; x_wconf 91' lang='lat' dir='ltr'><strong>ad</strong></span> <span class='ocrx_word' id='word_1_618' title='bbox 565 4174 717 4244; x_wconf 89' lang='lat' dir='ltr'><strong>prophetas</strong></span> <span class='ocrx_word' id='word_1_619' title='bbox 731 4173 779 4245; x_wconf 94' lang='lat' dir='ltr'><strong>qui</strong></span> <span class='ocrx_word' id='word_1_620' title='bbox 793 4173 933 4230; x_wconf 89' lang='lat' dir='ltr'><strong>seducunt</strong></span> <span class='ocrx_word' id='word_1_621' title='bbox 972 4169 1187 4241; x_wconf 86' lang='lat' dir='ltr'><strong>requiescebant</strong></span> <span class='ocrx_word' id='word_1_622' title='bbox 1201 4186 1286 4241; x_wconf 90' lang='lat' dir='ltr'><strong>super</strong></span> <span class='ocrx_word' id='word_1_623' title='bbox 1307 4171 1469 4237; x_wconf 90' lang='lat' dir='ltr'><strong>Dominum,</strong></span> <span class='ocrx_word' id='word_1_624' title='bbox 1484 4171 1608 4226; x_wconf 86' lang='lat' dir='ltr'><strong>dicentes</strong></span> <span class='ocrx_word' id='word_1_625' title='bbox 1626 4190 1632 4226; x_wconf 92' lang='lat'><strong>:</strong></span> <span class='ocrx_word' id='word_1_626' title='bbox 1647 4173 1773 4244; x_wconf 91' lang='lat' dir='ltr'><strong>Populus</strong></span> 
     </span>
     <span class='ocr_line' id='line_1_46' title="bbox 134 4259 1772 4356; baseline 0.002 -41"><span class='ocrx_word' id='word_1_627' title='bbox 134 4261 269 4332; x_wconf 92' lang='lat' dir='ltr'><strong>populum</strong></span> <span class='ocrx_word' id='word_1_628' title='bbox 294 4275 399 4326; x_wconf 89' lang='lat' dir='ltr'><strong>meum,</strong></span> <span class='ocrx_word' id='word_1_629' title='bbox 416 4280 428 4311; x_wconf 79' lang='grc' dir='ltr'><strong><em>ι</em></strong></span> <span class='ocrx_word' id='word_1_630' title='bbox 448 4260 496 4329; x_wconf 91' lang='lat' dir='ltr'><strong>qui</strong></span> <span class='ocrx_word' id='word_1_631' title='bbox 519 4261 650 4315; x_wconf 90' lang='lat' dir='ltr'><strong>mordent</strong></span> <span class='ocrx_word' id='word_1_632' title='bbox 668 4261 800 4316; x_wconf 90' lang='lat' dir='ltr'><strong>dentibus</strong></span> <span class='ocrx_word' id='word_1_633' title='bbox 818 4262 885 4325; x_wconf 86' lang='lat' dir='ltr'><strong>suis,</strong></span> <span class='ocrx_word' id='word_1_634' title='bbox 903 4259 1024 4356; x_wconf 77' lang='lat' dir='ltr'><strong>etDDci</strong></span> <span class='ocrx_word' id='word_1_635' title='bbox 1037 4275 1143 4325; x_wconf 90' lang='lat' dir='ltr'><strong>sumus,</strong></span> <span class='ocrx_word' id='word_1_636' title='bbox 1160 4260 1295 4313; x_wconf 90' lang='lat' dir='ltr'><strong>Dominus</strong></span> <span class='ocrx_word' id='word_1_637' title='bbox 1305 4259 1335 4313; x_wconf 93' lang='lat' dir='ltr'><strong>in</strong></span> <span class='ocrx_word' id='word_1_638' title='bbox 1345 4260 1438 4314; x_wconf 91' lang='lat' dir='ltr'><strong>medio</strong></span> <span class='ocrx_word' id='word_1_639' title='bbox 1447 4266 1577 4315; x_wconf 91' lang='lat' dir='ltr'><strong>nostrum</strong></span> <span class='ocrx_word' id='word_1_640' title='bbox 1588 4265 1709 4328; x_wconf 91' lang='lat' dir='ltr'><strong>est,non</strong></span> <span class='ocrx_word' id='word_1_641' title='bbox 1725 4277 1772 4319; x_wconf 79' lang='lat' dir='ltr'><strong>ve-</strong></span> 
     </span>
     <span class='ocr_line' id='line_1_47' title="bbox 133 4347 1772 4420; baseline 0.003 -18"><span class='ocrx_word' id='word_1_642' title='bbox 133 4348 289 4420; x_wconf 75' lang='lat' dir='ltr'><strong>predium</strong></span> <span class='ocrx_word' id='word_1_643' title='bbox 299 4363 396 4419; x_wconf 89' lang='lat' dir='ltr'><strong>pacem</strong></span> <span class='ocrx_word' id='word_1_644' title='bbox 413 4352 456 4401; x_wconf 89' lang='lat' dir='ltr'><strong>:et</strong></span> <span class='ocrx_word' id='word_1_645' title='bbox 470 4347 494 4401; x_wconf 90' lang='lat' dir='ltr'><strong>si</strong></span> <span class='ocrx_word' id='word_1_646' title='bbox 509 4347 572 4418; x_wconf 90' lang='lat' dir='ltr'><strong>quis</strong></span> <span class='ocrx_word' id='word_1_647' title='bbox 581 4364 639 4402; x_wconf 91' lang='grc' dir='ltr'><strong>ηοη</strong></span> <span class='ocrx_word' id='word_1_648' title='bbox 653 4348 763 4403; x_wconf 90' lang='lat' dir='ltr'><strong>dederit</strong></span> <span class='ocrx_word' id='word_1_649' title='bbox 775 4349 805 4403; x_wconf 91' lang='lat' dir='ltr'><strong>in</strong></span> <span class='ocrx_word' id='word_1_650' title='bbox 819 4366 868 4403; x_wconf 89' lang='lat' dir='ltr'><strong>ore</strong></span> <span class='ocrx_word' id='word_1_651' title='bbox 886 4366 931 4403; x_wconf 88' lang='lat' dir='ltr'><strong>eo·</strong></span> <span class='ocrx_word' id='word_1_652' title='bbox 972 4347 1052 4401; x_wconf 91' lang='lat' dir='ltr'><strong>nient</strong></span> <span class='ocrx_word' id='word_1_653' title='bbox 1067 4362 1217 4417; x_wconf 90' lang='lat' dir='ltr'><strong>supernos</strong></span> <span class='ocrx_word' id='word_1_654' title='bbox 1232 4348 1317 4400; x_wconf 90' lang='lat' dir='ltr'><strong>mala.</strong></span> <span class='ocrx_word' id='word_1_655' title='bbox 1332 4347 1387 4402; x_wconf 92' lang='lat' dir='ltr'><strong>Pro</strong></span> <span class='ocrx_word' id='word_1_656' title='bbox 1401 4348 1446 4403; x_wconf 89' lang='lat' dir='ltr'><strong>his</strong></span> <span class='ocrx_word' id='word_1_657' title='bbox 1459 4349 1588 4404; x_wconf 92' lang='lat' dir='ltr'><strong>omuibus</strong></span> <span class='ocrx_word' id='word_1_658' title='bbox 1600 4350 1772 4408; x_wconf 86' lang='lat' dir='ltr'><strong>minatureis</strong></span> 
     </span>
    </p>

    <p class='ocr_par' dir='ltr' id='par_1_4' title="bbox 73 4434 1773 5577">
     <span class='ocr_line' id='line_1_48' title="bbox 134 4434 1736 4508; baseline 0.002 -17"><span class='ocrx_word' id='word_1_659' title='bbox 134 4452 199 4491; x_wconf 86' lang='lat' dir='ltr'><strong>rum</strong></span> <span class='ocrx_word' id='word_1_660' title='bbox 222 4435 378 4507; x_wconf 91' lang='lat' dir='ltr'><strong>quidpiam,</strong></span> <span class='ocrx_word' id='word_1_661' title='bbox 404 4434 580 4489; x_wconf 87' lang='lat' dir='ltr'><strong>sanctificant</strong></span> <span class='ocrx_word' id='word_1_662' title='bbox 605 4451 691 4505; x_wconf 91' lang='lat' dir='ltr'><strong>super</strong></span> <span class='ocrx_word' id='word_1_663' title='bbox 712 4451 777 4490; x_wconf 91' lang='lat' dir='ltr'><strong>eum</strong></span> <span class='ocrx_word' id='word_1_664' title='bbox 791 4436 928 4506; x_wconf 80' lang='lat' dir='ltr'><strong>praelium.</strong></span> <span class='ocrx_word' id='word_1_665' title='bbox 972 4435 1120 4507; x_wconf 88' lang='lat' dir='ltr'><strong>propheta,</strong></span> <span class='ocrx_word' id='word_1_666' title='bbox 1134 4435 1191 4489; x_wconf 89' lang='lat' dir='ltr'><strong>imo</strong></span> <span class='ocrx_word' id='word_1_667' title='bbox 1205 4435 1342 4490; x_wconf 89' lang='lat' dir='ltr'><strong>Dominus</strong></span> <span class='ocrx_word' id='word_1_668' title='bbox 1352 4452 1403 4506; x_wconf 90' lang='lat' dir='ltr'><strong>per</strong></span> <span class='ocrx_word' id='word_1_669' title='bbox 1413 4437 1591 4508; x_wconf 86' lang='lat' dir='ltr'><strong>prophetam,</strong></span> <span class='ocrx_word' id='word_1_670' title='bbox 1605 4443 1634 4493; x_wconf 90' lang='lat' dir='ltr'><strong>et</strong></span> <span class='ocrx_word' id='word_1_671' title='bbox 1645 4439 1714 4495; x_wconf 92' lang='lat' dir='ltr'><strong>dicit</strong></span> <span class='ocrx_word' id='word_1_672' title='bbox 1727 4460 1736 4495; x_wconf 76' lang='lat' dir='ltr'><strong>c</strong></span> 
     </span>
     <span class='ocr_line' id='line_1_49' title="bbox 135 4521 1773 4597; baseline 0.002 -17"><span class='ocrx_word' id='word_1_673' title='bbox 135 4525 290 4597; x_wconf 88' lang='lat' dir='ltr'><strong>Propterea</strong></span> <span class='ocrx_word' id='word_1_674' title='bbox 304 4539 359 4578; x_wconf 85' lang='lat' dir='ltr'><strong>nox</strong></span> <span class='ocrx_word' id='word_1_675' title='bbox 370 4521 447 4577; x_wconf 86' lang='lat' dir='ltr'><strong>vobis</strong></span> <span class='ocrx_word' id='word_1_676' title='bbox 456 4539 508 4595; x_wconf 91' lang='lat' dir='ltr'><strong>pro</strong></span> <span class='ocrx_word' id='word_1_677' title='bbox 521 4522 628 4576; x_wconf 90' lang='lat' dir='ltr'><strong>visione</strong></span> <span class='ocrx_word' id='word_1_678' title='bbox 638 4522 701 4588; x_wconf 89' lang='lat' dir='ltr'><strong>erit,</strong></span> <span class='ocrx_word' id='word_1_679' title='bbox 713 4528 742 4577; x_wconf 90' lang='lat' dir='ltr'><strong>et</strong></span> <span class='ocrx_word' id='word_1_680' title='bbox 749 4522 871 4579; x_wconf 87' lang='lat' dir='ltr'><strong>tenebrae</strong></span> <span class='ocrx_word' id='word_1_681' title='bbox 881 4540 932 4596; x_wconf 91' lang='lat' dir='ltr'><strong>pro</strong></span> <span class='ocrx_word' id='word_1_682' title='bbox 1010 4544 1022 4575; x_wconf 79' lang='lat' dir='ltr'><strong>r</strong></span> <span class='ocrx_word' id='word_1_683' title='bbox 1036 4523 1154 4594; x_wconf 87' lang='lat' dir='ltr'><strong>Propter</strong></span> <span class='ocrx_word' id='word_1_684' title='bbox 1167 4524 1218 4577; x_wconf 91' lang='lat' dir='ltr'><strong>boc</strong></span> <span class='ocrx_word' id='word_1_685' title='bbox 1231 4539 1315 4578; x_wconf 90' lang='lat' dir='ltr'><strong>causa</strong></span> <span class='ocrx_word' id='word_1_686' title='bbox 1330 4525 1415 4579; x_wconf 90' lang='lat' dir='ltr'><strong>vestri</strong></span> <span class='ocrx_word' id='word_1_687' title='bbox 1423 4525 1490 4579; x_wconf 90' lang='lat' dir='ltr'><strong>Sion</strong></span> <span class='ocrx_word' id='word_1_688' title='bbox 1503 4527 1585 4597; x_wconf 88' lang='lat' dir='ltr'><strong>quasi</strong></span> <span class='ocrx_word' id='word_1_689' title='bbox 1598 4543 1668 4597; x_wconf 90' lang='lat' dir='ltr'><strong>ager</strong></span> <span class='ocrx_word' id='word_1_690' title='bbox 1681 4527 1773 4584; x_wconf 89' lang='lat' dir='ltr'><strong>arabi·</strong></span> 
     </span>
     <span class='ocr_line' id='line_1_50' title="bbox 135 4610 1773 4686; baseline 0.002 -16"><span class='ocrx_word' id='word_1_691' title='bbox 135 4614 318 4681; x_wconf 86' lang='lat' dir='ltr'><strong>divinatione,</strong></span> <span class='ocrx_word' id='word_1_692' title='bbox 335 4617 363 4667; x_wconf 93' lang='lat' dir='ltr'><strong>et</strong></span> <span class='ocrx_word' id='word_1_693' title='bbox 377 4610 523 4667; x_wconf 90' lang='lat' dir='ltr'><strong>occumbet</strong></span> <span class='ocrx_word' id='word_1_694' title='bbox 534 4627 619 4682; x_wconf 90' lang='lat' dir='ltr'><strong>super</strong></span> <span class='ocrx_word' id='word_1_695' title='bbox 632 4613 796 4682; x_wconf 85' lang='lat' dir='ltr'><strong>prophetas,</strong></span> <span class='ocrx_word' id='word_1_696' title='bbox 810 4618 840 4667; x_wconf 91' lang='lat' dir='ltr'><strong>et</strong></span> <span class='ocrx_word' id='word_1_697' title='bbox 852 4613 931 4668; x_wconf 92' lang='lat' dir='ltr'><strong>obte-</strong></span> <span class='ocrx_word' id='word_1_698' title='bbox 972 4618 1028 4677; x_wconf 89' lang='lat' dir='ltr'><strong>tur,</strong></span> <span class='ocrx_word' id='word_1_699' title='bbox 1044 4619 1073 4667; x_wconf 91' lang='lat' dir='ltr'><strong>et</strong></span> <span class='ocrx_word' id='word_1_700' title='bbox 1087 4612 1262 4667; x_wconf 90' lang='lat' dir='ltr'><strong>Hierusalem</strong></span> <span class='ocrx_word' id='word_1_701' title='bbox 1277 4613 1359 4684; x_wconf 89' lang='lat' dir='ltr'><strong>quasi</strong></span> <span class='ocrx_word' id='word_1_702' title='bbox 1381 4630 1497 4669; x_wconf 88' lang='lat' dir='ltr'><strong>acervus</strong></span> <span class='ocrx_word' id='word_1_703' title='bbox 1517 4615 1644 4686; x_wconf 90' lang='lat' dir='ltr'><strong>lapidum</strong></span> <span class='ocrx_word' id='word_1_704' title='bbox 1664 4618 1729 4684; x_wconf 84' lang='lat' dir='ltr'><strong>erit,</strong></span> <span class='ocrx_word' id='word_1_705' title='bbox 1743 4624 1773 4673; x_wconf 92' lang='lat' dir='ltr'><strong>et</strong></span> 
     </span>
     <span class='ocr_line' id='line_1_51' title="bbox 135 4701 1771 4775; baseline 0.001 -16"><span class='ocrx_word' id='word_1_706' title='bbox 135 4702 301 4760; x_wconf 89' lang='lat' dir='ltr'><strong>nebrabitur</strong></span> <span class='ocrx_word' id='word_1_707' title='bbox 313 4719 399 4773; x_wconf 90' lang='lat' dir='ltr'><strong>super</strong></span> <span class='ocrx_word' id='word_1_708' title='bbox 418 4718 465 4757; x_wconf 90' lang='lat' dir='ltr'><strong>eos</strong></span> <span class='ocrx_word' id='word_1_709' title='bbox 479 4701 549 4767; x_wconf 91' lang='lat' dir='ltr'><strong>dies,</strong></span> <span class='ocrx_word' id='word_1_710' title='bbox 563 4706 592 4756; x_wconf 90' lang='lat' dir='ltr'><strong>et</strong></span> <span class='ocrx_word' id='word_1_711' title='bbox 608 4701 816 4755; x_wconf 83' lang='lat' dir='ltr'><strong>confundentur</strong></span> <span class='ocrx_word' id='word_1_712' title='bbox 829 4703 879 4771; x_wconf 90' lang='lat' dir='ltr'><strong>qui</strong></span> <span class='ocrx_word' id='word_1_713' title='bbox 889 4702 931 4756; x_wconf 88' lang='lat' dir='ltr'><strong>vi·</strong></span> <span class='ocrx_word' id='word_1_714' title='bbox 971 4717 1053 4756; x_wconf 91' lang='lat' dir='ltr'><strong>mous</strong></span> <span class='ocrx_word' id='word_1_715' title='bbox 1065 4701 1164 4772; x_wconf 89' lang='lat' dir='ltr'><strong>templi</strong></span> <span class='ocrx_word' id='word_1_716' title='bbox 1176 4701 1204 4754; x_wconf 93' lang='lat' dir='ltr'><strong>in</strong></span> <span class='ocrx_word' id='word_1_717' title='bbox 1219 4702 1327 4756; x_wconf 82' lang='lat' dir='ltr'><strong>excelsa</strong></span> <span class='ocrx_word' id='word_1_718' title='bbox 1336 4701 1480 4756; x_wconf 82' lang='lat' dir='ltr'><strong>silvarum.</strong></span> <span class='ocrx_word' id='word_1_719' title='bbox 1494 4723 1505 4752; x_wconf 81' lang='grc' dir='ltr'>ι</span> <span class='ocrx_word' id='word_1_720' title='bbox 1517 4703 1604 4757; x_wconf 91' lang='lat' dir='ltr'><strong>Docet</strong></span> <span class='ocrx_word' id='word_1_721' title='bbox 1619 4705 1687 4775; x_wconf 91' lang='lat' dir='ltr'><strong>quia</strong></span> <span class='ocrx_word' id='word_1_722' title='bbox 1697 4711 1771 4760; x_wconf 85' lang='lat' dir='ltr'><strong>tem·</strong></span> 
     </span>
     <span class='ocr_line' id='line_1_52' title="bbox 135 4788 1771 4863; baseline 0.001 -16"><span class='ocrx_word' id='word_1_723' title='bbox 135 4792 204 4847; x_wconf 89' lang='lat' dir='ltr'><strong>dent</strong></span> <span class='ocrx_word' id='word_1_724' title='bbox 216 4793 349 4858; x_wconf 83' lang='lat' dir='ltr'><strong>visiones,</strong></span> <span class='ocrx_word' id='word_1_725' title='bbox 364 4797 393 4845; x_wconf 92' lang='lat' dir='ltr'><strong>et</strong></span> <span class='ocrx_word' id='word_1_726' title='bbox 405 4789 611 4845; x_wconf 85' lang='lat' dir='ltr'><strong>confundentur</strong></span> <span class='ocrx_word' id='word_1_727' title='bbox 625 4788 721 4853; x_wconf 89' lang='lat' dir='ltr'><strong>divini,</strong></span> <span class='ocrx_word' id='word_1_728' title='bbox 737 4795 792 4843; x_wconf 79' lang='lat' dir='ltr'><strong>«et</strong></span> <span class='ocrx_word' id='word_1_729' title='bbox 804 4790 933 4861; x_wconf 93' lang='lat' dir='ltr'><strong>operient</strong></span> <span class='ocrx_word' id='word_1_730' title='bbox 971 4790 1050 4862; x_wconf 91' lang='lat' dir='ltr'><strong>plum</strong></span> <span class='ocrx_word' id='word_1_731' title='bbox 1064 4789 1125 4856; x_wconf 91' lang='lat' dir='ltr'><strong>Dei,</strong></span> <span class='ocrx_word' id='word_1_732' title='bbox 1142 4790 1216 4860; x_wconf 93' lang='lat' dir='ltr'><strong>quod</strong></span> <span class='ocrx_word' id='word_1_733' title='bbox 1238 4789 1315 4861; x_wconf 89' lang='lat' dir='ltr'><strong>prius</strong></span> <span class='ocrx_word' id='word_1_734' title='bbox 1341 4806 1411 4845; x_wconf 92' lang='lat' dir='ltr'><strong>auro</strong></span> <span class='ocrx_word' id='word_1_735' title='bbox 1438 4795 1468 4844; x_wconf 92' lang='lat' dir='ltr'><strong>et</strong></span> <span class='ocrx_word' id='word_1_736' title='bbox 1485 4791 1624 4862; x_wconf 89' lang='lat' dir='ltr'><strong>lapidibus</strong></span> <span class='ocrx_word' id='word_1_737' title='bbox 1638 4794 1771 4863; x_wconf 86' lang='lat' dir='ltr'><strong>pretiosis</strong></span> 
     </span>
     <span class='ocr_line' id='line_1_53' title="bbox 73 4877 1771 4955; baseline 0.002 -21"><span class='ocrx_word' id='word_1_738' title='bbox 73 4948 82 4955; x_wconf 93' lang='lat'>.</span> <span class='ocrx_word' id='word_1_739' title='bbox 135 4879 230 4935; x_wconf 83' lang='lat' dir='ltr'><strong>vultus</strong></span> <span class='ocrx_word' id='word_1_740' title='bbox 244 4896 428 4946; x_wconf 86' lang='lat' dir='ltr'><strong>sucscmues‚</strong></span> <span class='ocrx_word' id='word_1_741' title='bbox 446 4880 512 4951; x_wconf 91' lang='lat' dir='ltr'><strong>quia</strong></span> <span class='ocrx_word' id='word_1_742' title='bbox 530 4895 587 4933; x_wconf 91' lang='lat' dir='ltr'><strong>non</strong></span> <span class='ocrx_word' id='word_1_743' title='bbox 601 4884 644 4933; x_wconf 89' lang='lat' dir='ltr'><strong>est</strong></span> <span class='ocrx_word' id='word_1_744' title='bbox 658 4893 823 4949; x_wconf 87' lang='lat' dir='ltr'><strong>responsum</strong></span> <span class='ocrx_word' id='word_1_745' title='bbox 838 4878 929 4933; x_wconf 80' lang='lat' dir='ltr'><strong>Dei.»</strong></span> <span class='ocrx_word' id='word_1_746' title='bbox 970 4877 1106 4949; x_wconf 84' lang='lat' dir='ltr'><strong>fulgebat,</strong></span> <span class='ocrx_word' id='word_1_747' title='bbox 1126 4878 1155 4932; x_wconf 92' lang='lat' dir='ltr'><strong>in</strong></span> <span class='ocrx_word' id='word_1_748' title='bbox 1168 4878 1267 4933; x_wconf 90' lang='lat' dir='ltr'><strong>ruinas</strong></span> <span class='ocrx_word' id='word_1_749' title='bbox 1284 4878 1628 4934; x_wconf 85' lang='lat' dir='ltr'><strong>extremasdeducendum</strong></span> <span class='ocrx_word' id='word_1_750' title='bbox 1643 4883 1689 4936; x_wconf 91' lang='lat' dir='ltr'><strong>sit.</strong></span> <span class='ocrx_word' id='word_1_751' title='bbox 1707 4883 1771 4939; x_wconf 78' lang='lat' dir='ltr'><strong>Haec</strong></span> 
     </span>
     <span class='ocr_line' id='line_1_54' title="bbox 134 4966 1772 5042; baseline 0.004 -20"><span class='ocrx_word' id='word_1_752' title='bbox 134 4967 276 5022; x_wconf 84' lang='lat' dir='ltr'><strong>Erautillo</strong></span> <span class='ocrx_word' id='word_1_753' title='bbox 284 4971 411 5037; x_wconf 89' lang='lat' dir='ltr'><strong>tempore</strong></span> <span class='ocrx_word' id='word_1_754' title='bbox 419 4968 669 5040; x_wconf 75' lang='lat' dir='ltr'><strong>pseudoprophetae</strong></span> <span class='ocrx_word' id='word_1_755' title='bbox 677 4967 706 5022; x_wconf 90' lang='lat' dir='ltr'><strong>in</strong></span> <span class='ocrx_word' id='word_1_756' title='bbox 716 4966 819 5039; x_wconf 90' lang='lat' dir='ltr'><strong>populo</strong></span> <span class='ocrx_word' id='word_1_757' title='bbox 829 4966 927 5034; x_wconf 90' lang='lat' dir='ltr'><strong>lsrael,</strong></span> <span class='ocrx_word' id='word_1_758' title='bbox 971 4968 1067 5023; x_wconf 90' lang='lat' dir='ltr'><strong>omnia</strong></span> <span class='ocrx_word' id='word_1_759' title='bbox 1080 4969 1258 5038; x_wconf 90' lang='lat' dir='ltr'><strong>contigerunt</strong></span> <span class='ocrx_word' id='word_1_760' title='bbox 1273 4968 1504 5040; x_wconf 82' lang='lat' dir='ltr'><strong>Judaeis,p1·cptcr</strong></span> <span class='ocrx_word' id='word_1_761' title='bbox 1517 4986 1551 5024; x_wconf 89' lang='lat' dir='ltr'><strong>ea</strong></span> <span class='ocrx_word' id='word_1_762' title='bbox 1561 4987 1624 5041; x_wconf 79' lang='lat' dir='ltr'><strong>quae</strong></span> <span class='ocrx_word' id='word_1_763' title='bbox 1635 4988 1721 5042; x_wconf 91' lang='lat' dir='ltr'><strong>supra</strong></span> <span class='ocrx_word' id='word_1_764' title='bbox 1732 4973 1772 5028; x_wconf 91' lang='lat' dir='ltr'><strong>di·</strong></span> 
     </span>
     <span class='ocr_line' id='line_1_55' title="bbox 133 5054 1771 5129; baseline 0.002 -18"><span class='ocrx_word' id='word_1_765' title='bbox 133 5054 183 5128; x_wconf 90' lang='lat' dir='ltr'><strong>qui</strong></span> <span class='ocrx_word' id='word_1_766' title='bbox 193 5060 227 5109; x_wconf 90' lang='lat' dir='ltr'><strong>ut</strong></span> <span class='ocrx_word' id='word_1_767' title='bbox 235 5054 271 5108; x_wconf 91' lang='lat' dir='ltr'><strong>ab</strong></span> <span class='ocrx_word' id='word_1_768' title='bbox 286 5055 328 5110; x_wconf 90' lang='lat' dir='ltr'><strong>eis</strong></span> <span class='ocrx_word' id='word_1_769' title='bbox 342 5054 417 5108; x_wconf 90' lang='lat' dir='ltr'><strong>dona</strong></span> <span class='ocrx_word' id='word_1_770' title='bbox 430 5056 598 5127; x_wconf 89' lang='lat' dir='ltr'><strong>acciperent,</strong></span> <span class='ocrx_word' id='word_1_771' title='bbox 614 5054 805 5129; x_wconf 75' lang='lat' dir='ltr'><strong>praedicabant</strong></span> <span class='ocrx_word' id='word_1_772' title='bbox 819 5072 927 5127; x_wconf 89' lang='lat' dir='ltr'><strong>pacem,</strong></span> <span class='ocrx_word' id='word_1_773' title='bbox 970 5061 1015 5111; x_wconf 88' lang='lat' dir='ltr'><strong>cta</strong></span> <span class='ocrx_word' id='word_1_774' title='bbox 1029 5061 1105 5121; x_wconf 91' lang='lat' dir='ltr'><strong>sunt,</strong></span> <span class='ocrx_word' id='word_1_775' title='bbox 1129 5062 1157 5110; x_wconf 91' lang='lat' dir='ltr'><strong>et</strong></span> <span class='ocrx_word' id='word_1_776' title='bbox 1181 5057 1302 5110; x_wconf 86' lang='lat' dir='ltr'><strong>maxime</strong></span> <span class='ocrx_word' id='word_1_777' title='bbox 1323 5063 1438 5128; x_wconf 92' lang='lat' dir='ltr'><strong>propter</strong></span> <span class='ocrx_word' id='word_1_778' title='bbox 1453 5059 1617 5114; x_wconf 86' lang='lat' dir='ltr'><strong>effusionem</strong></span> <span class='ocrx_word' id='word_1_779' title='bbox 1631 5060 1771 5116; x_wconf 90' lang='lat' dir='ltr'><strong>Dominioi</strong></span> 
     </span>
     <span class='ocr_line' id='line_1_56' title="bbox 132 5142 1770 5216; baseline 0.003 -17"><span class='ocrx_word' id='word_1_780' title='bbox 132 5160 195 5216; x_wconf 82' lang='lat' dir='ltr'><strong>quae</strong></span> <span class='ocrx_word' id='word_1_781' title='bbox 208 5143 248 5198; x_wconf 89' lang='lat' dir='ltr'><strong>eis</strong></span> <span class='ocrx_word' id='word_1_782' title='bbox 262 5142 329 5197; x_wconf 86' lang='lat' dir='ltr'><strong>data</strong></span> <span class='ocrx_word' id='word_1_783' title='bbox 342 5158 399 5196; x_wconf 91' lang='lat' dir='ltr'><strong>nou</strong></span> <span class='ocrx_word' id='word_1_784' title='bbox 414 5148 483 5197; x_wconf 91' lang='lat' dir='ltr'><strong>erat.</strong></span> <span class='ocrx_word' id='word_1_785' title='bbox 508 5145 566 5198; x_wconf 89' lang='lat' dir='ltr'><strong>Hoc</strong></span> <span class='ocrx_word' id='word_1_786' title='bbox 586 5151 631 5200; x_wconf 90' lang='lat' dir='ltr'><strong>est</strong></span> <span class='ocrx_word' id='word_1_787' title='bbox 654 5145 728 5200; x_wconf 88' lang='lat' dir='ltr'><strong>enirn</strong></span> <span class='ocrx_word' id='word_1_788' title='bbox 749 5145 824 5216; x_wconf 89' lang='lat' dir='ltr'><strong>quod</strong></span> <span class='ocrx_word' id='word_1_789' title='bbox 838 5144 926 5199; x_wconf 88' lang='lat' dir='ltr'><strong>dicit:</strong></span> <span class='ocrx_word' id='word_1_790' title='bbox 969 5144 1124 5215; x_wconf 82' lang='lat' dir='ltr'><strong>sanguinis.</strong></span> <span class='ocrx_word' id='word_1_791' title='bbox 1140 5145 1262 5200; x_wconf 91' lang='lat' dir='ltr'><strong>Possunt</strong></span> <span class='ocrx_word' id='word_1_792' title='bbox 1275 5146 1333 5200; x_wconf 84' lang='lat' dir='ltr'><strong>haec</strong></span> <span class='ocrx_word' id='word_1_793' title='bbox 1347 5145 1493 5200; x_wconf 90' lang='lat' dir='ltr'><strong>moraliter</strong></span> <span class='ocrx_word' id='word_1_794' title='bbox 1508 5147 1607 5201; x_wconf 85' lang='lat' dir='ltr'><strong>referri</strong></span> <span class='ocrx_word' id='word_1_795' title='bbox 1622 5148 1656 5202; x_wconf 94' lang='lat' dir='ltr'><strong>ad</strong></span> <span class='ocrx_word' id='word_1_796' title='bbox 1672 5149 1770 5204; x_wconf 88' lang='lat' dir='ltr'><strong>Eccle-</strong></span> 
     </span>
     <span class='ocr_line' id='line_1_57' title="bbox 134 5230 1768 5304; baseline 0.004 -17"><span class='ocrx_word' id='word_1_797' title='bbox 134 5253 146 5287; x_wconf 75' lang='grc' dir='ltr'>ι</span> <span class='ocrx_word' id='word_1_798' title='bbox 163 5232 294 5287; x_wconf 88' lang='lat' dir='ltr'><strong>mordent</strong></span> <span class='ocrx_word' id='word_1_799' title='bbox 308 5230 450 5297; x_wconf 91' lang='lat' dir='ltr'><strong>dentibus,</strong></span> <span class='ocrx_word' id='word_1_800' title='bbox 466 5251 477 5281; x_wconf 78' lang='lat' dir='ltr'><strong>r</strong></span> <span class='ocrx_word' id='word_1_801' title='bbox 495 5237 528 5286; x_wconf 93' lang='lat' dir='ltr'><strong>ut</strong></span> <span class='ocrx_word' id='word_1_802' title='bbox 543 5233 705 5289; x_wconf 84' lang='lat' dir='ltr'><strong>ariditatem</strong></span> <span class='ocrx_word' id='word_1_803' title='bbox 730 5233 927 5304; x_wconf 89' lang='lat' dir='ltr'><strong>accipientium</strong></span> <span class='ocrx_word' id='word_1_804' title='bbox 969 5234 1051 5287; x_wconf 89' lang='lat' dir='ltr'><strong>siam.</strong></span> <span class='ocrx_word' id='word_1_805' title='bbox 1066 5232 1132 5304; x_wconf 87' lang='lat' dir='ltr'><strong>Ipsa</strong></span> <span class='ocrx_word' id='word_1_806' title='bbox 1146 5239 1188 5288; x_wconf 86' lang='lat' dir='ltr'><strong>est</strong></span> <span class='ocrx_word' id='word_1_807' title='bbox 1202 5234 1277 5288; x_wconf 89' lang='lat' dir='ltr'><strong>enim</strong></span> <span class='ocrx_word' id='word_1_808' title='bbox 1290 5233 1390 5288; x_wconf 90' lang='lat' dir='ltr'><strong>domus</strong></span> <span class='ocrx_word' id='word_1_809' title='bbox 1403 5234 1488 5289; x_wconf 85' lang='lat' dir='ltr'><strong>Jacob</strong></span> <span class='ocrx_word' id='word_1_810' title='bbox 1512 5241 1540 5290; x_wconf 92' lang='lat' dir='ltr'><strong>et</strong></span> <span class='ocrx_word' id='word_1_811' title='bbox 1556 5236 1656 5291; x_wconf 87' lang='lat' dir='ltr'><strong>domus</strong></span> <span class='ocrx_word' id='word_1_812' title='bbox 1669 5238 1768 5293; x_wconf 90' lang='lat' dir='ltr'><strong>Israel.</strong></span> 
     </span>
     <span class='ocr_line' id='line_1_58' title="bbox 131 5318 1769 5397; baseline 0.003 -20"><span class='ocrx_word' id='word_1_813' title='bbox 131 5318 305 5377; x_wconf 87' lang='lat' dir='ltr'><strong>ostendat.Si</strong></span> <span class='ocrx_word' id='word_1_814' title='bbox 314 5318 711 5390; x_wconf 86' lang='lat' dir='ltr'><strong>quisveronibileisdedissct,</strong></span> <span class='ocrx_word' id='word_1_815' title='bbox 721 5323 928 5394; x_wconf 84' lang='lat' dir='ltr'><strong>quamvisesset</strong></span> <span class='ocrx_word' id='word_1_816' title='bbox 969 5322 1042 5376; x_wconf 92' lang='lat' dir='ltr'><strong>Dicit</strong></span> <span class='ocrx_word' id='word_1_817' title='bbox 1052 5338 1118 5392; x_wconf 85' lang='lat' dir='ltr'><strong>ergo</strong></span> <span class='ocrx_word' id='word_1_818' title='bbox 1128 5324 1163 5377; x_wconf 94' lang='lat' dir='ltr'><strong>de</strong></span> <span class='ocrx_word' id='word_1_819' title='bbox 1173 5323 1311 5393; x_wconf 89' lang='lat' dir='ltr'><strong>perversis</strong></span> <span class='ocrx_word' id='word_1_820' title='bbox 1325 5323 1486 5378; x_wconf 90' lang='lat' dir='ltr'><strong>doctoribus</strong></span> <span class='ocrx_word' id='word_1_821' title='bbox 1496 5330 1524 5379; x_wconf 91' lang='lat' dir='ltr'><strong>et</strong></span> <span class='ocrx_word' id='word_1_822' title='bbox 1533 5325 1707 5397; x_wconf 90' lang='lat' dir='ltr'><strong>principibus</strong></span> <span class='ocrx_word' id='word_1_823' title='bbox 1717 5343 1769 5382; x_wconf 86' lang='lat' dir='ltr'><strong>seu</strong></span> 
     </span>
     <span class='ocr_line' id='line_1_59' title="bbox 128 5406 1769 5486; baseline 0.004 -21"><span class='ocrx_word' id='word_1_824' title='bbox 128 5415 254 5475; x_wconf 85' lang='lat' dir='ltr'><strong>sanctus,</strong></span> <span class='ocrx_word' id='word_1_825' title='bbox 266 5406 495 5480; x_wconf 76' lang='lat' dir='ltr'><strong>prenuntiabant</strong></span> <span class='ocrx_word' id='word_1_826' title='bbox 505 5408 577 5462; x_wconf 89' lang='lat' dir='ltr'><strong>iram</strong></span> <span class='ocrx_word' id='word_1_827' title='bbox 585 5409 635 5462; x_wconf 91' lang='lat' dir='ltr'><strong>Dei</strong></span> <span class='ocrx_word' id='word_1_828' title='bbox 645 5410 758 5466; x_wconf 88' lang='lat' dir='ltr'><strong>illiesse</strong></span> <span class='ocrx_word' id='word_1_829' title='bbox 769 5417 926 5467; x_wconf 83' lang='lat' dir='ltr'><strong>venturam.</strong></span> <span class='ocrx_word' id='word_1_830' title='bbox 964 5410 1106 5481; x_wconf 90' lang='lat' dir='ltr'><strong>judicibus</strong></span> <span class='ocrx_word' id='word_1_831' title='bbox 1121 5410 1261 5475; x_wconf 80' lang='lat' dir='ltr'><strong>Ecclesiae,</strong></span> <span class='ocrx_word' id='word_1_832' title='bbox 1279 5411 1327 5481; x_wconf 93' lang='lat' dir='ltr'><strong>qui</strong></span> <span class='ocrx_word' id='word_1_833' title='bbox 1347 5428 1410 5466; x_wconf 87' lang='lat' dir='ltr'><strong>cum</strong></span> <span class='ocrx_word' id='word_1_834' title='bbox 1426 5413 1480 5484; x_wconf 87' lang='lat' dir='ltr'><strong>ipsi</strong></span> <span class='ocrx_word' id='word_1_835' title='bbox 1492 5414 1567 5468; x_wconf 91' lang='lat' dir='ltr'><strong>mala</strong></span> <span class='ocrx_word' id='word_1_836' title='bbox 1582 5431 1643 5485; x_wconf 88' lang='lat' dir='ltr'><strong>quae</strong></span> <span class='ocrx_word' id='word_1_837' title='bbox 1657 5416 1769 5486; x_wconf 88' lang='lat' dir='ltr'><strong>possint</strong></span> 
     </span>
     <span class='ocr_line' id='line_1_60' title="bbox 128 5496 1769 5577; baseline 0.002 -22"><span class='ocrx_word' id='word_1_838' title='bbox 128 5499 209 5556; x_wconf 90' lang='lat' dir='ltr'><strong>Unde</strong></span> <span class='ocrx_word' id='word_1_839' title='bbox 222 5497 298 5566; x_wconf 91' lang='lat' dir='ltr'><strong>dicit,</strong></span> <span class='ocrx_word' id='word_1_840' title='bbox 311 5496 385 5571; x_wconf 87' lang='lat' dir='ltr'><strong>quod</strong></span> <span class='ocrx_word' id='word_1_841' title='bbox 395 5512 488 5551; x_wconf 90' lang='lat' dir='ltr'><strong>sermo</strong></span> <span class='ocrx_word' id='word_1_842' title='bbox 498 5512 597 5553; x_wconf 88' lang='lat' dir='ltr'><strong>eorum</strong></span> <span class='ocrx_word' id='word_1_843' title='bbox 605 5498 708 5557; x_wconf 91' lang='lat' dir='ltr'><strong>nonsit</strong></span> <span class='ocrx_word' id='word_1_844' title='bbox 717 5500 927 5573; x_wconf 87' lang='lat' dir='ltr'><strong>prophetia,sed</strong></span> <span class='ocrx_word' id='word_1_845' title='bbox 967 5498 1081 5565; x_wconf 82' lang='lat' dir='ltr'><strong>iaciant,</strong></span> <span class='ocrx_word' id='word_1_846' title='bbox 1096 5499 1277 5572; x_wconf 89' lang='lat' dir='ltr'><strong>requiescunt</strong></span> <span class='ocrx_word' id='word_1_847' title='bbox 1298 5515 1382 5571; x_wconf 87' lang='lat' dir='ltr'><strong>super</strong></span> <span class='ocrx_word' id='word_1_848' title='bbox 1400 5501 1563 5570; x_wconf 89' lang='lat' dir='ltr'><strong>Dominum,</strong></span> <span class='ocrx_word' id='word_1_849' title='bbox 1584 5512 1613 5558; x_wconf 90' lang='lat' dir='ltr'><strong>ct</strong></span> <span class='ocrx_word' id='word_1_850' title='bbox 1631 5518 1703 5559; x_wconf 81' lang='lat' dir='ltr'><strong>vana</strong></span> <span class='ocrx_word' id='word_1_851' title='bbox 1716 5521 1769 5577; x_wconf 89' lang='lat' dir='ltr'><strong>spe</strong></span> 
     </span>
    </p>
   </div>
   <div class='ocr_carea' id='block_1_3' title="bbox 0 0 1914 6102">
    <p class='ocr_par' dir='ltr' id='par_1_5' title="bbox 0 0 1914 6102">
     <span class='ocr_line' id='line_1_61' title="bbox 0 0 1914 6102; baseline 0 0"><span class='ocrx_word' id='word_1_852' title='bbox 0 0 1914 6102; x_wconf 95' lang='lat' dir='ltr'><strong> </strong></span> 
     </span>
    </p>
   </div>
  </div>
 </body>
</html>
