3840 6098
150 250 1788 339 ΗΕ,

691 448 1257 591 HAYMONIS

696 696 1042 755 HALBERS'I'ATENSIS
1063 700 1229 757 EPISCOPI

181 882 755 1028 cohabitamus
799 889 881 1030 IN
925 891 1243 1032 caaltha
1296 891 1766 1087 ollllouaull

690 1158 746 1232 (Er
758 1158 880 1216 editione
896 1161 1055 1218 Coloniensi
1069 1162 1136 1218 anni
1153 1161 1246 1235 1529.)

184 1443 324 1508 Salomon,
348 1443 503 1514 inspiratus
527 1443 621 1498 divino
643 1442 760 1513 Spiritu,
782 1444 1071 1515 composuitAlitatis
1086 1447 1139 1501 sibi
1154 1448 1271 1503 consciae
1285 1455 1361 1514 sunt,
1375 1465 1407 1503 eo
1425 1448 1547 1519 amplius
1555 1446 1699 1503 Christum
1717 1447 1785 1504 dili·

146 1531 223 1585 hunc
235 1530 359 1585 libellum
374 1532 409 1586 de
422 1531 528 1602 nuptiis
535 1531 638 1586 Christi
649 1538 678 1584 et
688 1531 826 1597 Ecclesia,
841 1539 945 1603 eiquo·
983 1540 1064 1604 gunt.
1077 1535 1137 1589 Vox
1151 1534 1281 1590 Ecclesiae
1296 1554 1303 1589 :

147 1620 296 1674 dammodo
306 1620 518 1692 epithalamium
533 1620 598 1674 fecit
614 1619 717 1674 Christi
732 1625 761 1673 et
775 1620 945 1687 Ecclesiaeid
1023 1641 1035 1674 e
1050 1623 1141 1678 Trahe
1156 1641 1201 1678 me
1216 1628 1330 1695 postte,
1347 1640 1502 1680 cumemus.
1522 1623 1597 1678 sHic
1614 1628 1658 1677 est
1671 1640 1785 1695 permu-

147 1714 191 1762 est
204 1709 343 1763 canticum
358 1726 443 1779 super
456 1710 606 1763 thalamos.
619 1709 699 1763 Unde
714 1715 743 1762 et
756 1709 872 1764 Cantica
882 1727 945 1765 can·
985 1711 1055 1765 tatio
1069 1728 1205 1781 personae.
1226 1712 1298 1766 Nam
1312 1712 1446 1766 hactenus
1460 1712 1555 1766 locuta
1568 1717 1612 1766 est
1621 1711 1783 1783 synagoga,

146 1797 267 1852 ticorum
279 1798 388 1851 vocarit
402 1799 476 1851 hunc
491 1797 626 1855 libellum,
644 1796 710 1867 quia
728 1798 825 1851 omnia
836 1799 946 1853 cantica
986 1799 1031 1853 hic
1044 1799 1143 1870 incipit
1156 1799 1233 1874 loqui
1248 1800 1371 1854 Ecclesia
1385 1799 1564 1869 degentibus
1580 1817 1587 1851 :
1605 1800 1723 1854 «Treba
1738 1816 1785 1856 me

147 1886 351 1956 superexcellit.
369 1886 447 1940 Sicut
460 1886 535 1939 enim
548 1885 652 1940 dicitur
666 1903 713 1941 rex
724 1903 832 1957 regum,
849 1894 878 1942 et
889 1888 945 1943 Do·
986 1893 1250 1958 postte,curremus.
1260 1908 1271 1938 ι
1281 1888 1353 1952 Quia
1360 1888 1472 1960 (inquit)
1484 1904 1576 1942 meam
1586 1888 1783 1942 infirmitatem

147 1975 240 2028 minus
263 1974 481 2041 dominantium,
502 1981 530 2029 et
543 1975 707 2029 solemnitas
722 1976 942 2040 solemnitatum,
986 1992 1133 2047 cognosco,
1144 1982 1173 2031 et
1184 1977 1263 2031 video
1277 1992 1322 2031 me
1337 1976 1408 2030 nihil
1419 1976 1489 2031 meis
1502 1975 1607 2030 viribus
1620 1975 1686 2030 boni
1701 1992 1785 2047 posse

147 2061 186 2116 sie
201 2063 334 2116 dicuntur
349 2063 466 2117 Cantica
480 2063 655 2118 canticorum
671 2064 706 2118 ob
715 2064 907 2119 excellentiam
917 2070 947 2119 et
988 2081 1081 2135 agere,
1097 2072 1147 2120 tua
1157 2065 1250 2136 gratia
1268 2066 1349 2121 trahe
1364 2082 1409 2119 me
1422 2065 1457 2119 ad
1473 2064 1516 2119 tui
1529 2064 1728 2130 imitationem,
1739 2065 1784 2120 rel

148 2150 323 2221 dignitatem.
340 2151 389 2206 Est
402 2157 496 2206 autem
508 2151 536 2206 in
551 2153 604 2207 hoc
618 2152 831 2207 obscurissimus
845 2154 899 2208 iste
910 2153 946 2207 li·
987 2154 1257 2216 etiam,cumcoelum
1269 2152 1521 2220 ascenderiS,trahe
1531 2169 1577 2207 me
1587 2158 1652 2224 post
1664 2157 1704 2207 te.
1715 2170 1729 2205 a
1739 2152 1785 2208 ln·

146 2239 207 2305 ber,
227 2239 294 2310 quia
310 2240 393 2294 nullae
416 2239 455 2293 ibi
478 2257 604 2310 persona
630 2248 896 2308 commemorantur,
918 2247 947 2296 et
986 2239 1112 2295 troduxit
1130 2256 1176 2295 me
1190 2256 1238 2295 rex
1257 2241 1287 2295 in
1298 2239 1411 2295 cellaria
1426 2257 1518 2294 sua.»
1541 2239 1594 2294 Hic
1607 2239 1735 2310 loquitur
1747 2240 1785 2296 de

148 2327 229 2398 quasi
243 2327 350 2383 comico
365 2328 438 2399 stylo
454 2328 624 2399 compositus
639 2334 690 2383 est.
987 2328 1098 2384 Christo
1112 2345 1213 2400 sponso
1226 2346 1277 2383 suo
1291 2329 1328 2383 ad
1347 2329 1457 2383 animas
1471 2327 1576 2382 fideles.
1591 2327 1714 2382 Cellaria
1731 2327 1785 2387 Dei

986 2421 1052 2471 sunt
1065 2422 1171 2473 aeterna
1185 2417 1339 2483 beatitudo,
1348 2422 1511 2486 etsuperoae
1523 2416 1621 2487 patriae
1635 2416 1784 2487 gaudiam

396 2469 513 2525 CAPUT
536 2469 694 2526 PRIMUM·
986 2522 1043 2578 qua
1054 2506 1214 2560 introducta
1229 2513 1273 2560 est
1282 2507 1341 2575 jam
1353 2505 1476 2560 Ecclesia
1490 2521 1541 2575 per
1549 2504 1635 2559 fldem
1647 2510 1676 2558 et
1689 2520 1781 2576 spem,

184 2617 197 2643 ι
209 2595 411 2651 Osculeturme
425 2595 518 2649 osculo
529 2594 585 2649 oris
596 2594 650 2648 sui.
661 2613 673 2645 s
685 2593 877 2651 Desiderantis
891 2613 944 2651 vox
986 2595 1154 2666 quandoque
1163 2594 1358 2649 introducetur
1372 2610 1423 2665 per
1434 2610 1522 2648 rems
1531 2591 1741 2647 Exsultabimus
1754 2599 1785 2648 et

147 2689 190 2739 cst
199 2685 353 2756 synagogae
361 2685 511 2738 adrentum
522 2683 636 2737 Christi.
652 2683 738 2747 Quasi
753 2684 859 2739 diceret
872 2685 945 2739 :lb-
984 2682 1291 2756 laetabimurintea-De
1300 2683 1380 2737 donis
1390 2681 1501 2753 (inquit)
1513 2682 1570 2736 tuis
1580 2679 1785 2736 exsultabimus

146 2772 200 2827 ties
215 2773 284 2827 mihi
299 2773 451 2827 adventum
465 2789 549 2826 suum
570 2771 700 2843 promisit
712 2789 763 2842 per
780 2773 941 2843 prophetas,
953 2750 1013 2825 Bet
1025 2770 1190 2825 laetabimur.
1207 2771 1262 2826 Sed
1277 2771 1459 2842 quiescimus
1473 2771 1526 2824 hoc
1539 2785 1596 2824 non
1610 2769 1701 2823 nostri
1720 2785 1784 2824 esse

148 2861 240 2915 veniat
254 2878 320 2931 ergo
333 2862 403 2931 jam,
419 2867 449 2915 et
461 2860 603 2915 osculetur
617 2877 662 2914 me
676 2860 771 2914 osculo
780 2861 837 2914 oris
849 2861 902 2927 sui,
914 2860 944 2916 id
984 2859 1089 2927 meriti,
1113 2858 1194 2926 inte,
1211 2876 1265 2914 non
1279 2860 1310 2914 in
1324 2858 1404 2914 nobis
1426 2858 1628 2913 exsultabimus
1644 2876 1651 2911 ε
1666 2858 1720 2912 hoc
1739 2864 1783 2914 est

147 2955 190 3004 ast
202 2965 253 3020 per
266 2965 296 3003 se
309 2949 402 3018 ipsum
413 2948 482 3002 mihi
491 2949 632 3018 loquatur.
645 2967 659 2998 s
671 2949 744 3013 Quia
751 2949 868 3003 meliora
877 2955 944 3005 sunt
984 2949 1058 3018 quod
1072 2948 1223 3019 Apostolus
1238 2949 1280 3002 ait
1291 2967 1298 3002 ι
1317 2967 1329 3000 c
1339 2947 1392 3011 Qui
1398 2946 1578 3018 gloriatur,in
1589 2946 1712 3001 Domino
1720 2947 1786 3018 glo·

146 3036 233 3091 ubera
247 3043 297 3090 tua
307 3037 398 3090 vino.»
411 3037 535 3107 Repente
550 3036 585 3090 ad
597 3037 699 3106 ipsum.
711 3037 790 3106 cujus
804 3037 942 3092 desiderio
983 3036 1099 3090 rietur.»
1114 3037 1276 3091 ‹Memores
1291 3035 1409 3090 uberum
1418 3041 1531 3089 tuorum
1546 3050 1632 3105 super
1645 3035 1780 3100 vinum,›

146 3123 293 3194 flagrabat,
305 3123 389 3178 rerba
400 3128 575 3184 convertens,
593 3122 704 3176 subdit:
718 3122 811 3186 «Quia
826 3123 942 3178 meliora
983 3122 1073 3189 idest,
1085 3121 1632 3193 memoresgratiaetuaeetmisericordiae
1645 3127 1711 3184 tuae,
1725 3137 1784 3193 qua

145 3212 384 3279 suntuberatua,r
396 3210 509 3269 etc.Per
517 3210 844 3275 uberaChristi,dulcedo
854 3212 942 3267 Euan·
982 3211 1081 3266 salvati
1093 3212 1297 3266 sumus.Ubera
1308 3211 1383 3265 enim
1394 3216 1461 3265 sunt
1470 3210 1531 3281 ipsa
1542 3209 1643 3280 gratia,
1659 3225 1718 3280 qua
1729 3209 1785 3265 sal·

144 3300 211 3371 gelii
225 3299 401 3370 intelligitur,
412 3299 478 3371 quia
488 3315 521 3354 eo
533 3297 619 3353 veluti
634 3298 705 3353 lacte
721 3298 942 3354 nutriturinsan·
982 3300 1038 3354 vati
1049 3299 1347 3354 sumus.Recordantes
1362 3300 1446 3353 etiam
1455 3298 1521 3369 quia
1537 3304 1568 3352 tu
1583 3297 1783 3353 austeritatem

33 3378 38 3385 ⁵
144 3389 186 3444 tia
199 3389 384 3444 credentium.
398 3387 505 3442 Vinum
516 3394 610 3442 autem
623 3387 816 3441 austeritatem
827 3388 897 3458 legis
906 3388 943 3442 si·
982 3388 1051 3457 legis
1057 3387 1189 3443 uberibus
1199 3388 1334 3442 doctrinae
1344 3387 1673 3458 evangelioaetemperare
1682 3386 1783 3457 digna·

143 3477 277 3549 gnificat,
294 3479 344 3532 sed
358 3476 446 3532 ubera
460 3476 565 3531 Christi
576 3476 693 3529 meliora
707 3482 774 3530 sunt
786 3476 860 3537 vino,
876 3476 942 3547 quia
981 3481 1028 3530 tus
1039 3493 1078 3530 es.
1097 3494 1110 3529 c
1127 3476 1205 3530 Recti
1229 3475 1351 3545 diligunt
1374 3480 1412 3531 te.
1435 3494 1447 3526 c
1464 3474 1508 3529 lili
1521 3473 1633 3544 (inquit)
1649 3474 1699 3545 qui
1711 3474 1783 3529 recti

145 3566 262 3621 dulcedo
286 3565 429 3636 Evangelii
454 3564 554 3619 melior
575 3569 618 3617 est
631 3564 796 3618 austeritate
808 3564 888 3634 legia.
909 3565 942 3619 ln
982 3563 1066 3618 corde
1079 3569 1155 3630 sunt,
1172 3563 1294 3634 diligunt
1308 3568 1345 3630 te,
1356 3563 1446 3626 idest,
1460 3562 1502 3616 illi
1516 3562 1565 3633 qui
1579 3561 1715 3617 nihilsuis
1721 3578 1783 3618 πιο-

144 3655 206 3726 lego
222 3655 296 3710 anim
308 3655 385 3709 nulla
396 3660 556 3709 reservatur
569 3651 744 3723 paenitentia,
755 3652 804 3707 sed
818 3652 943 3724 praecipi-
982 3652 1045 3707 ritis
1059 3651 1351 3718 tribuunt,sedomnia
1363 3657 1418 3706 tuae
1433 3652 1531 3721 gratiae
1544 3651 1691 3721 deputant.
1708 3651 1784 3706 Nul-

144 3750 192 3799 tur
204 3733 236 3798 ut
250 3743 297 3814 qui
313 3750 409 3814 peccat
422 3741 566 3795 occidatur
579 3759 584 3794 :
599 3740 781 3810 Evangelium
793 3739 942 3795 autemdi·
982 3741 1027 3795 lus
1042 3741 1118 3795 enim
1131 3747 1160 3794 te
1173 3740 1266 3810 diligit
1286 3740 1340 3797 nisi
1355 3746 1458 3802 rectus,
1478 3744 1507 3792 et
1519 3739 1614 3793 nullus
1628 3743 1672 3793 est
1686 3743 1783 3794 raom

144 3832 184 3886 cit
199 3852 205 3882 :
222 3850 234 3883 e
250 3831 322 3885 Nolo
338 3837 457 3885 mortem
471 3828 636 3900 peccatoris,
653 3847 665 3879 r
683 3833 735 3882 etc.
982 3826 1038 3881 nisi
1052 3828 1143 3902 quite
1156 3827 1257 3897 diligit.
1275 3815 1397 3881 Ecclesia
1411 3826 1446 3881 de
1458 3826 1517 3880 suis
1530 3825 1689 3896 pressuris:

181 3938 195 3972 c
210 3919 380 3990 Fragrantia
394 3918 546 3989 unguentis
560 3916 684 3988 optimis.
707 3917 858 3986 Unguenta
876 3924 943 3973 sunt
1020 3933 1034 3967 a
1048 3915 1136 3985 Nigra
1150 3932 1224 3981 sum,
1235 3915 1284 3969 sed
1298 3915 1499 3979 formosa‚filiae
1508 3914 1716 3969 Hierusalem.»
1728 3916 1783 3971 Hic

143 4008 219 4064 dona
233 4009 356 4081 Spiritus
365 4008 465 4074 sancti,
481 4006 620 4061 ueletiam
635 4004 781 4076 opiniones
790 4005 938 4073 virtutum,
950 4018 972 4079 ρ
983 4020 1081 4059 rursus
1099 4004 1225 4075 loquitur
1239 4003 1362 4058 Ecclesia
1375 4003 1412 4057 ad
1426 4009 1536 4058 satietas
1549 4002 1658 4058 animas
1674 4004 1785 4076 :Nigra

143 4098 177 4152 de
186 4097 289 4169 quibus
298 4097 450 4168 Apostolus
462 4114 468 4148 :
482 4114 495 4147 c
508 4094 707 4149 Christibonus
722 4092 791 4146 odor
805 4109 912 4148 sumus.
928 4114 939 4146 s
982 4092 1125 4164 sum,quia
1135 4092 1343 4163 persecutiones
1353 4092 1454 4163 patior,
1463 4091 1513 4146 sed
1523 4091 1717 4146 formosasum
1724 4092 1783 4147 vir-

145 4207 156 4238 ι
173 4186 273 4241 Oleum
288 4186 408 4239 etiusum
424 4199 527 4237 nomen
542 4187 633 4236 tuum.
653 4202 664 4230 ι
687 4182 796 4237 Nomen
810 4187 902 4249 tuum,
924 4199 941 4238 o
981 4178 1098 4245 tutibus,
1116 4180 1210 4235 ohliae
1233 4178 1421 4247 Hierusalem,
1444 4179 1473 4233 id
1499 4185 1543 4233 est
1557 4179 1658 4235 anima
1670 4180 1781 4236 fideles.

142 4272 263 4337 Christe,
276 4272 395 4326 effusum
405 4276 457 4325 est.
474 4269 819 4327 ChrismaGrreoe.Latine
832 4271 938 4338 unctio,
980 4267 1069 4339 Nigra
1082 4269 1188 4334 sum,id
1202 4272 1254 4334 est,
1268 4267 1401 4321 deformis
1413 4267 1655 4339 persecutionibus
1665 4273 1695 4322 et
1707 4285 1782 4324 aeru·

44 4394 54 4405 -
140 4359 216 4414 unde
227 4358 355 4413 Christus
367 4375 372 4410 :
386 4373 488 4411 nomen
507 4356 611 4411 Christi
622 4354 657 4409 ab
667 4355 799 4411 unctione
811 4361 940 4412 uocatum
980 4357 1054 4410 mnis
1067 4372 1136 4426 quas
1147 4356 1282 4423 sustineo,
1297 4355 1346 4410 sed
1361 4355 1484 4410 formosa
1503 4372 1564 4410 sum
1583 4356 1684 4411 decore
1694 4357 1783 4412 virtu·

141 4452 194 4502 est.
207 4447 282 4502 Solet
292 4447 368 4500 enim
381 4444 501 4514 Spiritus
512 4449 625 4498 sanctus
641 4443 694 4498 olei
713 4444 826 4499 nomine
846 4447 940 4517 appel·
981 4445 1301 4509 tquuomodoautem
1308 4445 1390 4514 nigra
1397 4444 1443 4509 sit,
1457 4445 1634 4516 etquomodo
1645 4444 1780 4513 formosa,

140 4535 203 4597 lari,
218 4537 298 4605 Juxta
315 4534 389 4606 quod
402 4533 552 4588 Psalmista
560 4533 601 4586 ait
613 4548 618 4583 :
628 4550 641 4584 a
653 4532 775 4587 Unnitte
785 4534 860 4589 Deus
875 4539 940 4590 tuus
982 4532 1296 4588 ostenditcumsubdit:
1312 4551 1326 4585 s
1340 4533 1420 4587 Sicut
1429 4533 1611 4587 tabernacula
1620 4533 1722 4599 Cedar,
1731 4533 1783 4588 sio·

38 4666 41 4677 .
141 4626 213 4691 oleo,
227 4625 330 4679 »idest
340 4623 447 4694 Spiritu
458 4615 564 4675 sanr'to.
580 4620 642 4675 Hoc
652 4620 870 4677 oleumeliusum
885 4629 953 4690 est,
982 4629 1014 4678 ut
1023 4623 1110 4694 pelles
1125 4622 1310 4678 Salomonisa
1324 4621 1367 4677 lta
1378 4622 1453 4676 enim
1468 4621 1652 4692 distinguitur
1667 4640 1673 4675 :
1692 4623 1782 4694 Nigra

141 4708 938 4787 quandohaecgratia,quamcmistussingulariterhabuit,
982 4728 1044 4766 sum
1059 4712 1132 4766 sicut
1154 4710 1335 4765 tabernacula
1350 4711 1450 4778 Cedar,
1466 4711 1588 4765 formosa
1600 4711 1674 4765 sicut
1692 4712 1781 4783 pelles

139 4804 206 4858 data
230 4809 274 4857 est
288 4801 425 4857 omnibus
437 4799 532 4854 electis
547 4816 553 4850 z
570 4797 645 4852 unde
659 4803 688 4851 et
701 4815 718 4852 a
733 4799 844 4853 Christo
860 4799 940 4855 Chri·
982 4800 1243 4855 Salomonis.Cedar
1253 4799 1327 4854 lilius
1337 4800 1463 4854 ismaelis
1473 4799 1536 4863 tuit,
1551 4799 1598 4869 qui
1610 4799 1781 4870 interpreta-

27 4904 33 4915 ·
140 4891 224 4946 stiani
237 4891 378 4956 dicuntur,
395 4887 543 4960 participio
553 4885 674 4940 nominis
684 4886 797 4944 Christi.
814 4887 849 4941 Et
867 4887 938 4943 bena
979 4893 1026 4941 tur
1039 4889 1171 4942 tenebra.
1180 4887 1329 4943 Ismaelitae
1342 4904 1407 4942 vero
1421 4904 1532 4959 semper
1546 4887 1576 4942 in
1589 4886 1781 4943 tabernaculis

139 4997 196 5035 nou
209 4978 357 5044 stillatum,
368 4977 417 5032 sed
428 4978 546 5032 effusum
557 4976 650 5030 oleum
659 4973 841 5047 dicitur,quia
852 4975 938 5031 abun·
978 4975 1107 5031 habitare
1117 4976 1193 5030 soliti
1209 4982 1317 5039 suntet
1330 4992 1386 5030 uon
1401 4976 1508 5030 habent
1520 4976 1781 5047 domosssicitergo

139 5069 240 5122 danter
252 5068 310 5120 haec
321 5064 414 5136 gratia
429 5064 557 5119 omnibus
579 5063 646 5116 data
665 5069 709 5118 est
722 5064 807 5118 sidem
831 5065 936 5120 Christi
977 5063 1103 5120 Ecclesia
1125 5081 1155 5119 se
1179 5065 1290 5135 nigram
1314 5081 1375 5119 esse
1390 5065 1463 5118 sicut
1478 5063 1663 5119 tabernacula
1675 5064 1779 5131 Cedar,

138 5155 336 5211 recolentibus.
355 5152 447 5207 aldea
461 5151 676 5207 adolescentulae
691 5151 850 5207 dilexerunt
864 5161 903 5209 te.
921 5170 935 5207 r
977 5159 1093 5224 propter
1104 5153 1311 5224 persecutiones
1332 5169 1402 5224 quas
1417 5151 1576 5223 patiebatur
1591 5168 1608 5204 a
1622 5151 1687 5206 liliis
1702 5159 1782 5209 tene

138 5243 360 5301 Adulescentulus
374 5240 506 5296 dicuntur
526 5239 627 5294 anima
642 5240 804 5306 electorum,
821 5242 889 5312 quia
907 5241 936 5295 in
979 5240 1180 5313 brarum,quod
1195 5242 1398 5312 interpretatur
1416 5240 1516 5296 Cedar.
1541 5240 1612 5295 ilinc
1627 5240 1783 5297 Psalmista

139 5332 278 5404 baptismo
293 5329 468 5402 reliquerunt
481 5328 578 5383 sordes
592 5327 693 5382 veteris
703 5328 836 5392 hominis,
848 5335 876 5384 et
892 5347 937 5385 re·
977 5329 1066 5386 dicit:
1084 5351 1095 5382 ι
1113 5329 1243 5385 Habitari
1255 5346 1320 5384 cum
1331 5328 1523 5384 habitantibus
1536 5329 1634 5392 Cadur,
1651 5327 1708 5385 sid
1724 5337 1779 5399 est,
1822 5328 1827 5339 '

138 5426 246 5478 novatae
256 5419 360 5475 suntin
371 5418 570 5474 Christossena
581 5422 677 5470 autom
683 5416 818 5473 feminino
831 5435 935 5489 genera
945 5418 1156 5476 Deonversatus
1164 5436 1227 5474 sum
1237 5419 1312 5472 inter
1323 5424 1517 5489 persecutores
1531 5423 1559 5472 et
1566 5420 1727 5488 peccatores
1737 5419 1784 5478 in·

138 5513 280 5570 dicuntur,
291 5509 357 5582 quia
369 5508 470 5566 animae
480 5513 643 5565 sanctorum
653 5521 708 5577 quo
719 5508 834 5581 majoris
848 5508 933 5581 tragi-
972 5507 1108 5565 fidelitate
1116 5506 1390 5580 nigrosllormosam
1399 5522 1465 5563 vero
1475 5506 1544 5563 dicit
1552 5521 1582 5588 se
1592 5503 1664 5563 sicut
1673 5506 1781 5578 pelles,
