3818 6104
49 301 83 361 rr
556 306 766 363 snssmrro
784 306 823 363 rn
842 306 934 363 ossa
953 310 1174 368 morsurus
1646 306 1682 376 n

48 426 167 480 adversa
178 430 328 497 pateretur
340 430 456 495 propter
472 424 669 494 idololatriam,
689 435 787 484 tamen
802 432 878 492 iro-A
888 430 964 486 vobis
975 435 1105 501 novale»
1115 436 1145 489 id
1158 442 1201 490 est
1213 452 1315 491 norum
1331 439 1413 492 facite
1426 448 1475 492 cer
1487 435 1620 507 restruit,
1633 441 1681 498 etl-

48 513 173 569 luntates
182 530 249 568 suas
264 521 293 568 et
306 514 456 585 ingluviem
470 516 575 573 ventris
585 518 664 587 sequi
673 518 845 584 desiderans,
888 527 981 573 centes
995 538 1060 576 cum
1071 524 1220 578 psalmista
1238 544 1262 578 :r
1277 527 1331 580 Cor
1346 527 1491 580 mumdum
1507 542 1571 582 crea
1582 528 1614 582 in
1624 544 1681 596 met

46 602 124 657 ultro
138 601 175 656 ad
184 602 260 657 idola
273 601 684 660 revertebaturddoraliterhoc
698 620 847 676 possumus
888 607 971 662 Deus.
987 608 1198 675 »Quantumad
1212 613 1347 677 litteram,
1360 616 1459 669 novale
1471 621 1515 669 est
1529 627 1681 686 eugancum

47 691 155 745 reterre
169 691 204 744 ad
224 691 288 745 illos
304 691 352 760 qui
364 708 396 745 er
412 692 537 747 saeculari
552 693 649 749 babitu
664 694 699 749 ad
715 695 847 749 nronasti·
888 697 1010 766 primum
1021 699 1175 768 perscissus
1190 717 1303 756 sornere
1315 702 1408 756 tirerit.
1425 720 1439 754 s
1454 704 1577 774 Tempus
1586 710 1683 762 autem

47 795 109 834 cam
129 780 545 852 convertunturreligionam,et
558 788 657 852 sponte
671 783 707 837 ad
718 795 847 838 armoen-
887 785 1049 855 requirendi
1068 787 1226 852 Dominum,
1247 790 1433 845 »subauditur
1445 798 1514 847 tunc
1527 793 1591 858 erit,
1612 800 1683 847 oum

46 868 115 923 dum
130 874 276 924 terrenum
298 868 421 924 laborem
446 869 577 928 redeant.
597 871 723 942 Cumque
739 872 847 926 diutina
887 874 994 927 venerit
1008 874 1395 947 quidocebitvosiustitiam,
1410 897 1425 930 a
1443 879 1538 947 idest,
1554 886 1683 952 tempore

46 957 201 1013 afflictione
213 958 314 1012 caloris
328 964 356 1012 et
375 959 488 1028 trigoris
509 959 675 1030 iatigautm,
690 960 847 1016 voluntarie
888 959 1041 1016 Dominicis
1055 962 1255 1018 incarnationis
1264 972 1294 1019 et
1305 967 1453 1036 passionis,
1464 969 1576 1038 quundo
1586 964 1683 1040 spelm

46 1051 145 1100 tamen
159 1046 219 1103 baec
232 1048 329 1101 omnia
338 1048 497 1118 perierunt,
508 1065 570 1119 qua
582 1058 665 1104 arrtea
683 1049 848 1105 iterantes-
888 1050 1142 1105 manifestabantur
1160 1052 1254 1107 orunia
1270 1067 1394 1125 perque
1405 1053 1636 1124 justificabuntur
1648 1059 1684 1112 t-

47 1135 129 1204 perti.
888 1137 974 1193 deles.
991 1140 1070 1194 Unda
1083 1148 1126 1194 est
1139 1156 1165 1191 :s
1185 1142 1305 1205 Querite
1319 1139 1469 1200 messem
1484 1146 1685 1200 diminuerint

84 1223 208 1295 cEtego
218 1223 334 1279 mandri
345 1226 673 1297 superpulchritudiuem
685 1228 845 1298 collisisse.»
887 1233 988 1298 potest.
1016 1229 1147 1283 »Reddit
1168 1230 1244 1283 enim
1265 1245 1364 1284 causas
1383 1243 1436 1285 cur
1459 1234 1610 1301 seminent,
1632 1225 1684 1289 bur

47 1312 76 1366 ld
93 1312 314 1383 estsuperbiam
341 1313 412 1384 eius,
433 1330 490 1384 qus
508 1320 605 1370 torosa
627 1317 733 1371 cervice
745 1319 846 1387 jugum
888 1321 1005 1382 meent,
1020 1334 1072 1371 cur
1084 1318 1267 1372 laetanovalia
1278 1319 1418 1375 innovent.
1433 1314 1684 1393 Tetnpustlnqiiit)

47 1417 140 1456 meran
157 1418 215 1456 non
240 1402 355 1473 recepit,
374 1402 563 1473 confringam.
581 1405 728 1460 Transitus
739 1410 845 1470 autern,
887 1405 1049 1475 requirendi
1056 1407 1206 1461 Dominum
1221 1403 1685 1481 estoitm'seneritiilitistssatque

47 1490 170 1545 maxime
184 1491 299 1561 quando
321 1491 356 1545 de
369 1491 428 1547 Deo
450 1491 562 1559 dieitur,
582 1506 693 1564 sempor
708 1494 804 1564 plagas
819 1500 848 1548 et
889 1493 1026 1558 Salvator,
1041 1495 1087 1565 qui
1100 1495 1212 1549 docebit
1226 1497 1517 1568 vestustitlammuam
1530 1508 1606 1553 nunc
1620 1491 1685 1570 spe·

47 1579 165 1638 adversa
191 1581 341 1651 siguificat.
368 1581 498 1652 Denique
522 1587 551 1636 et
566 1582 770 1637 exterminator
798 1599 848 1653 per
888 1582 957 1636 ratis
970 1583 1109 1653 integer
1125 1583 1201 1638 Finis
1214 1584 1288 1639 enim
1308 1585 1377 1655 legis
1390 1586 1519 1644 Christus
1534 1589 1626 1642 estad
1636 1588 1684 1658 itt·

47 1667 201 1739 AEgyptum
212 1669 349 1724 transisse
359 1675 542 1725 memoratur.
552 1671 747 1727 litmtsensus
758 1671 847 1735 :Quia
889 1671 994 1725 stitiam
1015 1672 1092 1725 omui
1107 1673 1235 1742 operanti
1249 1673 1363 1727 bonum.
1379 1691 1391 1723 r
1408 1668 1545 1730 Similiter
1556 1673 1685 1747 praeiet

49 1757 183 1828 Ephraim
195 1775 252 1812 non
267 1759 327 1813 uult
338 1758 518 1828 jugumlegis
532 1759 936 1830 reciperemgotransivifltur
958 1760 1000 1813 iris
1015 1760 1062 1831 qui
1078 1760 1113 1814 ab
1136 1757 1259 1815 Ecclesia
1282 1763 1404 1832 separati
1424 1769 1499 1829 sant,
1524 1770 1554 1818 'et
1580 1766 1684 1821 isinum

48 1863 131 1918 super
142 1846 386 1917 pulchritudinem
407 1847 470 1901 solli
482 1849 595 1917 ejus,-et
604 1853 745 1903 tumentes
759 1850 848 1904 serri—
889 1849 1111 1903 Glrristinnorum
1123 1862 1225 1903 nornen
1238 1858 1395 1915 assumunt,
1409 1854 1535 1923 integant
1548 1855 1685 1924 pennen

49 1951 108 1990 cum
119 1942 200 1989 toros
212 1937 282 2006 iugo
294 1935 425 2006 iruposito
438 1936 593 2006 perdomui.
605 1936 679 1990 uude
693 1937 824 1992 subditur
839 1957 845 1991 :
888 1937 967 2001 nain,
980 1943 1009 1991 et
1022 1945 1175 2008 utrumque
1189 1940 1327 2009 recipiant
1338 1940 1551 1995 Testamentum
1564 1961 1569 1995 :
1583 1941 1616 1996 te
1632 1930 1685 1998 Ve-

52 2012 240 2079 rAaocudam
255 2041 341 2095 super
363 2024 506 2096 Ephraim,
529 2024 561 2078 id
579 2031 623 2079 est
648 2031 746 2081 ronna
769 2044 844 2091 eum,
887 2026 941 2079 teri
954 2025 1094 2095 iustitiam
1108 2027 1290 2091 seminantis
1305 2028 1382 2081 Novo
1394 2029 1686 2087 misericordiarum·

51 2118 79 2167 ut
92 2113 185 2168 discat
198 2114 374 2169 contentiosa
382 2129 463 2167 uacca
472 2119 557 2183 atque
566 2113 713 2168 lasciviens
721 2114 848 2170 laborare
888 2118 970 2178 tant,
990 2119 1022 2168 ut
1030 2114 1168 2168 innovent
1179 2113 1232 2168 sibi
1247 2115 1358 2169 normis
1367 2115 1504 2170 bonorum
1512 2124 1641 2188 epotum,
1653 2129 1686 2174 at

52 2202 121 2272 quod
130 2218 191 2258 nou
203 2201 432 2272 mltVeljugum
442 2216 591 2271 possumus
603 2202 758 2272 intelligere
768 2204 848 2257 dam·
888 2201 1035 2271 requirant
1050 2201 1148 2267 Deum,
1159 2201 1212 2272 qui
1225 2201 1381 2257 decereeos
1391 2208 1482 2274 potest
1497 2214 1590 2259 reram
1599 2207 1686 2276 inad-

53 2279 320 2347 nationesomuium
342 2291 481 2361 gentium,
507 2289 640 2360 quonism
664 2292 805 2361 promittit
818 2309 849 2347 se
889 2290 969 2343 uam.

54 2370 190 2434 Dominus
200 2395 348 2434 removere
366 2396 383 2433 a
400 2380 457 2434 ioco
474 2380 546 2449 ejus,
562 2383 594 2434 ut
615 2379 658 2433 sel
680 2379 720 2434 sio
736 2381 771 2434 ad
782 2397 847 2436 eum
926 2395 939 2426 c
959 2378 1068 2431 Arustis
1081 2377 1267 2449 impietatem,
1288 2379 1466 2450 iniquitatem
1489 2373 1684 2439 messuistisi

56 2468 177 2535 munet„
890 2467 994 2521 Senam
1004 2472 1047 2521 est
1060 2484 1065 2519 :
1082 2468 1126 2521 lie
1139 2468 1270 2524 hortante
1282 2474 1314 2522 nt
1334 2469 1510 2525 seminaretis
1522 2472 1552 2525 in
1565 2473 1687 2542 justitiet

88 2577 99 2610 r
113 2557 319 2623 Ambitiudas,
329 2557 487 2626 continget
497 2557 550 2612 sibi
560 2558 651 2612 sulcos
661 2559 755 2612 Jacob.
768 2578 782 2610 s
797 2561 851 2613 ilar
891 2560 920 2609 ot
933 2556 1076 2609 meteretis
1091 2556 1119 2610 iu
1134 2573 1182 2610 ore
1195 2557 1396 2613 misericordiae
1409 2565 1442 2613 ut
1456 2547 1688 2616 meletiiicareii's

58 2645 154 2702 ludam
169 2647 241 2702 duas
254 2646 346 2701 tribus
353 2646 457 2716 aooipe,
469 2661 531 2717 quae
543 2655 607 2700 cum
622 2647 850 2703 vidisseatlsrael
891 2660 924 2697 ex
935 2645 1036 2699 uestris
1046 2645 1120 2698 iaetis
1135 2644 1288 2707 novalibus,
1305 2662 1353 2700 vos
1367 2653 1465 2700 eontra
1475 2649 1578 2702 arenis
1590 2649 1688 2720 impie·

60 2736 186 2807 captisari
198 2735 235 2789 ab
250 2735 389 2800 hostibus,
398 2740 544 2805 coeperunt
551 2736 680 2790 esoolere
689 2737 774 2790 corula
787 2754 848 2803 sua,
872 2791 874 2797 ,
891 2733 1020 2797 tatem,id
1033 2740 1076 2787 est
1086 2733 1335 2804 cogitastisiaiqua
1348 2735 1473 2800 oonsilla,
1486 2742 1518 2790 ut
1527 2745 1598 2791 ame
1609 2752 1687 2793 reoc-

63 2831 86 2876 et
98 2823 264 2894 semetipsos
276 2822 307 2877 ia
322 2821 373 2876 Dei
381 2827 524 2876 coarctare
543 2822 663 2877 cultura.
688 2824 743 2877 Per
766 2824 851 2879 laoob
891 2822 997 2876 duretis
1023 2821 1145 2876 Maxima
1159 2828 1202 2876 cst
1215 2822 1290 2876 euim
1300 2822 1462 2894 iniquitasa
1477 2826 1534 2879 Deo
1544 2826 1685 2894 recedere,

63 2928 102 2967 eos
114 2919 236 2978 mutum,
250 2911 299 2982 qui
313 2928 346 2965 ex
359 2911 458 2966 decem
472 2909 600 2965 tribubus
613 2917 677 2966 sunt
692 2912 791 2969 relicti.
807 2919 853 2967 at·
891 2916 920 2963 et
933 2927 983 2981 pro
991 2911 1047 2965 lieo
1054 2910 1129 2965 idola
1142 2910 1312 2965 colere-ideo
1327 2912 1506 2983 iniquitatem
1519 2915 1687 2980 inmunda,

65 3018 108 3071 que
120 3001 156 3056 ad
170 3002 278 3056 cubum
291 3016 361 3054 uerae
376 2999 520 3068 religionis
535 3000 651 3065 evocati,
663 2999 761 3055 ablata
775 3003 880 3100 omniC
892 2996 969 3052 idest
978 2999 1170 3070 captivitatem
1179 3005 1212 3052 et
1222 3006 1341 3053 mortem
1352 3006 1586 3084 propterpeec'aia
1597 3005 1689 3057 iestis

66 3090 158 3144 durit‘m
178 3088 280 3151 cordis,
310 3093 457 3158 eruperunt
481 3088 588 3142 trusam
608 3089 699 3143 lacera
712 3089 849 3144 bonorum
893 3086 1075 3142 robisveuire
1089 3089 1207 3155 fecistis3
1225 3088 1260 3142 de
1280 3090 1355 3142 malo
1370 3090 1476 3143 semine
1492 3090 1580 3145 malas
1594 3088 1690 3163 fruges

68 3194 179 3248 operum,
195 3179 231 3233 de
246 3176 387 3249 quibusin
405 3175 481 3231 isaia
494 3177 629 3247 scriptum
645 3183 688 3232 est
701 3178 768 3249 quia
777 3179 853 3233 misit
894 3176 1017 3247 recipere
1030 3176 1181 3230 meruistis.
1193 3177 1688 3248 «Comedistisirugemnrendaufi,n

69 3267 101 3321 eis
110 3268 238 3322 haelias
250 3267 348 3332 libros,
364 3272 393 3320 et
406 3266 522 3320 adduxit
542 3265 605 3320 illos
619 3266 649 3320 ln
664 3267 851 3335 Hierusalem,
893 3264 921 3317 id
936 3270 979 3318 est
992 3264 1204 3319 retributionem
1217 3264 1358 3319 mendacii
1370 3266 1545 3336 suscepistis.
1560 3268 1690 3323 Somnia·

69 3363 93 3409 ut
105 3357 138 3411 ibi
148 3358 302 3411 adorarent
310 3354 400 3410 ileum
408 3354 440 3408 in
452 3354 560 3424 templo
572 3355 645 3424 ejus,
657 3356 852 3425 penitentiam
893 3351 967 3407 batis
981 3353 1059 3406 robis
1075 3353 1156 3418 bona,
1169 3359 1199 3407 st
1209 3354 1286 3423 iuste
1306 3354 1419 3408 advenit
1434 3354 1511 3408 vobis
1525 3348 1688 3412 adversitas

70 3454 228 3516 usumspm
238 3443 854 3514 cultuidolorum.Seeundumsnagogenlroc
895 3441 940 3496 Sic
954 3448 982 3496 et
1007 3443 1130 3497 haretici
1157 3442 1332 3512 impietatem
1356 3449 1451 3508 arant,
1467 3445 1690 3516 quondolniqus

71 3533 307 3607 dicipotest.quod
331 3531 478 3603 Ephraim,
494 3531 680 3601 quieruditrrs
694 3534 854 3603 eratlcgem
895 3531 1007 3585 docent.
1032 3531 1154 3602 Ideoque
1171 3532 1349 3603 iniquitatem
1371 3538 1488 3597 metent,
1515 3538 1543 3587 et
1563 3533 1689 3613 tractum

71 3623 118 3689 liei,
128 3632 158 3679 ut
168 3629 280 3680 tereret
293 3638 389 3676 aream
405 3620 622 3690 Scripturarum,
632 3627 660 3675 et
671 3623 856 3676 meditaretur
895 3620 1033 3674 mendacii
1049 3621 1320 3690 cornedent,quando
1335 3636 1385 3692 pro
1401 3622 1500 3675 merito
1515 3628 1572 3677 sure
1586 3621 1691 3703 iniqui·

12 3736 17 3745 ·
71 3712 133 3768 inea
146 3716 192 3769 die
206 3731 240 3768 ac
254 3718 346 3775 nocte,
361 3710 446 3781 coepit
470 3709 592 3778 abjicere
605 3711 705 3780 jugum
730 3709 808 3778 legis,
826 3716 855 3763 et
894 3709 961 3762 tatis
976 3714 1004 3762 et
1018 3708 1157 3762 mendacii
1172 3708 1550 3773 damnabuntur.Qureenim
1566 3712 1691 3767 s'eiiiida·¹

72 3803 224 3858 onenome
236 3807 334 3855 contra
351 3797 555 3854 ecclesiasticos
570 3796 599 3852 in
613 3797 793 3852 subversione
807 3814 856 3851 au·
895 3799 966 3852 verit
976 3798 1070 3859 bomo,
1085 3799 1143 3853 haec
1157 3803 1289 3852 elmetet.
1307 3798 1405 3862 «Quia
1418 3801 1579 3855 condensos
1591 3801 1624 3856 in
1637 3801 1691 3858 viis

72 3890 201 3948 undum,
215 3890 296 3946 Unde
308 3887 444 3943 Dominus
453 3887 588 3941 elevatam
601 3887 747 3952 cervicem,
759 3891 788 3940 et
800 3884 854 3939 sibi
894 3887 961 3952 tais,
977 3887 1005 3940 id
1016 3893 1058 3941 est
1070 3888 1098 3940 in
1118 3887 1209 3952 idolis,
1222 3887 1255 3940 in
1268 3902 1389 3957 quorum
1404 3888 1516 3942 cultura
1526 3889 1688 3945 ambulastis

72 3980 186 4037 ultimis
199 3979 425 4052 promittentem,
441 3974 485 4029 rel
501 3975 571 4046 iugo
586 3982 705 4047 premet,
728 3977 771 4029 sul
794 3975 854 4044 ipse
897 3995 909 4029 r
926 3979 958 4031 ln
975 3976 1154 4030 multitudine
1168 3975 1281 4028 lortimn
1299 3981 1423 4029 tuorum.
1442 3975 1501 4030 »In
1511 3977 1624 4048 regibus
1635 3979 1691 4032 sci-

72 4071 206 4137 trarrsieps,
222 4066 343 4125 micabit
356 4067 474 4139 pedibus
496 4069 566 4134 suis,
582 4072 611 4121 et
624 4064 756 4119 ascendet
769 4077 855 4133 super
895 4066 1057 4135 licebatque
1068 4062 1412 4134 principibusmoniniieo
1421 4064 1530 4120 babens
1546 4066 1688 4135 fiduciata,

73 4171 131 4224 tun,
145 4166 179 4215 ut
193 4158 266 4221 sciat
288 4176 318 4215 se
333 4159 441 4214 babere
458 4159 559 4213 Deum.
576 4155 663 4211 iudas
679 4158 786 4216 autem,
801 4152 854 4205 hoo
895 4155 944 4209 sed
958 4154 990 4207 in
1001 4152 1139 4207 exereitus
1152 4151 1264 4206 robore.
1565 4231 1568 4237 .

73 4253 105 4301 cst
116 4248 384 4313 iirecelasmstieus,
403 4247 496 4304 arabit
518 4252 633 4310 terram,
646 4243 733 4314 ccepti
752 4241 796 4296 sui
809 4241 854 4294 iu·
933 4241 1307 4312 «Consurgettarsultusin
1327 4235 1498 4313 populatus,
1517 4251 1529 4295 'r
1545 4240 1573 4298 id
1589 4251 1691 4322 emto-

73 4340 429 4407 Qmopsreperseuemus.
443 4331 709 4405 iacob-quoque,qui
718 4330 856 4400 interpra-
896 4332 973 4386 nitus
987 4330 1123 4385 eremitas
1134 4329 1313 4400 Assyriorum
1325 4321 1514 4401 superveniet,
1527 4332 1629 4403 quibus
1638 4334 1692 4389 cla-

74 4425 354 4496 tttursappluutator,
370 4425 502 4483 saiorum
525 4423 617 4479 suloos
640 4420 807 4490 confringet,
826 4391 1038 4475 idnmantibus
1052 4438 1065 4471 «
1078 4424 1214 4473 etomnes
1230 4416 1399 4473 munitiones
1413 4421 1689 4491 mensunusum
1741 4434 1748 4441 ·

73 4513 211 4584 sipisim
222 4499 504 4572 m'stoiu'aetlitterte
521 4511 656 4568 unium
675 4513 802 4564 oontemt
825 4508 855 4562 iu
896 4515 925 4566 et
943 4526 977 4563 ea
992 4524 1053 4578 que
1076 4506 1188 4560 munita
1206 4513 1234 4559 et
1251 4511 1314 4560 tuta
1337 4506 1527 4576 arbitrabaris,
1555 4512 1694 4587 patebunt

73 4607 161 4668 rma,
186 4608 215 4659 et
233 4602 423 4675 spiritualiter
448 4602 562 4668 studet,
579 4605 612 4655 ut
630 4598 739 4668 possint
760 4597 855 4667 fruges
896 4599 1034 4655 hostibus.
1052 4596 1123 4650 Hinc
1134 4595 1164 4649 in
1178 4595 1252 4650 issia
1265 4595 1402 4666 seriptum
1418 4604 1470 4658 est,
1486 4598 1553 4668 qnia
1566 4596 1693 4655 ascendit

10 4674 12 4679 ’
73 4690 176 4746 reum
193 4691 366 4763 spirituales,
897 4685 1094 4750 Sennacherib,
1103 4692 1132 4739 et
1143 4685 1217 4756 sepit
1227 4700 1325 4738 omnes
1334 4685 1547 4740 ciuitatesiudre
1555 4688 1692 4745 munitis.

101 4798 112 4829 t
125 4781 268 4837 &mesu
276 4781 393 4837 sobisin
402 4781 520 4836 ueritate
528 4778 699 4851 justitiam»
708 4777 807 4832 Serum
820 4775 855 4829 ab
899 4777 1002 4831 «Siout
1010 4780 1134 4829 vastatus
1143 4780 1186 4828 est
1196 4773 1328 4828 Salmous
1338 4788 1355 4825 a
1364 4773 1448 4827 domo
1458 4775 1532 4857 eiua
1542 4775 1589 4847 qui
1601 4775 1692 4833 vindiss

73 4869 410 4942 uuioabssemelooeptam
420 4865 857 4943 meududonem.DisitEpirraim
897 4866 970 4921 eavit
984 4864 1053 4919 Bial
1068 4864 1098 4917 in
1111 4864 1157 4917 die
1171 4860 1269 4933 praeiii,
1294 4867 1383 4915 matre
1405 4876 1491 4933 super
1510 4862 1581 4920 iiiios
1600 4864 1691 4937 allisa

72 4957 174 5014 nouam
196 4961 308 5016 decisus
330 4970 427 5015 amare
447 4959 590 5022 trituram,
607 4963 636 5011 et
657 4972 687 5010 ss
707 4954 856 5009 ascendere
897 4955 936 5008 sic
948 4954 1016 5007 teuit
1033 4952 1114 5007 nobis
1138 4950 1239 5005 Betbel
1259 4966 1276 5002 a
1295 4949 1365 5003 iacis
1383 4950 1495 5006 malitia
1507 4953 1693 5026 iniquitatum

73 5061 144 5118 uper
156 5049 259 5104 collum
272 5050 344 5120 eins,
356 5054 389 5105 ut
404 5064 486 5106 arare
504 5048 616 5112 iuriam,
628 5062 666 5099 ac
680 5045 856 5113 coniringere
896 5039 1213 5097 vestrarumatudicum
1221 5036 1555 5096 historiasdmemoriam
1568 5044 1690 5113 ducitur,

73 5137 150 5193 idem
163 5138 263 5201 lesem
279 5137 494 5209 auneproeripit
503 5142 536 5192 ut
545 5132 854 5204 semineutinjustitia
896 5131 945 5185 ubi
957 5131 1078 5201 legimus
1092 5129 1223 5198 angelum
1234 5127 1363 5181 Gedeoui
1378 5133 1553 5200 apparuisse,
1566 5135 1612 5204 qui
1623 5130 1693 5190 dixit

72 5223 153 5291 idest,
166 5228 197 5283 iu
209 5227 405 5283 obseruatione
417 5227 772 5296 lfflaliumpraeoeptorum.
796 5240 808 5273 c
822 5221 858 5274 Et
898 5220 924 5274 ei
940 5219 1042 5273 :clade
1056 5218 1148 5271 iniisse
1161 5215 1327 5269 tortitudine
1341 5221 1400 5282 tua,
1416 5224 1446 5271 et
1458 5218 1589 5275 liberabis
1605 5222 1692 5278 lsrael

73 5316 247 5372 mmmmm
261 5315 471 5383 misericordie,
488 5333 502 5367 r
520 5314 547 5368 id
562 5318 605 5367 est
617 5312 649 5366 in
663 5310 755 5383 mutia
766 5311 856 5365 Evan-
897 5310 932 5363 de
945 5324 1031 5361 rnauu
1045 5305 1169 5359 Madian.
1188 5322 1201 5355 r
1224 5303 1305 5357 Prius
1329 5309 1424 5359 tamen
1439 5307 1567 5363 hortatus
1586 5317 1629 5365 est
1643 5311 1693 5365 de·

70 5406 141 5472 gelih
155 5407 232 5465 unde
242 5412 291 5461 est
302 5424 328 5458 :r
336 5404 532 5461 Pmsitentiam
540 5403 626 5473 agite,
638 5405 692 5455 etc.
705 5398 796 5454 »Etr«
808 5400 858 5453 Be·
898 5406 1006 5452 struere
1018 5411 1119 5449 neruus
1134 5399 1163 5448 et
1172 5409 1236 5447 aras
1250 5393 1327 5456 liant,
1335 5409 1418 5463 quam
1430 5396 1465 5449 ob
1480 5412 1592 5451 censam
1604 5397 1694 5454 dictus

70 5495 234 5552 utria-bis
249 5494 299 5566 qui
311 5493 433 5551 oderam
447 5509 505 5548 uos.
521 5491 581 5547 »iit
596 5507 621 5544 :r
638 5489 691 5552 Qui
699 5494 729 5543 te
743 5504 858 5559 pereus-
898 5493 941 5540 est
952 5484 1092 5543 Jerobaal,
1108 5499 1141 5537 eo
1151 5482 1230 5553 -quod
1243 5481 1305 5553 ipse
1315 5488 1395 5552 pater
1408 5483 1509 5538 dixerit
1520 5487 1544 5540 ei
1564 5506 1570 5539 ε
1590 5487 1691 5541 rUlci-

70 5578 860 5659 mumma,presatffi·etalisra›·stmu
899 5571 1122 5631 smtsrseliaal
1138 5570 1499 5642 dssoquisutioditaram
1512 5572 1694 5644 sirrsnibilt
