3818 6104
56 203 133 263 1169
422 233 424 236 ·
520 206 710 262 EXPOSlTlO
726 207 764 262 IN
777 205 1038 261 APOCALYPSIN.
1057 232 1088 243 -
1105 201 1173 258 LlB.
1192 205 1239 260 Vl.
1639 188 1708 267 llio

56 330 197 392 moriens,
214 335 242 385 et
255 330 339 385 tertia
358 331 403 384 dic
423 348 444 385 a
460 334 578 388 mortuis
593 349 750 403 resurgens,
767 334 853 403 Cujus
862 337 887 393 Α
929 333 962 385 Et
971 333 1069 385 datiam
1083 336 1120 384 est
1134 333 1179 384 illi
1191 336 1220 383 at
1230 335 1365 399 cooperiat
1380 349 1406 384 se
1422 334 1530 402 byssino
1540 337 1695 402 splendenti

58 420 149 472 etiam
161 421 288 490 potentia
306 421 395 474 inhoe
410 421 780 494 principaliterostenditur,
795 439 865 492 quo·
907 426 930 474 rt
944 418 1149 486 candidoQuid
1164 419 1202 473 sit
1215 419 1437 493 byssinum,ipse
1454 422 1543 493 aperit
1558 439 1621 477 cum
1636 423 1704 477 sub-

58 508 140 560 niam
167 509 214 578 qui
227 509 320 579 potuit
336 510 364 562 in
380 510 518 580 principio
533 512 700 566 mirabiliter
722 511 865 564 hominem
904 510 1706 580 jungitzlipasinuneenimraatjeistifleationessanctorum.

57 597 196 656 formare,
211 597 270 668 ipse
286 598 443 651 mirabilius
455 601 577 654 moriens
590 601 618 654 in
630 603 864 670 sinetemporum,
907 597 1126 651 iustificationes
1142 603 1237 650 autem
1258 603 1420 651 sanctorum
1447 599 1519 652 liunt
1539 615 1589 669 per
1611 600 1707 661 sidem.

57 700 138 746 eum,
152 685 200 756 qui
215 685 346 756 perierat,
360 687 452 757 potuit
466 688 667 742 reformareEt
679 688 708 741 in
722 688 766 741 his
777 686 866 754 ouini·
905 686 1067 755 juxtaquod
1078 685 1227 756 Apostolus
1237 685 1322 738 dicit:
1337 688 1488 753 laetificati
1496 703 1547 755 per
1556 689 1646 754 tidem,
1660 705 1710 758 pa·

58 770 116 826 bus
128 773 214 827 simul
230 774 441 844 potentiaillius
456 777 650 830 ostendituret
663 775 863 830 misericordia.
907 792 962 828 eene
975 776 1124 827 habeam—as
1134 775 1171 827 ad
1184 777 1284 842 ipsum.
1294 774 1380 828 Fiunt
1395 774 1480 828 etiam
1492 775 1710 844 justificationes

96 862 274 918 Gaeedeantas
284 869 309 916 et
319 866 486 917 resultemus
496 870 520 918 el
531 866 626 918 demus
635 868 754 931 pieriam
763 864 866 918 ei.Haeo
906 863 1087 934 pergratiam
1104 861 1291 932 baptismatis,
1308 879 1358 932 per
1372 862 1710 934 eleemosynarumlargi-

56 967 113 1004 vox
127 967 183 1004 uon
194 957 237 1005 est
247 957 454 1016 extraneorum,
465 952 493 1006 id
507 959 559 1011 est,
571 970 626 1007 non
638 958 680 1006 est
692 952 862 1015 iudeorum,
907 956 1006 1012 tatem,
1026 967 1076 1020 per
1097 950 1275 1016 charitatem,
1297 967 1358 1020 quea
1382 951 1474 1022 operit
1498 951 1710 1005 multitudinem

57 1056 249 1110 paganorum,
262 1041 310 1111 qui
325 1058 341 1094 a
356 1041 410 1094 side
425 1041 531 1094 Christi
546 1048 574 1094 et
587 1041 727 1095 consortio
743 1041 865 1093 fidelium
908 1039 1136 1109 peccatorumEt
1151 1039 1218 1108 quia
1239 1040 1290 1092 has
1307 1039 1427 1092 virtutes
1443 1038 1566 1092 Ecclesia
1579 1055 1596 1091 a
1609 1055 1639 1092 ee
1653 1055 1710 1094 non

60 1129 149 1198 longe
166 1135 241 1193 sunt,
256 1129 305 1183 sed
319 1146 369 1183 vox
382 1131 508 1183 omnium
524 1137 687 1184 sanctorum
708 1130 825 1182 invicem
837 1146 866 1182 se
908 1128 1001 1190 habet,
1016 1128 1063 1180 sed
1079 1145 1096 1180 a
1111 1128 1168 1181 Deo
1183 1128 1308 1199 percipit,
1322 1128 1424 1181 idcirco
1439 1127 1551 1181 dicitur:
1563 1129 1709 1182 dataraest

58 1215 866 1288 hortantiumutgaudeantetexsultent,dentquegloriam
908 1220 963 1278 e'lli,
981 1233 997 1269 a
1013 1217 1070 1270 Deo
1088 1216 1203 1279 scilicet,
1219 1232 1236 1269 a
1251 1232 1305 1285 quo
1327 1233 1410 1270 omne
1434 1215 1539 1270 bonum
1563 1216 1706 1278 tribuitur,

60 1306 252 1376 omnipotenti
261 1306 328 1368 Deo,
343 1306 460 1376 quisine
476 1307 541 1361 ullis
551 1306 768 1378 praecedentium
782 1305 867 1359 bono·
904 1306 1080 1374 Juxtaillud:
1106 1306 1190 1359 Omne
1205 1306 1498 1372 datumoptimum
1513 1322 1593 1359 ocreae
1605 1307 1709 1360 donam

60 1408 128 1446 rum
142 1399 255 1447 actuum
269 1394 388 1456 meritis,
405 1396 464 1448 sola
483 1412 534 1449 sua
549 1395 740 1449 misericordia
760 1395 794 1447 ad
805 1400 867 1447 tun·
907 1396 1057 1462 pcrsectam
1068 1396 1214 1447 ‹lesursarn
1224 1378 1435 1452 est‘deseendens
1447 1410 1464 1445 a
1475 1395 1556 1446 Patre
1568 1396 1711 1448 laminam

57 1485 123 1533 tarn
138 1497 185 1535 eos
196 1482 326 1553 perduxit
340 1484 658 1551 dignitatemouaniam
668 1489 802 1537 >uenerant
812 1499 866 1535 reri·
908 1483 977 1549 (dac.
991 1487 1021 1551 1).
1037 1483 1108 1536 Hinc
1123 1488 1152 1535 et
1166 1481 1272 1535 Paulus
1286 1480 1342 1533 ait:
1366 1482 1437 1548 Ouid
1462 1482 1541 1535 habes
1560 1483 1632 1550 qaod
1654 1498 1711 1536 aaa

60 1570 379 1641 ptiadpni.Nuptiasin
389 1573 584 1642 sacroeloquio
597 1590 669 1643 stepo
678 1573 797 1642 legimus
806 1588 867 1625 esse
909 1575 1038 1640 accepisti
1048 1576 1059 1623 ‚⁹
1076 1572 1099 1638 tl
1111 1573 1173 1626 dor.
1186 1572 1232 1637 iv).
1245 1570 1277 1622 ln
1289 1570 1340 1622 hae
1351 1570 1446 1639 itaque
1457 1569 1666 1640 vituperiidem
1679 1575 1708 1624 et

63 1658 241 1729 appellatam
254 1660 360 1713 Christi
373 1666 401 1713 et
412 1661 540 1714 Ecclesiae
550 1661 785 1730 conjunctionem,
797 1647 902 1713 undeB
912 1660 1078 1714 charitatem
1103 1657 1262 1728 cooperitur
1277 1658 1409 1721 Ecclesia,
1424 1657 1454 1710 in
1470 1658 1518 1711 illa
1537 1664 1631 1712 autem
1651 1660 1713 1713 sola

66 1751 129 1800 est:
146 1747 296 1802 Siiniteest
322 1764 437 1816 repetam
455 1752 584 1803 calorum
610 1751 719 1802 bomini
741 1752 871 1816 repimus·
912 1749 1047 1802 charitate
1063 1748 1271 1817 vestietur-,quae
1287 1747 1379 1815 major
1394 1746 1495 1799 horum
1509 1763 1570 1800 esse
1584 1747 1713 1817 perhibe·

67 1837 134 1903 fecit
160 1839 273 1905 nuptias
288 1839 357 1891 Filio
373 1855 421 1891 seeo
435 1839 545 1906 (llattlr.
562 1839 640 1904 xxa),
655 1839 779 1908 Sponsus
794 1838 871 1890 enim
912 1839 1006 1891 tur.Et
1018 1838 1046 1891 in
1061 1836 1114 1890 hac
1129 1835 1266 1888 charitate
1282 1850 1380 1887 omnes
1394 1834 1514 1888 maxime
1528 1833 1709 1904 justificatio·

66 1930 112 1977 est
125 1923 264 1990 Christus,
280 1942 383 1996 spensa
399 1926 530 1984 Ecclesia,
548 1927 613 1997 quia
628 1925 681 1979 sibi
693 1925 871 1996 desponsavit
912 1942 962 1979 nes
974 1926 1259 1995 consistunt.prepter
1272 1938 1356 1992 quam
1371 1928 1473 1976 cuncta
1486 1938 1536 1993 per
1548 1922 1631 1976 fidem
1646 1937 1711 1992 ope·

67 2018 96 2066 et
112 2029 163 2082 pcr
192 2013 274 2067 iidem
301 2019 330 2067 et
354 2015 475 2083 gratiam
501 2014 688 2084 baptismatis.
706 2014 790 2068 Dedit
804 2029 871 2082 ergo
912 2020 1021 2069 rantur.
1039 2015 1221 2067 Beueautem
1237 2011 1548 2082 byssinumspleudens
1564 2016 1592 2064 et
1611 2009 1709 2066 candi·

67 2101 199 2155 Christus
214 2102 279 2156 huic
299 2119 408 2173 sponsae
423 2103 546 2167 arrham,
563 2104 589 2156 id
607 2109 648 2157 est
668 2103 761 2161 fidem,
779 2118 867 2172 spem,
910 2104 976 2157 dum
990 2103 1102 2166 dicitur,
1114 2101 1180 2172 quia
1194 2100 1323 2153 videlicet
1343 2100 1427 2153 nullis
1441 2105 1620 2170 peccatorum
1641 2105 1710 2154 tunc

66 2189 252 2243 charitatem:
265 2195 293 2243 θῖ
308 2207 359 2260 per
370 2191 428 2244 haec
439 2196 499 2244 toto
515 2192 568 2244 isto
584 2196 709 2261 tempore
721 2190 868 2259 conjungi·
910 2193 1028 2247 maculis
1043 2190 1226 2245 offuscabitur
1239 2189 1392 2243 electorum
1407 2189 1653 2259 conscientia,quae
1664 2188 1709 2242 hic

66 2283 116 2332 tur
130 2277 182 2344 illi,
193 2278 221 2331 in
232 2279 328 2332 tuturo
340 2286 434 2333 autom
450 2281 509 2348 jam
528 2280 553 2332 ei
568 2297 617 2351 per
631 2295 691 2332 rem
706 2278 866 2332 sociabitur.
910 2298 960 2351 per
970 2281 1064 2338 fidem,
1081 2296 1170 2349 spem.
1187 2284 1215 2331 et
1230 2277 1398 2332 charitatem
1414 2277 1500 2331 fuerit
1514 2283 1624 2331 ornata.

66 2368 100 2422 Et
118 2382 191 2420 eaor
205 2371 263 2436 ejas
275 2371 442 2436 praepararit
457 2386 493 2421 se.
508 2369 569 2422 Duo
589 2368 666 2430 dicit,
683 2383 815 2437 sponsam
830 2366 868 2419 vi·
944 2370 976 2422 Et
992 2370 1059 2421 dicit
1074 2368 1147 2420 mibi
1160 2387 1168 2420 :
1181 2367 1282 2421 Scribe.
1300 2365 1438 2419 Videlicet
1451 2366 1480 2418 in
1494 2365 1652 2429 cordetuo,
1668 2365 1712 2418 rel

65 2456 179 2522 delicet,
194 2461 223 2509 et
244 2472 359 2510 uxorem
382 2473 455 2511 nunc
478 2459 553 2510 enim
569 2462 666 2510 sancta
680 2455 803 2509 Ecclesia
826 2459 869 2507 est
908 2457 993 2512 etiam
1010 2456 1100 2510 scribe
1115 2455 1143 2509 iu
1158 2455 1239 2519 libro,
1251 2461 1283 2508 ut
1294 2455 1439 2525 perveniat
1449 2455 1484 2507 ad
1497 2455 1711 2525 posterea.Nam

65 2560 249 2616 sponsa,cum
264 2551 359 2598 autem
374 2546 409 2598 nd
424 2548 569 2616 amplexus
583 2545 635 2598 viri
651 2544 695 2599 sui
709 2544 795 2597 luerit
807 2559 868 2614 per·
909 2552 936 2599 et
949 2544 1024 2616 qued
1038 2543 1142 2597 Jcanai
1156 2542 1356 2606 dicitur,·omni
1367 2542 1497 2596 Ecclesiae
1512 2542 1710 2611 dicitur,cujus

63 2634 160 2699 ducta,
174 2639 202 2687 et
216 2633 289 2704 quod
305 2650 379 2687 nune.
392 2634 466 2688 videt
479 2634 508 2687 in
520 2651 578 2704 spe,
595 2634 697 2687 viderit
711 2633 737 2687 in
751 2649 790 2695 ro,
801 2638 868 2686 tunc
908 2635 956 2688 ille
971 2641 1039 2688 tunc
1052 2639 1150 2704 typum
1159 2631 1364 2702 gerebatlleati
1372 2632 1464 2699 qaiad
1479 2646 1583 2684 canam
1597 2634 1711 2697 nuptia·

67 2723 122 2776 erit
137 2739 216 2776 uxor.
235 2722 414 2776 Consuetudo
430 2722 533 2794 quippe
549 2728 591 2776 est
606 2739 692 2775 sacrae
706 2722 866 2791 Scriptura,
909 2739 975 2776 ram
1000 2725 1074 2789 Aperi
1096 2725 1185 2775 cocali
1198 2725 1274 2774 secret.
1290 2720 1400 2774 Nande
1415 2719 1459 2772 his
1473 2718 1580 2789 nuptiis
1595 2734 1656 2788 quae
1678 2717 1709 2772 in

67 2817 102 2864 ut
127 2810 277 2881 aliquando
304 2827 421 2881 sponsas
435 2812 557 2882 appellet
576 2827 686 2872 uxores,
703 2816 731 2864 et
750 2825 868 2880 sponsos
909 2811 1042 2883 prasenti
1055 2816 1188 2881 aguntur,
1203 2809 1257 2863 ista
1273 2808 1418 2871 dicuntur,
1432 2808 1467 2861 ad
1482 2824 1552 2878 quas
1567 2807 1650 2860 multi
1663 2806 1709 2861 in·

67 2903 145 2954 viros
157 2919 163 2952 :
176 2901 336 2970 iterumque
351 2916 467 2970 sponsas
480 2917 591 2966 uxores,
608 2907 638 2952 et
653 2899 768 2953 maritos
783 2914 868 2969 spon·
909 2903 985 2951 trare
995 2897 1274 2967 videnturperfidem
1287 2901 1315 2949 et
1325 2895 1559 2967 baptismum,sed
1572 2909 1628 2948 non
1644 2893 1708 2948 ideo

66 3007 123 3043 sos.
136 2989 216 3043 Unde.
232 2989 404 3059 evangelista
419 3006 481 3042 cuni
497 2989 626 3060 superius
641 2989 757 3041 dixisset
766 2986 800 3040 de
810 2988 866 3040 Do·
877 2999 899 3059 C
911 2992 977 3041 sunt
992 2986 1146 3057 beati,quia
1157 2986 1239 3039 sidem
1250 3001 1334 3055 quarn
1345 2985 1450 3039 habere
1464 2984 1603 3047 videntur,
1616 2983 1709 3054 operi-

64 3077 136 3130 mini
151 3083 260 3130 matre:
278 3079 347 3132 Cain
361 3083 427 3130 esset
442 3079 602 3144 desponsata
627 3082 717 3129 mater
740 3080 799 3143 ejas
825 3077 868 3128 Jo-
908 3075 960 3128 bus
975 3074 1127 3137 maculant,
1137 3073 1211 3126 unde
1222 3073 1357 3143 scriptum
1373 3078 1422 3126 est:
1435 3073 1518 3126 aluta
1530 3076 1596 3125 saal
1610 3073 1707 3136 cocali,

64 3168 140 3235 seph,
157 3166 186 3219 in
206 3165 387 3236 sequentibus
403 3165 521 3218 addidit:
536 3167 630 3233 Joseplr
643 3170 735 3218 autem
750 3168 795 3217 vir
810 3167 867 3231 ejvs
905 3167 991 3232 praeci
998 3179 1060 3217 cero
1070 3167 1147 3216 electi
1158 3163 1266 3231 (Malta.
1278 3161 1597 3231 xx).Seddelrisnuptiis
1606 3160 1658 3213 hoc
1667 3160 1709 3213 in·

64 3272 131 3309 cam
146 3260 211 3307 esset
220 3259 323 3323 justas,
341 3260 365 3307 et
382 3257 464 3306 nollet
479 3270 539 3305 earn
556 3254 710 3316 traducere,
726 3257 813 3306 coluit
827 3269 868 3305 oc·
908 3247 1639 3322 telligiturinquassolummodoboniintrabunt,ubi
1647 3249 1709 3316 jam

63 3347 138 3397 calte
151 3344 291 3396 dirieiltere
302 3345 392 3396 illam.
411 3342 462 3395 Cui
475 3348 500 3394 et
515 3341 631 3410 angelus
646 3340 715 3393 dixit
731 3358 736 3392 ;
756 3342 819 3394 Noli
834 3343 867 3392 ti·
908 3357 964 3393 uon
975 3340 1030 3392 erit
1042 3340 1192 3409 quisquam
1206 3339 1253 3407 qui
1264 3339 1366 3408 dignus
1374 3338 1412 3392 sit
1420 3337 1588 3409 projici,non
1602 3334 1709 3389 habeus

63 3447 140 3484 arere
156 3431 276 3498 accipere
299 3432 420 3484 Mariam
447 3434 589 3497 eonjupeen
616 3431 815 3496 taarntrilalttr.
833 3429 863 3499 ι),
907 3433 1013 3481 vestem
1025 3427 1190 3497 nuptialem,
1203 3427 1250 3481 sed
1260 3444 1358 3481 omnes
1368 3427 1494 3482 candidis
1509 3426 1590 3480 stolis
1606 3424 1708 3489 induti,

62 3536 130 3574 cum
145 3520 265 3574 necdum
280 3519 387 3573 scilicet
414 3529 488 3572 esset
516 3520 577 3587 ejus
593 3534 673 3572 uxor.
690 3519 757 3572 Tale
772 3524 815 3571 θεῖ
839 3522 867 3571 et
907 3514 1264 3585 gaudebuntinaeternum
1280 3532 1343 3569 curu
1356 3513 1648 3569 Christo-llasmulti
1665 3529 1710 3565 ex·

61 3608 153 3663 illud:
171 3606 203 3661 Si
213 3611 350 3661 inuenerit
366 3611 491 3677 puellum
512 3610 701 3674 desponsatam
711 3611 741 3659 in
750 3623 827 3673 apro,
844 3612 867 3660 et
909 3604 978 3657 ituri
995 3604 1111 3665 intrant,
1133 3603 1181 3655 sed
1204 3603 1266 3655 illas
1291 3603 1419 3673 quisquis
1440 3602 1526 3655 semel
1550 3600 1707 3665 intraverit,

59 3697 211 3751 dormierit
230 3713 292 3749 cara
312 3703 441 3755 connecte
461 3699 610 3760 moriatur,
621 3698 687 3762 quia
707 3696 868 3749 humiliarit
909 3691 1027 3745 ulterius
1040 3706 1096 3744 non
1111 3689 1204 3743 exibit.
1220 3693 1305 3753 lleate',
1324 3690 1351 3743 id
1371 3695 1414 3743 est
1427 3688 1530 3746 telices.
1544 3690 1593 3755 qai
1608 3689 1644 3740 ad
1657 3703 1708 3741 ece·

60 3802 179 3839 uxerem
188 3784 778 3854 preae'nrtideoduxuilippelluturquoque
790 3783 866 3836 viret
909 3795 976 3832 narn
990 3781 1155 3846 reaptiaram
1169 3776 1253 3845 Aeni,
1270 3777 1298 3831 id
1313 3783 1365 3843 est,
1381 3777 1417 3831 ad
1432 3792 1584 3847 supernum
1598 3775 1710 3830 illudet

61 3889 268 3944 uxor,sponsus
278 3880 307 3927 et
316 3875 505 3944 sponsa,sicut
517 3874 577 3927 Joel
591 3873 658 3926 dicit
671 3893 677 3928 :
698 3875 866 3938 Eprediatar
907 3868 1018 3920 celeste
1029 3866 1196 3926 convivium,
1212 3869 1300 3919 cecati
1311 3871 1377 3919 sant
1392 3865 1420 3918 in
1434 3865 1484 3919 Dei
1495 3864 1670 3936 praescientia
1679 3869 1709 3918 θῖ

61 3979 180 4030 mansas
193 3965 224 4015 de
239 3965 325 4016 calre'li
337 3980 396 4024 sero,
412 3968 542 4031 etsponsa
558 3964 590 4015 de
602 3963 722 4015 thalamo
736 3978 785 4014 sao
801 3963 865 4031 (leel
907 3954 1162 4027 praedestinatione,
1181 3954 1209 4006 id
1222 3959 1266 4030 est
1280 3952 1314 4006 bd
1326 3953 1488 4006 societatem
1500 3952 1665 4022 angelorum
1680 3957 1710 4005 et

59 4051 185 4119 11).Quod
196 4058 291 4105 autem
302 4052 455 4107 dicitzl'ror
464 4054 523 4119 ejice
533 4054 704 4120 preparavit
715 4066 812 4109 senon
831 4050 865 4103 de
907 4042 1272 4105 sauctorumhominum,ibi
1283 4043 1338 4095 erit
1351 4041 1465 4095 resectio
1475 4042 1707 4095 animarumsan-

59 4141 119 4194 ista
132 4157 193 4210 quae
208 4157 282 4195 nunc
297 4142 391 4210 agitur
406 4140 609 4211 praeparatione
623 4157 673 4211 per
687 4140 771 4192 sulem
786 4139 866 4192 intel.
907 4133 1063 4196 ctarum,id
1073 4128 1709 4202 estpraesensomnipotentisDeivultus.Undo

59 4230 172 4301 ligitur,
189 4231 238 4284 sed
251 4230 345 4301 potius
360 4231 394 4284 de
420 4230 469 4284 illa
489 4231 523 4284 de
549 4247 604 4301 qua
627 4230 763 4283 Dominus
782 4229 863 4283 dicit:
907 4223 1145 4278 psalmistadicit:
1159 4223 1365 4278 Satiabordam
1380 4222 1709 4289 manifestabitarploria

60 4320 155 4374 Media
170 4324 246 4372 aucte
260 4322 366 4372 clamor
393 4321 483 4386 saclas
509 4326 558 4388 est,
575 4335 629 4373 eece
644 4336 758 4388 sponsus
782 4321 867 4385 canit,
910 4320 958 4367 tua
966 4316 1048 4380 (Psoi.
1062 4316 1127 4379 xia).
1141 4313 1181 4365 De
1195 4311 1246 4365 hac
1259 4326 1338 4364 cuna
1348 4314 1376 4364 et
1386 4310 1415 4364 in
1426 4309 1576 4380 Evangelio
1585 4308 1708 4364 dicitur:

62 4411 135 4461 eaite
151 4410 259 4460 emilam
282 4411 316 4460 ei.
335 4410 411 4462 luna
424 4416 608 4463 aeerreaeranl
633 4425 725 4461 ornares
747 4411 867 4473 m'rpines
910 4403 1358 4470 Beatusqecirnandacabitpaaem
1369 4402 1546 4468 inrepnollci
1556 4400 1632 4471 (Lae.
1643 4401 1710 4468 xta).

60 4499 131 4561 itta,
143 4502 168 4549 et
183 4503 355 4549 ornarerant
369 4498 508 4564 lampades
521 4512 594 4549 snos.
614 4497 690 4549 Terrae
702 4499 776 4549 verrit
790 4511 869 4564 spon·
910 4494 942 4549 ln
951 4494 1002 4546 trac
1012 4507 1092 4546 crana
1102 4492 1161 4562 ipse
1169 4490 1307 4545 Dominus
1318 4490 1375 4544 suis
1387 4489 1559 4544 ministrabit
1568 4488 1708 4553 fidelibus,

60 4590 148 4651 susat
157 4590 329 4653 qaaparata
339 4590 429 4649 erant,
443 4589 623 4639 intraverant
634 4586 670 4637 ad
681 4588 793 4653 areptios
803 4601 867 4638 mera
907 4585 985 4655 justa
993 4579 1071 4634 illud:
1083 4581 1167 4633 Praei
1171 4585 1233 4648 apel
1249 4595 1284 4642 se,
1298 4584 1322 4632 et
1331 4580 1413 4645 saciat
1424 4581 1486 4630 illos
1496 4577 1673 4634 discumbere,
1685 4579 1711 4628 et

64 4690 94 4730 eo
113 4672 387 4742 (.tlatea.xxv).lsta
414 4680 457 4726 est
484 4673 654 4742 conjunctio,
670 4672 781 4742 quando
806 4688 867 4742 qaae
910 4674 1050 4728 transiens
1066 4671 1241 4722 ministrabit
1255 4666 1530 4738 iltis(Lac.xui1Bene
1546 4668 1711 4716 autemnon
1798 4735 1799 4739 ἵ

63 4761 213 4817 dicebatur
238 4779 354 4832 sponsa,
370 4762 474 4815 transit
494 4761 523 4815 in
538 4763 695 4831 conjugem.
713 4762 824 4814 Etcum
839 4761 868 4813 in
910 4761 1077 4819 convivium,
1090 4758 1139 4812 sed
1154 4774 1232 4812 eoena
1246 4762 1370 4817 vocatur,
1384 4755 1452 4824 quia
1465 4752 1600 4806 nimirum
1616 4750 1711 4805 inliue

64 4853 123 4907 fine
133 4851 227 4905 saeculi
238 4851 292 4903 ista
302 4850 460 4919 conjunctio
471 4855 499 4903 et
509 4850 675 4921 praeparatio
685 4849 786 4904 debeat
796 4849 866 4910 sieri,
911 4850 1005 4906 saeculi
1020 4845 1229 4915 adimplebitur.
1239 4845 1305 4898 Post
1317 4843 1467 4914 prandium
1482 4840 1557 4894 enim
1571 4854 1651 4893 coena
1665 4855 1712 4894 re·

63 4943 125 5012 iam
142 4939 216 4993 iacta
228 4957 289 4993 esse
305 4940 428 4992 refertur
441 4938 469 4992 in
483 4939 534 4992 Dei
556 4939 814 5009 predestinatione.
835 4938 870 4991 Et
911 4946 977 4996 stat.
997 4944 1059 5008 post
1073 4950 1182 4988 conam
1197 4939 1291 4988 autem
1307 4931 1463 4986 convivium
1479 4929 1588 4983 nullum
1604 4933 1711 4997 restat3
1803 5003 1805 5007 Ι

66 5030 131 5084 idco
146 5045 245 5083 omnes
256 5029 326 5099 justi
339 5029 374 5081 ad
386 5029 458 5081 hanc
472 5028 676 5098 conjunctionis
686 5027 806 5098 speeiem
818 5042 870 5078 an·
912 5027 960 5098 qui
975 5040 1052 5094 erge,
1064 5022 1143 5076 linito
1157 5020 1305 5092 praesentis
1316 5019 1380 5072 vitae
1395 5017 1526 5081 termina,
1537 5016 1573 5070 ad
1587 5014 1714 5071 resectio·

67 5118 176 5182 helant,
189 5124 216 5171 et
231 5119 348 5171 invicem
365 5134 394 5169 se
408 5118 553 5170 hortantes
565 5116 681 5170 dicunt:
698 5117 871 5170 tiaadcarnus
913 5132 977 5169 neni
994 5127 1123 5183 supernae
1137 5107 1381 5179 contemplationis
1395 5105 1520 5168 veniunt,
1538 5104 1663 5175 prolecto
1677 5102 1714 5158 ad

68 5214 96 5262 et
112 5210 285 5260 resultemus
300 5213 324 5259 et
339 5209 434 5258 eternas
447 5209 567 5271 pieriam
581 5209 618 5261 ei.
634 5205 730 5258 Potest
744 5204 829 5257 etiam
845 5209 873 5257 et
915 5218 1022 5259 eoenam
1035 5200 1107 5269 ligni
1122 5197 1302 5252 vocantur.Et
1315 5197 1382 5249 dicit
1398 5195 1477 5259 milri,
1495 5194 1556 5248 Hac
1569 5195 1651 5247 verba
1664 5193 1715 5246 Dei

69 5297 112 5350 ita
134 5293 264 5362 intelligi,
280 5293 354 5363 quod
376 5309 439 5346 cum
468 5293 534 5345 illuc.
559 5293 681 5346 Ecclesia
702 5293 869 5362 pervenerit,
914 5306 978 5346 rer-a
988 5295 1062 5343 serat.
1074 5287 1105 5341 Id
1121 5292 1165 5341 est
1178 5287 1244 5357 quia
1256 5286 1329 5340 Deus
1344 5300 1428 5337 verax
1444 5283 1549 5355 estqui
1565 5298 1622 5338 non
1638 5296 1715 5334 ruen-

69 5385 126 5446 ista
135 5383 172 5435 sit
181 5382 301 5435 dictura.
315 5382 349 5434 Et
368 5381 420 5433 hoc
432 5381 585 5450 praevidens
598 5381 713 5451 spiritus
730 5398 781 5451 pro
796 5385 873 5435 corto
915 5382 986 5434 titur
1008 5375 1168 5446 aliquando,
1191 5380 1219 5428 et
1243 5373 1301 5426 haec
1322 5371 1407 5427 rerba
1422 5389 1484 5442 quae
1507 5372 1569 5427 dieo
1592 5369 1643 5424 tibi
1664 5366 1716 5421 Dei

82 5477 202 5539 uturum
220 5471 260 5524 ita
276 5476 383 5535 narret,
400 5469 481 5540 quasi
493 5471 552 5539 jam
567 5468 604 5522 sit
616 5470 731 5523 factum.
920 5465 1007 5521 uerba
1025 5471 1100 5533 sunt,
1117 5471 1146 5518 et
1168 5463 1231 5518 ideo
1246 5479 1297 5534 pro
1314 5467 1392 5518 certo
1414 5461 1527 5517 uenient
1546 5475 1607 5530 quae
1624 5456 1721 5524 lutura
