3818 6104
152 300 209 374 us
599 280 807 379 massano
824 310 866 379 nv
883 296 1099 381 armonia
1118 294 1347 380 morantii.
1570 318 1574 323 ·
1738 281 1795 371 sit

154 432 215 515 ster
226 426 303 523 iuter
312 442 404 524 Deum
417 451 445 499 et
458 436 596 510 flamines,
607 444 714 519 Deique
725 446 896 503 voluntatem
909 465 956 520 po·
963 451 986 509 Α
997 451 1044 503 sed
1057 451 1085 504 in
1097 450 1223 505 futurum
1236 440 1360 504 minatur
1373 430 1608 502 marledictirrbem.
1619 430 1689 499 illul
1698 428 1793 527 abt'e'tii

153 520 229 601 pulis
241 516 402 589 annuntiat.
996 538 1042 608 qai
1057 538 1179 610 prolapsi
1194 538 1306 591 fuerant
1321 542 1451 607 prorocat
1465 536 1500 589 ad
1517 520 1720 607 poeniteutiam,
1739 522 1793 586 net

194 641 206 666 ι
222 619 388 675 vosautem
405 622 558 677 recessistis
572 612 606 678 de
626 626 680 689 via,
697 631 726 679 et
745 616 954 681 scandalizastis
995 626 1080 679 ullam
1096 625 1162 680 iacit
1176 626 1376 696 exceptionem.
1388 622 1436 676 sed
1451 618 1509 677 sive
1521 622 1627 687 doctor,
1639 620 1696 675 sive
1706 609 1799 674 ditet:

154 704 293 779 plurimos
309 708 423 790 inlege.
441 706 557 786 irritum
571 710 676 766 fecistis
691 720 802 784 pactum
818 714 893 781 Levi,
909 712 954 769 di·
995 713 1086 784 putus,
1102 715 1159 768 sive
1169 714 1321 787 popularis,
1334 713 1391 766 sive
1401 710 1520 765 otlerens
1530 722 1643 775 munuc,
1655 710 1683 763 id
1695 698 1792 763 estsu-

154 795 193 849 cit
210 788 349 872 Dominus
360 797 546 859 exercituum.
565 800 682 871 Propter
694 800 767 876 quod
782 809 811 857 et
825 820 876 877 ego
890 802 954 857 dedi
994 801 1101 864 cerdos,
1119 818 1174 855 una
1191 800 1331 855 maledicti
1346 797 1486 853 sententia
1498 798 1647 864 feriuntur,
1667 802 1700 851 ut
1713 792 1793 851 nulle

154 876 202 937 vos
216 883 443 956 contemptibiles
454 891 482 940 et
493 884 613 942 humiles
629 888 759 944 omnibus
773 889 891 962 populis,
904 891 954 945 sic·
994 880 1071 944 sitin
1087 891 1128 943 eis
1142 888 1298 951 diversitas,
1315 890 1343 960 in
1358 888 1459 959 quibus
1473 878 1524 958 par
1536 891 1579 941 est
1592 886 1682 957 culpa.
1756 958 1766 967 ..
1783 960 1786 965 .

154 976 257 1029 utnon
273 973 404 1027 servastis
425 974 482 1027 vias
503 991 589 1039 meas,
606 981 633 1030 ct
648 976 795 1049 accepistis
809 976 909 1034 faciem
924 981 955 1034 ln
1032 995 1045 1029 a
1066 978 1101 1032 Et
1121 978 1173 1031 hoc
1189 994 1299 1032 rursum
1324 976 1427 1030 lecistis
1444 999 1449 1031 :
1470 974 1646 1047 Operiebatis
1660 960 1792 1045 lacrymis

153 1058 224 1135 lege.
238 1078 251 1111 a
263 1063 303 1116 Ac
317 1061 341 1114 si
353 1067 450 1134 aperte
462 1061 584 1117 diceret:
597 1063 654 1137 Ego
665 1065 738 1121 volui
750 1073 782 1121 ut
797 1069 868 1122 tales
878 1086 954 1122 esse·
995 1065 1083 1119 altare
1097 1065 1216 1128 Domini,
1233 1067 1300 1119 fletu
1314 1070 1342 1119 et
1356 1065 1475 1135 mugitu,
1492 1065 1532 1116 ita
1547 1067 1577 1116 ut
1590 1064 1665 1117 ultra
1680 1079 1736 1115 non
1751 1049 1793 1116 re-

153 1147 200 1208 tis,
219 1138 332 1218 qualem
347 1148 487 1229 descripsi⁴
501 1142 586 1205 fuisse
608 1156 716 1223 patrem
736 1142 849 1225 generis
870 1157 952 1209 vestri
995 1156 1110 1222 apiriam
1123 1154 1158 1208 ud
1173 1154 1352 1216 sucrificium,
1364 1169 1415 1206 nec
1429 1151 1562 1222 accipiam
1579 1146 1713 1221 placabile
1724 1144 1797 1220 quid'

155 1232 220 1288 Levi
234 1243 408 1291 :vosautem
424 1245 538 1293 econtra
551 1241 704 1296 recessistis
718 1243 776 1296 sive
792 1240 953 1298 declinastis
993 1243 1028 1295 de
1052 1259 1136 1296 manu
1156 1248 1265 1305 vest1a3
1287 1246 1315 1295 et
1339 1240 1448 1294 dixistis
1464 1258 1469 1292 ;
1495 1260 1505 1291 ι
1527 1239 1671 1293 Derelictae
1691 1246 1790 1293 uxores

156 1320 188 1378 de
203 1325 247 1378 via
262 1342 348 1397 quam
362 1327 471 1380 ostendi
486 1327 572 1391 vobis,
588 1329 664 1384 etde
681 1347 735 1400 qua
750 1328 815 1384 alibi
828 1330 949 1386 dicitur:
993 1346 1011 1383 a
1023 1331 1088 1383 viris
1103 1329 1274 1392 israelitica,
1289 1336 1316 1382 et
1332 1330 1359 1381 in
1375 1330 1497 1381 virorum
1513 1344 1627 1380 suornm
1643 1327 1712 1380 toris
1725 1324 1791 1380 alie·

156 1408 220 1466 Haec
228 1420 272 1467 cst
283 1414 335 1475 via,
346 1408 661 1488 ambulateineaneque
669 1420 703 1471 ad
712 1416 853 1473 dexteram
862 1437 952 1491 neque
993 1434 1044 1472 nas
1061 1420 1195 1489 conjuges
1218 1418 1450 1487 contemplantes.
1471 1414 1668 1484 confugiebant
1686 1414 1721 1467 ad
1740 1413 1791 1467 Dei
1849 1436 1851 1441 ·

157 1498 188 1579 td
202 1502 361 1558 sinistram.
373 1502 568 1559 Scandalizant
580 1519 673 1561 autem
688 1503 823 1580 plurimos
837 1509 864 1562 in
879 1510 950 1579 lege,
994 1506 1080 1560 solius
1095 1506 1239 1570 auxilium,
1257 1506 1403 1576 prostratae
1418 1520 1481 1558 cunr
1496 1502 1628 1573 lacrymis
1643 1506 1673 1554 et
1684 1496 1792 1583 gemitu

158 1588 201 1660 qui
216 1607 266 1644 eos
281 1608 351 1661 quos
365 1588 447 1647 verbo
460 1593 613 1655 instruunt,
625 1601 653 1649 et
663 1598 789 1667 exemplo
800 1599 880 1651 mala·
890 1614 953 1652 con·
993 1599 1059 1647 ante
1070 1595 1235 1663 ejusallare.
1246 1601 1380 1665 tanquam
1392 1600 1549 1653 causantes,
1558 1589 1630 1661 quod
1642 1584 1798 1643 taliuDeus'

157 1678 322 1733 versationis
336 1696 432 1734 errare
444 1679 558 1735 faciunt.
574 1701 585 1733 a
599 1682 712 1737 lrritum
725 1682 829 1738 fecistis
839 1689 951 1755 pactum
993 1682 1053 1735 tleri
1070 1683 1254 1753 permitteret,
1273 1698 1338 1736 cam
1353 1683 1414 1752 ejus
1436 1680 1529 1733 omnia
1550 1683 1686 1748 regantur
1699 1668 1792 1749 provi-

158 1758 246 1820 neum
262 1783 327 1821 cum
343 1756 419 1834 Levi,
434 1788 444 1819 i
458 1769 632 1841 negligenter
644 1771 752 1842 agendo
767 1789 828 1843 quae
842 1770 877 1826 ud
893 1757 1096 1827 om-Bdentia.
1109 1770 1181 1824 Dicit
1196 1787 1261 1839 crgo
1273 1770 1346 1840 quod
1361 1769 1527 1822 sacrilicium
1542 1765 1728 1824 sacerdotum,
1743 1754 1792 1835 qul

156 1851 223 1907 cium
236 1846 553 1926 pertinentsacerdotis.
566 1846 752 1921 Quamobrem
766 1879 778 1911 a
791 1866 818 1915 et
828 1850 951 1931 egodedi
994 1859 1047 1913 ista
1061 1861 1271 1914 commiserunt.
1288 1876 1344 1913 nou
1360 1858 1449 1929 possit
1461 1857 1609 1926 respicere,
1621 1870 1672 1908 nec
1684 1844 1790 1923 aliquid

155 1955 196 1996 ros
220 1943 458 2014 contemptibiles,
475 1965 487 1997 s
509 1951 540 1999 ut
562 1964 612 2016 pro
626 1947 732 2001 honore
747 1955 776 2002 et
795 1950 951 2003 reverentia
992 1947 1026 2001 de
1037 1964 1121 2002 manu
1135 1965 1230 2002 eorum
1242 1947 1538 2018 accipere,impeditus
1550 1950 1578 1998 et
1588 1940 1664 1997 velut
1674 1941 1791 1996 obrutus

155 2030 233 2100 quam
247 2030 329 2086 vobis
342 2030 491 2096 debebant,
507 2039 641 2105 tanquam
657 2035 802 2106 despectos
815 2053 862 2090 vos
876 2036 951 2107 abje·
992 2034 1102 2089 lletibus
1114 2037 1289 2090 miserorum.
1302 2036 1356 2090 Sed
1372 2036 1411 2089 illi
1426 2032 1545 2106 superbe
1558 2038 1586 2086 et
1598 2037 1733 2102 tanquam
1747 2028 1790 2092 nl,-

152 2125 267 2191 uosque
283 2117 434 2197 calcarent.
451 2116 488 2176 Ut
502 2123 577 2176 enim
592 2123 691 2178 beatus
706 2124 857 2194 Gregorius
871 2126 948 2191 dicit,
991 2122 1031 2177 hil
1046 2122 1112 2178 rnali
1127 2142 1156 2178 se
1171 2126 1275 2178 scirent
1287 2123 1395 2185 fecisse,
1411 2124 1597 2191 interrogant,
1623 2137 1635 2171 a
1656 2136 1740 2188 quam
1755 2116 1790 2182 eb

149 2204 228 2278 e'uJ'us
241 2207 302 2261 vita
320 2208 481 2279 despicitur,
499 2216 587 2265 restat
610 2218 641 2266 ut
656 2214 684 2266 et
705 2209 864 2284 pradicatio
884 2232 951 2268 con·
991 2208 1104 2266 causam
1119 2238 1128 2259 a
1142 2214 1310 2267 sacrificium
1326 2215 1360 2265 de
1376 2228 1472 2265 eorum
1489 2210 1617 2263 manibus
1631 2225 1685 2263 non
1698 2198 1792 2278 posse't

146 2283 305 2349 temnatu'r.
318 2292 393 2350 Illud
407 2304 541 2368 tanpuam
551 2298 745 2369 gravissimum
757 2301 889 2355 ultimum
906 2321 951 2372 po·
992 2300 1130 2372 accipere;
1144 2301 1244 2373 quibus
1255 2299 1453 2372 respondetur:
1466 2318 1478 2347 r
1489 2297 1705 2362 QuiaDomlnus
1715 2284 1793 2351 testi·

142 2383 198 2450 nit,
210 2384 292 2454 quod
303 2401 437 2455 personas
450 2385 598 2457 accipiunt,
608 2389 700 2457 iustos
714 2406 852 2460 pauperes
861 2390 952 2462 despi-
992 2386 1294 2444 ilcatusestinterteet
1305 2406 1417 2444 uxorem
1429 2387 1749 2459 pubertatistuae,quam
1758 2370 1790 2438 tu

138 2471 262 2541 ciendo,
273 2471 410 2544 superbos
419 2466 520 2529 divites
531 2476 716 2547 suscipiendo.
726 2497 738 2528 r
750 2478 884 2548 Nunquid
895 2496 952 2533 non
992 2476 1152 2549 despexisti,
1165 2484 1193 2533 et
1208 2479 1267 2533 haec
1277 2476 1416 2549 particeps
1427 2483 1485 2533 tua.
1499 2484 1526 2530 et
1536 2491 1606 2531 uxor
1614 2468 1725 2530 faederis
1737 2473 1787 2527 tuta

135 2566 228 2643 pater
249 2577 325 2615 unus
340 2558 466 2616 omniurn
485 2566 636 2618 nostrum?
657 2566 789 2636 Nunquid
807 2584 862 2621 non
879 2556 951 2622 Deus
992 2567 1176 2621 Nonneunus
1190 2566 1304 2628 feritet
1319 2558 1461 2620 residuum
1477 2566 1592 2636 spiritus
1608 2565 1669 2634 ejus
1683 2563 1742 2617 est?
1757 2546 1798 2616 E't'

134 2650 222 2704 unus
238 2650 347 2703 creavit
360 2651 429 2704 nos‘?
444 2651 536 2715 Quare
550 2669 616 2723 ergo
627 2653 744 2723 despicit
759 2657 952 2726 unusquisque
993 2654 1059 2725 quid
1071 2672 1144 2709 unus
1154 2656 1263 2725 quaerit.
1276 2655 1329 2707 nisi
1339 2670 1433 2707 semen
1446 2653 1493 2706 Dei
1503 2653 1515 2705 Ἰ
1525 2652 1644 2706 »Dicens
1655 2669 1660 2701 :
1672 2671 1683 2701 r
1695 2640 1793 2720 quatn'-

126 2739 275 2793 vestrum
290 2736 406 2792 tratrem
419 2757 512 2801 suuni,
528 2741 632 2795 violans
648 2749 759 2813 pactum
776 2750 888 2814 patrum
905 2762 953 2798 ve·
994 2744 1088 2797 obrem
1105 2744 1229 2797 dimittet
1243 2743 1326 2795 honio
1340 2748 1448 2813 patrem
1464 2742 1505 2817 vel
1523 2746 1641 2793 matrem
1656 2748 1746 2802 suam,
1762 2725 1792 2817 et

127 2825 299 2907 quorum?
315 2844 329 2878 a
343 2826 421 2895 Sicut
435 2828 463 2881 in
479 2825 573 2882 Esdrae
587 2829 657 2883 libro
671 2830 783 2900 legitur,
800 2832 902 2885 reversi
918 2831 952 2886 de
993 2829 1146 2885 adhaerebit
1160 2830 1238 2884 uxori
1256 2846 1322 2884 suae.
1336 2850 1348 2878 r
1362 2829 1420 2883 Tali
1438 2828 1519 2882 modo
1534 2833 1576 2881 est
1589 2827 1728 2897 particeps
1741 2824 1796 2879 tna

124 2900 321 2986 Babylonica
334 2915 504 2985 captivitate,
521 2923 579 2970 tam
603 2918 742 2991 principes
762 2936 847 2990 quam
867 2921 952 2975 etiam
993 2925 1021 2973 et
1033 2935 1102 2972 uxor
1111 2918 1222 2973 foederis
1232 2918 1283 2982 tui,
1296 2933 1357 2989 qua
1370 2916 1404 2971 de
1417 2923 1494 2971 costa
1508 2916 1558 2969 viri
1570 2914 1690 2969 formata
1700 2917 1751 2975 est,
1764 2904 1793 2967 e't

126 3002 230 3056 multi
245 3019 280 3056 ex
300 3003 493 3058 sacerdotibus
508 3007 537 3059 et
551 3004 653 3060 Levitis
668 3005 831 3078 abjecerunt
852 3025 951 3081 uxores
994 3024 1008 3057 u
1023 3007 1166 3061 residuum
1178 3006 1293 3077 spiritus
1305 3007 1366 3076 ejus
1380 3027 1390 3055 a
1403 3011 1454 3065 est,
1469 3005 1549 3057 idest
1560 2992 1793 3073 viriquodtantd

129 3080 298 3147 Israelitici
312 3092 435 3161 generis,
448 3109 509 3163 quae
520 3092 597 3148 senio
612 3094 654 3149 vel
669 3101 835 3166 paupertate
850 3113 899 3150 seu
914 3097 981 3163 lac
991 3095 1065 3149 iuter
1088 3097 1176 3149 virum
1199 3103 1227 3149 et
1248 3112 1362 3149 uxorem
1383 3093 1552 3165 conjunctio.
1568 3099 1600 3146 ut
1622 3107 1678 3144 una
1698 3091 1792 3143 anima

130 3178 360 3249 burelongiorts
368 3180 427 3245 viae,
436 3186 463 3232 et
470 3197 552 3235 sexus
562 3181 713 3252 fragilitate
722 3184 852 3238 conlecta
860 3192 949 3250 erant,
993 3184 1121 3238 videatur
1131 3202 1191 3238 esse
1201 3185 1228 3237 iu
1240 3183 1550 3254 duobuscorporibus.«
1563 3182 1597 3234 Et
1606 3180 1672 3251 quid
1685 3196 1766 3244 unus,
1779 3199 1789 3230 ι

139 3256 383 3338 debilitatemque
393 3271 422 3321 et
432 3267 638 3323 deformitatem
650 3275 856 3336 contraxerant,
871 3278 899 3326 et
909 3291 952 3327 co·
992 3272 1126 3326 subaudis
1145 3272 1229 3336 Deus,
1251 3290 1260 3322 r
1283 3272 1383 3341 quaerit
1401 3271 1455 3324 nisi
1474 3284 1569 3324 semen
1590 3268 1663 3322 Dei?
1683 3285 1695 3319 t
1716 3266 1791 3321 Deus

142 3344 321 3435 pulavcru'nt
329 3354 382 3409 sibl
389 3357 554 3426 juvenculas
567 3358 699 3413 llorentes
708 3359 883 3416 formositate
893 3379 952 3415 cor·
992 3359 1107 3431 (inquit)
1124 3362 1171 3431 qui
1187 3365 1267 3414 tanta
1289 3359 1352 3413 illus
1368 3360 1484 3412 allectus
1505 3356 1711 3412 necessitudine
1725 3350 1794 3410 conss

146 3456 262 3513 perum,
285 3446 328 3499 vel
348 3444 493 3500 nobilitate
517 3453 544 3501 et
568 3447 672 3502 divitiis
693 3451 867 3505 excellentes.
894 3452 952 3506 llos
990 3447 1092 3517 junxit,
1109 3464 1205 3502 semen
1221 3448 1270 3502 Dei
1286 3447 1395 3519 querit,
1413 3450 1444 3501 ut
1458 3445 1507 3499 lilii
1523 3436 1682 3501 Israeliticae
1698 3434 1796 3517 stirpis

152 3530 268 3600 corripit
278 3532 425 3602 propheta,
436 3541 567 3604 provocat
577 3542 608 3589 ut
617 3534 733 3607 abjectis
744 3538 808 3599 illis,
820 3555 889 3609 quas
898 3538 951 3592 sibi
994 3553 1025 3589 cx
1041 3537 1096 3590 illis
1109 3547 1290 3607 generentur.
1307 3524 1376 3590 Cura
1402 3551 1468 3604 ergo
1490 3540 1603 3603 propter
1621 3522 1792 3587 creationem

156 3610 249 3668 illicito
263 3614 442 3672 matrimonio
450 3621 611 3689 junxerant,
625 3621 688 3676 illas
704 3639 773 3692 quas
788 3625 861 3677 male
874 3623 950 3694 abje-
993 3624 1114 3677 illiorum
1132 3625 1237 3694 nuptia
1253 3629 1319 3677 sunt
1343 3623 1488 3684 institutae,
1506 3628 1534 3674 et
1555 3620 1681 3674 habeatis
1697 3620 1792 3673 secun-

164 3710 250 3756 cerant
269 3705 416 3775 recipiant.
437 3706 509 3762 Dicit
524 3725 590 3779 ergo
607 3728 613 3763 :
638 3710 770 3782 Nunquid
792 3728 848 3765 non
872 3717 953 3783 pater
993 3713 1042 3766 dus
1057 3714 1198 3783 coniuges,
1216 3721 1244 3765 ct
1257 3711 1370 3782 possitis
1385 3728 1418 3764 ex
1433 3710 1488 3764 illis
1502 3709 1642 3779 suscipere
1657 3695 1791 3778 gaudium

168 3786 229 3844 unus
244 3792 369 3847 omnium
383 3794 533 3850 nostrum?
992 3801 1124 3864 filiorum,
1138 3817 1188 3854 cur
1199 3814 1299 3854 uxores
1315 3800 1446 3870 pulchras
1463 3799 1596 3868 quaeritis,
1610 3805 1638 3851 et
1651 3796 1793 3867 legitimas

201 3872 423 3951 «Transgressus
438 3892 482 3937 est
494 3883 575 3948 luda,
592 3892 621 3939 et
633 3885 805 3940 abominatlo
820 3888 894 3941 fucta
909 3892 952 3942 est
992 3905 1092 3943 uxores
1106 3888 1246 3957 abjicitis?
1271 3888 1406 3941 Hortatur
1420 3887 1516 3956 itaque
1530 3902 1582 3939 nos
1596 3885 1631 3939 ad
1653 3886 1793 3960 poeniten-

176 3962 197 4016 in
207 3967 281 4022 lsrael
296 3976 324 4024 et
335 3969 364 4023 ln
376 3971 560 4041 Hierusalem,
573 3975 640 4044 quia
651 3975 852 4030 contaminavit
865 3978 878 4031 J
883 3978 951 4031 udas
992 3977 1071 4039 tiam,
1087 3973 1181 4029 dicens
1199 3993 1204 4029 ;
1227 3992 1240 4027 u
1261 3973 1406 4028 Custodite
1426 3988 1492 4042 ergo
1512 3972 1642 4042 spiritum
1657 3978 1792 4039 vestrum,

179 4056 404 4113 sanctificationem
418 4061 530 4116 Domini
544 4076 627 4133 quam
643 4063 748 4129 dilexit,
764 4072 792 4118 et
807 4065 904 4119 babuit
918 4067 951 4118 n-
992 4070 1020 4119 et
1035 4081 1148 4118 uxorem
1165 4062 1357 4118 adolescentiae
1376 4067 1432 4115 tuae
1447 4060 1504 4114 noli
1524 4059 1678 4132 despicere.
1696 4080 1709 4111 n
1726 4062 1794 4125 Quae

181 4137 230 4194 llam
242 4144 282 4199 dei
296 4146 389 4202 alieni.
407 4150 531 4204 eludam
549 4156 578 4204 et
590 4148 676 4205 Israel
692 4152 748 4207 sive
765 4152 950 4221 Hierusalem,
992 4153 1114 4224 primum
1137 4150 1187 4206 tibi
1211 4150 1341 4223 virginali
1364 4149 1543 4203 matrimonio
1563 4150 1662 4219 juncta
1675 4154 1727 4220 est,
1744 4147 1793 4203 sed

183 4218 235 4283 dves
246 4234 285 4288 bic
298 4242 408 4290 tantum
427 4238 515 4293 tribus
527 4238 605 4294 ludae
620 4245 649 4294 et
663 4240 808 4310 Denjamln
818 4241 952 4297 debemus
993 4249 1152 4313 perseverat
1167 4247 1259 4295 tecum
1275 4242 1412 4309 usquead
1428 4244 1612 4293 senectutem.

184 4316 281 4388 accipere
298 4341 362 4378 cum
378 4326 554 4392 sacerdotali,
569 4328 652 4382 idest
667 4329 790 4384 Levitica
804 4328 888 4384 tribu.
904 4331 952 4385 llre
1030 4331 1126 4383 ocum
1135 4328 1198 4383 odio
1209 4326 1350 4388 habueris,
1362 4327 1482 4386 dimitte,
1495 4325 1563 4381 dicit
1574 4320 1708 4381 Dominu's
1719 4326 1793 4382 Deus

184 4403 241 4458 enin
252 4415 355 4466 tantum
375 4430 492 4468 reversae
508 4416 619 4469 fuerant
639 4417 673 4469 de
689 4419 860 4488 captivitate.
878 4410 1089 4473 Nalesr'ael.
1110 4418 1225 4487 Operiet
1241 4422 1337 4470 autem
1356 4415 1490 4485 iniquitas
1508 4416 1704 4470 vestimentum
1720 4417 1791 4486 ejus,

185 4486 258 4550 decem
268 4499 354 4556 tribus
369 4501 460 4557 adhuc
474 4502 509 4557 ab
523 4504 645 4575 Assyriis
658 4505 686 4560 ln
701 4507 862 4578 captivitate
877 4513 953 4562 tene·
994 4507 1060 4560 dicit
1074 4507 1211 4561 Dominus
1224 4504 1407 4562 exercituum.
1429 4504 1508 4557 rHoc
1523 4521 1554 4557 ex
1569 4519 1690 4574 persona
1701 4512 1794 4585 sacer7

185 4574 658 4663 butun«inuasergocontaminavit
668 4595 951 4661 sanctificationem»
994 4596 1091 4649 dotum
1117 4601 1146 4649 et
1168 4592 1327 4648 Leritaruln
1351 4596 1580 4661 caeterorumque,
1598 4591 1646 4663 qui
1661 4591 1794 4646 nolebant

187 4678 258 4760 {tmen
273 4676 388 4733 electum
403 4697 420 4733 a
436 4680 505 4744 Deo,
527 4682 668 4736 miscendo
684 4701 713 4737 se
734 4684 909 4755 alienigenis.
927 4688 955 4739 et
996 4696 1126 4754 rumpere
1142 4683 1240 4737 illicita
1257 4679 1446 4739 matrimonia,
1463 4679 1655 4750 accipiendum
1670 4683 1722 4733 est.
1739 4670 1794 4744 Q‘nl

187 4753 315 4825 ruiqumm
328 4768 399 4823 filias
408 4771 574 4824 assumendo
586 4771 612 4824 in
628 4772 799 4843 conjugium.
812 4775 870 4827 lloc
880 4770 954 4844 quod
995 4788 1059 4825 cum
1070 4788 1085 4825 a
1096 4773 1232 4841 propbeta
1247 4767 1578 4839 reprehenderenturcur
1587 4766 1639 4821 boe
1652 4766 1792 4843 iecissent,

188 4847 323 4912 se(illitum
338 4858 371 4911 Et
385 4854 484 4912 habuit
498 4859 584 4912 tiliam
600 4860 644 4913 dei
661 4859 754 4926 alicui,
767 4880 780 4915 a
793 4862 954 4933 accipiendo
995 4860 1216 4931 respondebant:
1232 4860 1304 4913 Deus
1315 4855 1446 4928 praecepit
1457 4855 1485 4909 in
1497 4855 1567 4926 lege.
1578 4856 1607 4910 Si
1618 4856 1681 4911 odio
1692 4857 1796 4912 habue-

187 4930 384 5000 scilicetuxorom
397 4956 458 5016 quae
468 4944 543 5001 idola
553 4948 775 5009 colebat,contra
785 4956 953 5022 praeceptum
996 4949 1034 5002 ris
1049 4964 1163 5002 uxorem
1177 4953 1268 5014 tuam,
1283 4944 1393 4998 dimitte
1408 4961 1480 4998 eaur.
1496 4946 1553 4997 Cur
1564 4951 1660 4999 autem
1676 4944 1728 5001 boc
1742 4944 1796 5001 Do'·

188 5012 234 5084 Dtb
246 5043 291 5096 quo
303 5032 426 5089 dicitur:
447 5055 457 5083 ι
480 5034 542 5090 Non
566 5036 685 5107 accipies
707 5037 793 5091 silia'm
818 5038 853 5092 de
869 5039 955 5111 stirpe
996 5036 1089 5090 minus
1099 5035 1267 5107 permiserit,
1282 5034 1410 5087 Salvator
1420 5032 1535 5102 exponit
1548 5029 1577 5086 in
1594 5033 1742 5106 Evangelio
1754 5036 1795 5090 in·

189 5101 293 5175 Chanaan
305 5135 421 5178 uxorem
437 5122 493 5178 lllio
509 5126 567 5179 tuo.
586 5143 599 5177 a
996 5123 1203 5194 terrogantilrus
1219 5122 1368 5191 apostolis:
1383 5142 1394 5173 v
1408 5122 1437 5176 Si
1452 5121 1518 5176 licet
1532 5114 1639 5176 homini
1652 5122 1795 5181 dimittere

205 5216 225 5292 .‘
238 5199 373 5280 Disperdet
383 5212 520 5267 Dominus
536 5213 625 5267 virum
640 5214 688 5284 qui
704 5214 801 5269 lecerit
814 5216 876 5280 boc,
895 5233 955 5269 ma-
996 5230 1110 5268 uxorem
1132 5211 1230 5264 suain?
1246 5229 1259 5262 a
1276 5211 1346 5264 Cum
1365 5211 1417 5264 lroc
1430 5210 1529 5264 doctor
1542 5211 1632 5265 bonus
1650 5213 1796 5268 manifeste

191 5288 281 5351 &illum
302 5294 331 5355 'et
352 5292 520 5372 discipulum
544 5299 579 5355 de
604 5301 792 5357 tabernaculis
815 5302 911 5367 Jacob,
928 5309 957 5359 et
997 5301 1164 5355 ostendisset
1178 5316 1233 5352 non
1247 5299 1348 5353 debere
1365 5298 1478 5363 dimitti,
1491 5289 1795 5370 interrogaveruntde·

191 5369 956 5462 ⁰l⁰rentenimunusDominoexereituun1.»s'0taquod
996 5389 1164 5452 nuonuid
1183 5388 1333 5458 (inquiunt)
1351 5389 1461 5460 Moyses
1483 5389 1614 5460 praecepit
1635 5394 1666 5443 ut
1680 5390 1796 5443 daretur
1858 5423 1860 5427 ι

190 5462 230 5547 ὓΡΠ
244 5470 299 5532 dicit
315 5498 320 5531 ι
339 5474 398 5557 Qui
415 5474 490 5555 lacit,
516 5479 563 5533 sed
589 5479 676 5534 futuri
698 5478 833 5551 temporis
849 5500 854 5534 :
873 5501 884 5531 ι
903 5481 955 5544 Qui
998 5479 1107 5555 libellus
1123 5477 1248 5548 repudii?
1262 5477 1416 5548 Respondit
1432 5479 1567 5532 Dominus
1583 5492 1588 5529 ε
1606 5477 1647 5530 Ad
1661 5478 1795 5531 duritlttltt

189 5546 266 5617 luent,
281 5588 291 5616 ι
308 5566 372 5622 Noti
388 5567 463 5621 euim
482 5550 680 5624 tollitveniarit
701 5568 809 5641 peiattl
832 5560 954 5633 sceleris,
997 5564 1088 5623 cordis
1111 5565 1196 5620 vestrl
1220 5563 1272 5621 boc
1292 5556 1473 5638 praeceptum,
1497 5562 1539 5620 'vel
1562 5563 1731 5636 permissum
1752 5542 1795 5618 esi
