3818 6104
298 300 491 359 musmo
504 299 545 357 nt
561 297 640 357 EPP.
657 298 686 354 S.
702 294 822 353 enum.
837 322 871 337 -
884 294 925 351 ΙΝ
937 291 1051 352 aaut.
1065 294 1115 353 tn
1127 293 1197 353 ΤΠ.
1508 245 1565 360 dib

107 434 201 498 baem,
211 434 237 484 et
251 429 347 498 libros,
357 426 476 499 quesibi
488 424 593 491 dimisi,
604 425 760 481 monimen
805 422 839 475 In
851 423 1016 490 punsameo
1028 421 1183 491 &semiana
1190 437 1270 478 nemo
1277 423 1353 479 mibi
1366 424 1567 492 annibilelcn·

107 521 216 576 traam
225 517 363 583 deienubi
371 515 574 571 scribammeas
584 511 726 584 epistolas.
769 509 876 564 sionem
890 510 920 565 in
933 510 986 567 hoo
1006 510 1067 565 loco
1091 509 1217 582 appellat
1243 512 1468 582 persecutionem
1481 518 1567 586 atque

107 608 137 665 is
150 612 213 663 erat
221 606 445 677 consulariaque
453 603 643 658 induebantur
657 616 727 654 cou·
769 614 1030 671 pressuram,quam
1042 599 1177 655 sustinuit
1186 600 1299 671 quando
1308 601 1338 656 in
1347 601 1568 674 primordicsuce

107 697 135 755 ni
144 696 257 770 quando
265 694 496 766 ingrediebantur
504 692 533 746 in
545 690 664 747 curiam.
675 687 731 743 Sed
771 687 837 742 ildei
852 687 955 742 missus
969 693 1013 743 est
1026 704 1091 743 cum
1104 686 1234 744 Bamaba
1259 705 1277 744 a
1290 688 1402 762 Spiritu
1418 696 1518 747 sancto
1529 692 1568 748 ad

107 791 127 842 rt
147 783 251 856 aliquis
277 781 417 854 quomodo
435 781 478 835 vel
505 779 580 834 unde
599 773 733 831 acciderit
771 775 989 847 praedicandum.
1006 780 1096 844 Quam
1106 782 1331 852 persecutionem
1344 781 1416 839 bane
1429 789 1509 839 vocat
1524 782 1572 838 de·

107 870 263 929 vestimenti
276 869 358 925 beato
372 867 530 940 Apostolol
549 864 602 921 Cui
616 877 732 934 respon·
773 864 939 933 sensionem,
956 868 1024 939 quia
1034 868 1180 925 tribulatio
1193 871 1359 943 temporalis
1367 870 1499 929 desendet
1512 872 1571 927 ele-

107 961 366 1018 nuenarianam
380 957 531 1011 adventum
541 952 734 1009 Dominihunc
775 959 835 1008 ctos
843 954 870 1009 in
878 955 924 1010 die
934 954 1033 1027 iudicii
1046 973 1064 1011 a
1077 957 1167 1029 poenis
1181 958 1293 1015 inferni.
1308 959 1407 1015 Omnes
1416 977 1460 1016 me
1473 961 1572 1016 dereti-

107 1065 190 1106 rorem
213 1047 271 1102 sire
289 1045 532 1109 consuetudinem,
549 1041 661 1114 quaudo
672 1055 735 1094 mo·
776 1050 897 1111 querant
911 1061 921 1106 ,·
935 1060 993 1100 non
1004 1047 1224 1115 illisimputetar
1236 1048 1299 1103 Non
1308 1053 1372 1103 orat
1385 1064 1437 1120 pro
1450 1048 1574 1104 Alexan·

107 1138 180 1197 otius
194 1136 269 1192 orbis
283 1135 335 1190 sibi
348 1133 541 1206 acquirebant,
556 1137 589 1186 ut
604 1145 734 1202 quaecun-
779 1131 831 1185 dro
845 1131 894 1202 qui
903 1131 1057 1187 invidentia
1069 1133 1274 1189 iratemitatem
1283 1135 1576 1208 oppugnandopeeau·

108 1242 200 1283 scum
215 1240 283 1296 pace
305 1227 336 1278 et
357 1221 467 1278 coronis
493 1218 672 1282 occurrisset,
692 1217 741 1271 da·
780 1226 868 1281 verat,
878 1220 928 1276 sed
938 1235 989 1292 pro
997 1220 1042 1275 his
1055 1226 1119 1276 orat
1130 1222 1178 1292 qui
1187 1239 1244 1279 non
1252 1222 1426 1295 abmperant
1438 1239 1574 1292 amorem,

107 1319 225 1379 etatem,
234 1313 377 1366 intantum
390 1315 423 1364 ut
436 1309 538 1363 iratres
551 1321 649 1361 eorum
664 1304 741 1359 dica·
781 1307 831 1363 sed
845 1309 947 1364 timore
960 1309 1167 1369 succubuerant
1178 1311 1256 1366 uteis
1265 1311 1436 1383 ignomatur.
1453 1312 1578 1384 Quapro-

108 1418 198 1474 usque
214 1399 334 1455 Romani
345 1397 566 1470 appellarentur,
580 1392 741 1463 dabantque
782 1399 973 1471 pterinterest
980 1400 1105 1455 multum
1119 1416 1183 1455 cum
1193 1406 1257 1472 post
1263 1401 1436 1473 agnitionem
1444 1401 1495 1458 Dei
1504 1402 1582 1474 quin·

108 1495 166 1547 iem
176 1486 332 1544 aedisscundi
355 1485 461 1541 curium
481 1488 510 1539 et
526 1482 743 1537 haberecuntll·
783 1504 868 1559 quam
895 1492 1041 1561 oppugnat
1059 1489 1275 1557 fraternitatem,
1288 1495 1318 1545 et
1342 1491 1476 1547 adversus
1489 1490 1580 1563 ipsam

108 1584 126 1636 rt
145 1578 187 1633 illi
209 1576 361 1632 habebant.
385 1574 471 1628 Pater
490 1571 579 1643 igitur
605 1569 686 1625 Pauli
708 1568 743 1624 du
782 1577 977 1648 gratiamque
1000 1577 1197 1634 reconciliatus
1218 1585 1262 1634 est
1279 1579 1347 1648 Deo,
1367 1578 1581 1635 invidentiast'a·

108 1666 166 1740 pido
179 1672 263 1721 terrae
277 1660 504 1734 repromissionis
521 1659 584 1726 tuit,
600 1656 650 1712 ubi
659 1661 743 1711 natus
784 1664 864 1721 cibus
877 1665 1011 1737 agitatur,

113 1755 196 1813 estin
208 1755 327 1810 Tarsum
344 1749 456 1806 Ciliuiae·
473 1747 601 1813 Quodam
614 1732 776 1817 iumpuuuss
820 1757 1070 1811 abaiamontem
1092 1757 1165 1811 mibi
1182 1759 1282 1821 astitit,
1302 1762 1334 1812 ut
1351 1758 1471 1812 audiant
1488 1772 1582 1813 omnes

108 1843 266 1903 sRomanis
285 1857 336 1913 per
351 1838 477 1895 Ciliciam
495 1835 618 1892 occuluit
629 1834 670 1889 eiu
683 1834 744 1905 ipsu
783 1850 874 1913 pentes
882 1844 998 1900 verbum
1005 1843 1210 1916 predicationis
1218 1845 1254 1900 de
1261 1860 1310 1900 ore
1319 1860 1394 1914 meo,
1409 1850 1436 1901 et
1449 1847 1582 1901 liberatus

108 1932 294 1997 remensibus,
305 1933 404 2001 utpote
417 1927 464 1999 aui
476 1925 578 1982 nobilis
591 1925 667 1980 inter
680 1923 744 1979 ulos
784 1950 847 1989 am
861 1935 893 1988 a
906 1949 953 1989 ore
977 1936 1077 2002 aeno,
1092 1932 1121 1989 tu
1145 1939 1189 1989 est
1212 1933 1323 1989 insidiis
1346 1933 1461 2003 diaboli,
1476 1934 1583 2007 eoquo

116 2022 250 2093 :excepit
277 2035 325 2075 eos
348 2033 411 2072 cum
432 2031 509 2088 pace.
529 2015 608 2069 Tunc
622 2011 743 2067 Rumaui
784 2022 853 2077 dicit
862 2022 964 2078 Petrus
978 2023 1181 2077 :Adversarius
1198 2027 1285 2077 vester
1308 2023 1433 2078 diabotus
1446 2026 1583 2093 mnpaam

108 2112 141 2168 eis
148 2111 307 2166 libertatem
319 2105 519 2177 supradictam,
532 2109 561 2159 et
575 2106 742 2175 potestatem
784 2115 824 2166 ιω
830 2113 1190 2180 rupimmrwit‚qw0m
1204 2126 1284 2180 quem
1298 2111 1404 2165 amm
1412 2111 1442 2182 (1
1452 2113 1524 2167 piar,
1537 2115 1580 2179 vi,

112 2199 231 2266 ‘ulium’
242 2194 515 2267 issioesqueissdueie
525 2191 696 2258 ⁰⁰¹¹S¹¹l⁸i0⁸2
711 2193 744 2244 ui
783 2199 835 2254 Vel
849 2200 935 2255 etiam
944 2199 1185 2271 leonemappellat
1194 2198 1347 2268 Neronem,
1359 2198 1394 2253 de
1404 2199 1487 2269 cujus
1494 2197 1584 2253 mani·

108 2292 225 2346 strarant
235 2287 264 2341 in
277 2285 384 2340 curiam
397 2282 682 2344 moreliomanorum,
694 2276 745 2332 ibi·
786 2286 840 2344 bug
854 2288 984 2344 liberavit
996 2304 1062 2344 eum
1086 2285 1224 2344 Dominus
1239 2287 1350 2358 quando
1364 2287 1441 2342 venit
1455 2287 1585 2353 Romam,

127 2377 205 2434 beati
237 2374 318 2430 Pauli
342 2371 474 2445 penulam
495 2369 621 2440 accipere
643 2366 748 2422 meruii
788 2377 925 2433 adductus
940 2377 977 2433 ab
1000 2377 1045 2433 his
1064 2376 1112 2449 qui
1126 2375 1391 2448 praenuntiatae,
1406 2374 1587 2448 obhocquia

109 2466 206 2523 utatis.
223 2464 293 2520 Post
306 2463 386 2533 cujus
405 2464 525 2514 murium
546 2456 697 2528 AP0⁸i⁰iU⁸
712 2453 747 2509 Ob
788 2467 927 2523 cesarem
940 2465 1101 2539 appellavit.
1130 2465 1205 2520 Nam
1227 2480 1292 2520 cum
1314 2464 1437 2520 venisset
1455 2464 1586 2532 Romam,

109 2556 194 2628 leiuu
204 2549 416 2617 ueturduiiussissr
432 2548 505 2602 hum
519 2550 625 2600 Vtssiem
640 2542 693 2598 ⁸ibi
706 2558 749 2598 ¹⁸0·
788 2554 897 2610 duobus
910 2553 993 2609 annis
1004 2553 1110 2608 mansit
1121 2552 1152 2608 in
1176 2552 1266 2607 libera
1283 2552 1420 2620 custodia,
1436 2557 1464 2607 et
1482 2552 1512 2609 in
1534 2568 1587 2608 suo

788 2643 938 2711 conductu,
958 2646 988 2698 et
998 2639 1281 2713 posteatransivitad
1293 2640 1362 2696 alias
1380 2640 1510 2695 nationes
1524 2656 1586 2712 quae

109 2732 369 2790 &mariusmulia
383 2719 748 2782 molarnileiostendit.1ste
788 2736 870 2787 erant
883 2729 1047 2786 incircuitu
1061 2730 1167 2785 Romae,
1183 2729 1257 2784 Nam
1280 2728 1393 2801 quando
1415 2728 1472 2784 isia
1484 2727 1586 2784 scribe·

109 2823 161 2878 der
174 2821 209 2875 de
224 2836 279 2891 quo
291 2820 351 2889 jum
365 2813 583 2888 supradiximus,
596 2812 644 2883 (lui
658 2826 749 2865 level·
789 2820 847 2888 bat,
862 2820 892 2875 in
905 2818 995 2875 libera
1005 2818 1133 2873 custodia
1147 2823 1209 2872 erat
1224 2835 1231 2871 ε
1246 2823 1276 2872 et
1289 2833 1351 2889 qua
1371 2817 1468 2873 statim
1491 2823 1524 2875 ut
1536 2817 1587 2873 ad-

120 2904 417 2983 apostusium·thuiu
429 2909 490 2957 uiui
499 2901 609 2967 uuiifffli·
625 2897 750 2954 fabrica·
789 2910 890 2965 ductus
902 2913 955 2976 est,
970 2923 1028 2963 non
1043 2911 1086 2962 est
1097 2905 1261 2962 interiectus
1274 2905 1377 2962 idcirco
1391 2905 1460 2962 dicit
1473 2922 1504 2962 ss
1517 2904 1587 2962 libe·

109 3000 185 3055 ianae
194 2997 268 3069 apud
282 2995 417 3060 Athenas,
429 2991 504 3047 unde
518 2995 547 3044 et
557 2989 617 3060 ipse
628 3001 750 3042 commo
789 3004 893 3054 mium,

109 3106 118 3144 t
133 3087 275 3144 uiuiiuium
289 3089 388 3140 0⁰1lis³
406 3080 572 3152 apostolum
587 3096 593 3145 3
614 3076 778 3147 r0⁸i⁸ii¹¹⁸il
824 3087 1045 3142 Dominaslesas
1055 3085 1180 3142 Christus
1195 3100 1260 3140 curn
1269 3086 1373 3155 spirita
1385 3083 1588 3151 tao,sit.l)omi·

109 3174 267 3233 mdicationi
292 3175 363 3244 eius.
386 3171 484 3226 arada
506 3171 532 3221 ui
554 3168 689 3222 Dumium
711 3181 750 3219 ³⁰·
789 3192 843 3231 nus
858 3176 939 3232 lesus
954 3173 1092 3240 Christus,
1106 3174 1182 3229 Deus
1209 3178 1238 3229 et
1262 3174 1346 3229 homo
1369 3179 1422 3240 ast,
1443 3173 1507 3229 ideo
1524 3178 1588 3229 orat

109 3281 167 3322 Μ
180 3267 248 3333 uili·
261 3264 323 3317 N⁰¹¹
333 3260 374 3314 “ii
385 3277 391 3312 ²
402 3257 512 3313 Reddat
521 3254 644 3327 ⁰Pi¹²iil⁰
654 3253 747 3320 m⁰d0r
789 3267 951 3338 Apostolus,
961 3270 995 3322 ut
1007 3264 1132 3318 Verbum
1141 3262 1192 3318 Dei
1200 3261 1301 3329 Patria,
1309 3260 1446 3317 Dominus
1459 3259 1588 3316 videlicet

109 3353 284 3419 iiudiuuiii'Or
299 3350 374 3422 (11¹0d
392 3347 509 3402 lesbum
532 3343 749 3416 l’faenllniistiliii
789 3354 883 3422 iesus,
898 3352 1013 3409 situum
1029 3350 1129 3424 spiritu
1152 3349 1238 3406 illius.
1253 3349 1320 3406 Etsi
1332 3349 1419 3405 luerit
1429 3365 1494 3404 cum
1507 3347 1588 3420 spiri·

109 3442 277 3518 apremntis.
305 3439 350 3494 Sic
365 3437 434 3492 dicii
447 3440 476 3490 ei
490 3436 525 3489 ‘¹0
539 3434 588 3488 illa
608 3431 748 3504 hlP⁰⁰ii⁸i
790 3449 832 3511 tu,
843 3444 898 3499 erit
911 3447 941 3498 et
954 3457 1018 3498 curu
1032 3456 1157 3513 corpore.
1174 3441 1271 3497 Gratia
1280 3440 1428 3504 mdiorum,
1439 3438 1468 3493 id
1482 3444 1526 3492 est
1540 3453 1588 3493 re·

109 3552 126 3601 b
138 3520 751 3587 0¹130V0i⁸i01¹⁰fflimmineieoemebssfflPer·
791 3533 886 3590 missio
900 3535 1080 3604 peccatorum
1100 3534 1129 3584 et
1148 3527 1340 3584 reconciliatio
1354 3527 1405 3582 Dei
1417 3526 1510 3581 Patris
1524 3542 1587 3581 om·

110 3637 168 3688 ⁶¹⁶⁸,
178 3621 272 3689 liulf&
287 3617 409 3671 ‘imiimi
425 3614 592 3683 istcilfflfli·
602 3610 750 3682 pmiietoe
791 3623 894 3694 niaque
909 3621 984 3676 bona
1011 3635 1072 3690 quaa
1096 3615 1229 3672 divinitus
1240 3615 1329 3687 gratu
1342 3614 1512 3686 largiuntur,
1528 3614 1587 3669 sint

109 3710 195 3767 solent
217 3707 339 3762 maxime
353 3705 445 3775 siguru
459 3699 642 3774 imprecantis
655 3699 751 3754 futuru
790 3710 1048 3766 vobiscumdmca.
1064 3707 1148 3762 idest
1163 3705 1222 3775 ilat,
1237 3705 1279 3760 vel
1293 3719 1360 3760 vera
1373 3703 1430 3759 sint
1443 3719 1505 3776 qua
1518 3702 1586 3759 hac·

109 3798 202 3866 ,sicut
224 3797 315 3867 ligura
329 3790 465 3865 praeteriti
486 3789 622 3861 temporis
640 3804 674 3843 ea
689 3804 750 3859 qum
790 3797 991 3871 ienusscripgi
1010 3803 1063 3852 etc,

110 3892 175 3955 ant,
191 3901 264 3957 saepe
274 3883 445 3940 cecinerunt.

110 4012 1584 4052 ——..........-.-—--——-—--

421 4136 481 4214 IN
514 4129 817 4211 EPISTOLAM
844 4129 921 4205 AD
950 4123 1131 4202 TITUM.

222 4351 487 4412 ARGUMENTUM.
758 4347 887 4406 Dnoster
898 4340 1031 4414 apostolis
1044 4339 1103 4396 suis
1110 4337 1211 4395 dixerit
1221 4341 1312 4408 (ioan.
1322 4341 1377 4410 xv).
1392 4342 1456 4396 lam
1471 4357 1528 4397 aon
1541 4341 1588 4396 dr'.

110 4462 140 4504 ns
153 4445 305 4518 Apostolus
319 4460 336 4498 a
350 4443 435 4497 Creta
447 4438 540 4495 insula
558 4437 595 4492 ad
616 4435 687 4491 alias
700 4449 752 4489 na·
793 4448 908 4488 carerem
922 4445 1021 4494 samos,
1036 4430 1083 4484 sed
1092 4430 1194 4484 amicos
1202 4443 1290 4495 meos,
1299 4427 1387 4500 quari
1399 4435 1492 4502 potest
1499 4450 1588 4505 quam

110 4535 246 4592 deitatum
259 4532 375 4597 incolas,
392 4529 508 4602 reliquit
521 4527 616 4583 Titum
628 4523 752 4595 discipu·
792 4521 923 4592 egregius
937 4517 1105 4592 praedicator
1112 4522 1141 4572 et
1151 4517 1287 4588 magister
1294 4517 1422 4588 gentium
1436 4537 1547 4578 sermm
1557 4540 1587 4579 se

111 4625 202 4681 creta
214 4622 330 4677 vicesua
340 4627 371 4674 ut
380 4612 657 4686 haberentnuperad
666 4608 750 4666 tidem
791 4609 972 4682 postmodum
984 4605 1146 4663 vocaverit?
1159 4605 1214 4662 Sed
1228 4605 1252 4660 si
1266 4604 1337 4660 bene
1345 4608 1586 4678 perpenderimus,

110 4717 310 4787 protectorem,
324 4725 359 4763 ne
372 4709 444 4762 torte
458 4707 621 4762 ludaeorum
632 4699 752 4773 garruli·
792 4699 848 4754 duo
861 4715 923 4754 esse
935 4713 1041 4769 genera
1053 4694 1205 4760 servitutis,
1220 4693 1293 4749 sicut
1315 4699 1344 4750 et
1357 4694 1474 4763 timoris,
1489 4699 1588 4768 procui

118 4801 315 4858 hereticorum
330 4800 445 4864 latratu,
463 4814 480 4850 a
499 4799 574 4850 statu
589 4796 672 4847 rectae
687 4788 753 4843 ndei
793 4787 878 4843 dubio
892 4787 954 4842 luce
967 4785 1071 4841 darius
1084 4783 1201 4856 patebit,
1212 4782 1279 4854 quic
1292 4797 1348 4837 non
1358 4782 1465 4839 exstitit
1474 4791 1588 4842 contra·

110 4891 255 4948 natumsed
269 4894 301 4943 ut
311 4887 389 4942 illum
405 4884 597 4940 sollicitiorem
611 4878 752 4943 redderet,
795 4877 854 4931 rius
868 4874 959 4930 verbis
974 4872 1138 4929 Dominicis.
1160 4871 1190 4927 Si
1210 4869 1325 4942 quidem
1343 4870 1464 4927 servitus
1477 4873 1589 4933 timoris

111 4997 190 5037 ‚cum
204 4976 351 5048 castigatio
361 4993 410 5031 seu
420 4973 542 5029 hortatio
554 4970 753 5041 magistrorum
795 4970 847 5032 ost,
859 4980 915 5035 qua
924 4963 1007 5019 timet
1020 4959 1275 5017 servusllominum
1284 4964 1413 5024 suum‚et
1427 4962 1529 5020 ancilla
1538 4965 1591 5023 do-

111 5067 340 5127 rmstudiosiores
350 5065 451 5120 efficiat
463 5061 622 5132 discipulos,
633 5071 755 5112 commo·
794 5054 900 5109 minam
915 5068 1006 5118 suam,
1031 5051 1163 5106 timentes
1188 5047 1224 5102 ab
1238 5047 1278 5102 eis
1297 5048 1434 5120 flagellari
1449 5067 1456 5103 :
1471 5054 1591 5112 saraim

111 5174 143 5215 m
156 5163 186 5213 et
199 5155 316 5212 instmit
330 5153 492 5226 adplenum
506 5151 541 5205 de
555 5145 755 5204 constitutione
795 5149 890 5199 autem
918 5141 1021 5197 amoris
1041 5144 1093 5207 est,
1119 5153 1174 5209 qua
1193 5136 1275 5192 timet
1288 5137 1378 5194 bonus
1392 5139 1467 5196 lilius
1480 5149 1592 5215 patrem

111 5250 115 5301 i
128 5252 158 5303 et
171 5245 207 5300 ds
221 5243 341 5316 spiritali
347 5241 567 5305 conversatione,
579 5237 651 5292 etde
666 5236 755 5290 haere·
795 5250 888 5299 suum,
913 5235 1042 5286 metuens
1069 5226 1195 5282 animum
1210 5226 1272 5298 ejus
1287 5227 1427 5284 ollendere
1440 5231 1471 5286 in
1483 5233 1589 5305 aliquo,

111 5334 155 5391 dis
170 5334 218 5406 qui
230 5332 354 5389 Iudaicis
367 5331 469 5385 sabulis
479 5329 606 5392 credunt,
620 5325 754 5392 scribens,
797 5329 881 5394 atque
895 5318 1057 5376 haereditate
1072 5316 1186 5388 privari.
1201 5315 1241 5372 De
1252 5317 1385 5372 servitute
1397 5335 1463 5391 ergo
1472 5321 1591 5393 illaquae

111 5423 157 5480 toli
171 5423 292 5478 civitate.
798 5412 920 5484 pertinet
931 5410 967 5464 ad
979 5407 1108 5464 timorem
1122 5406 1273 5479 poenulem,
1288 5406 1356 5462 dicit
1377 5410 1510 5479 apostolis
1526 5411 1592 5480 quia

214 5511 331 5566 CAPUT
350 5506 505 5564 PRIMUM.
795 5504 855 5574 inm
866 5516 922 5555 non
932 5499 1022 5553 dicam
1034 5514 1186 5554 nossemus
1197 5497 1367 5569 timoris,sed
1383 5497 1592 5552 amorislleilla

111 5600 363 5658 commortuum
380 5596 517 5653 Dominus
536 5610 569 5650 ac
583 5593 755 5663 Redemptor
797 5606 862 5646 vero
879 5604 941 5662 qua
968 5585 1091 5660 pertinet
1106 5587 1142 5643 ad
1164 5602 1291 5645 amorem
1312 5584 1445 5653 tiliorum,
1466 5583 1590 5657 loquitar

111 5715 218 5766 aanor„
236 5697 352 5763 cxvll.
1246 5718 1249 5727 ·
1441 5681 1480 5744 ab
1595 5776 1598 5782 Ι
1692 5790 1697 5799 ¹
