3818 6104
318 277 509 336 uxrosrrlo
524 281 563 336 IN
580 282 658 337 EPP.
674 280 703 336 S.
719 275 839 333 PAULI.
860 303 893 315 -
912 274 952 330 IN
966 275 1077 331 EP1ST.
1094 275 1109 331 1
1126 275 1175 330 AD
1190 276 1271 332 cett.
1559 283 1613 342 578

112 402 188 473 quod
199 402 253 473 ipsi
264 402 391 456 videtur:
409 403 468 474 ipse
480 409 575 458 tamen
597 402 806 473 omnipotensA
816 397 931 452 sitiones
941 399 1074 469 leguntur
1089 406 1118 455 et
1135 400 1345 472 intelliguntur,
1360 411 1387 461 et
1397 410 1551 465 secundum
1565 429 1613 468 eas

109 491 208 545 usitate
224 508 275 545 sua
285 497 492 561 perseuerat,et
510 499 647 563 quantum
663 494 731 555 vult,
748 497 776 546 et
816 486 903 541 Vetus
917 488 1129 543 Testamentum
1145 495 1194 543 aut
1206 491 1315 546 Novum
1330 496 1461 550 traditur.
1471 498 1612 555 Estetiam

109 585 134 634 et
146 580 258 650 quando
274 580 343 639 verit,
355 584 384 633 et
398 582 538 650 quomodo
553 583 627 648 vult3
640 581 774 636 datetni-
816 576 963 646 sapientia,
981 593 1036 647 qua
1046 576 1169 633 abstinet
1183 580 1246 650 quis
1261 598 1278 634 a
1292 599 1377 653 pravo
1389 601 1482 656 opere,
1495 588 1613 644 scientia

109 668 297 739 shabet,quia
311 674 389 722 extra
403 686 433 722 se
446 669 516 723 nulli
530 676 637 740 erogat,
655 672 686 725 Et
699 672 772 724 alivi·
816 680 890 728 vero,
903 665 1038 735 quandoa
1048 683 1134 737 prava
1141 669 1318 739 cogitatione.
1327 671 1426 744 Itaque
1434 676 1491 729 sive
1500 678 1613 748 sapien-

109 760 395 812 nirtrationantsuat.
412 757 496 811 Verbi
509 760 617 828 gratia:
636 765 667 814 ut
679 759 773 829 inepi-
814 753 884 806 tiam
896 753 1066 819 divinarum,
1079 755 1136 811 sive
1150 758 1295 813 scientiam
1309 760 1499 818 humanarum
1516 782 1613 822 rerum

108 844 271 915 resbyteris,
289 843 463 911 diaconibus,
486 846 651 916 caeterisque
665 846 771 901 ordini·
813 841 975 906 habeamus,
992 860 1048 897 non
1064 861 1097 897 ex
1112 844 1283 917 nobisipsis,
1300 849 1348 903 sed
1363 866 1397 904 ex
1418 851 1510 907 dantis
1521 855 1612 908 sancti

109 932 217 1005 Spiritu
232 939 330 988 sancto
345 933 530 988 distribuente
545 934 673 989 Ecclesiae
687 935 772 989 mini·
813 930 1373 1003 SpiritusgrstiapercipimusQuodrero
1383 939 1613 1005 dicit,secundum

109 1021 257 1087 tituuutur,
274 1038 330 1076 non
345 1039 396 1093 per
405 1022 546 1093 propriam
562 1022 686 1076 hominis
701 1023 771 1077 deli·
812 1021 938 1073 curretiam
948 1021 1174 1089 Spiritum,nibil
1186 1023 1376 1081 estaliudnisi
1392 1029 1471 1098 quasi
1481 1030 1608 1087 diceret:

109 1126 157 1177 tm,
172 1110 220 1164 sed
244 1128 294 1180 per
314 1111 436 1180 Spiritus
460 1111 549 1165 sancti
572 1110 769 1179 cilicientiam;
813 1107 867 1162 Atii
890 1109 974 1163 datur
1002 1126 1094 1164 sermo
1120 1111 1243 1166 scientiae
1266 1116 1418 1170 secundum
1439 1119 1612 1175 voluntatem

109 1215 151 1254 ern
165 1201 311 1263 Darninus,
328 1199 462 1254 subaudis
478 1205 574 1254 manet
587 1199 722 1255 indivisus
742 1201 771 1255 in
814 1197 939 1266 ejusdem
956 1197 1076 1269 Spiritus
1086 1200 1185 1263 sancti,
1201 1201 1245 1254 vel
1259 1218 1310 1272 per
1324 1205 1453 1260 eumdem
1463 1207 1610 1278 Spiritum.

847 1287 945 1347 Alteri,
964 1285 1132 1342 subauditur
1146 1288 1239 1353 datur,
1255 1289 1323 1359 fides
1338 1295 1370 1345 in
1384 1296 1473 1348 eodem
1489 1296 1610 1364 Spiritu,

109 1379 202 1430 aionas
215 1380 407 1443 operationum
422 1382 498 1441 stent,
514 1376 581 1446 quia
594 1376 771 1448 aliusopera·
812 1372 841 1427 id
856 1380 899 1428 est
911 1391 962 1445 per
975 1376 1105 1430 eumdem
1122 1376 1270 1447 Spiritum.
1288 1378 1425 1434 Dominus
1444 1382 1569 1454 loquitur
1582 1387 1612 1441 iu

109 1464 220 1536 piritum
236 1469 363 1519 sanctum
378 1464 508 1522 maxima.
522 1465 594 1519 alius
608 1465 769 1531 mediocria,
811 1462 961 1532 Evangelio
976 1464 1011 1518 de
1025 1480 1145 1534 persona
1157 1465 1258 1520 Patris.
1277 1466 1337 1521 Hoc
1359 1475 1402 1522 est
1415 1486 1486 1540 opus
1501 1473 1562 1540 Dei,
1581 1480 1612 1529 ut

109 1553 264 1606 ominima.
283 1555 357 1607 Idem
386 1570 448 1607 raro
475 1556 552 1618 Ile-us,
569 1557 619 1621 otri
641 1559 771 1622 operatur
813 1551 934 1605 credatis
956 1551 986 1605 in
1009 1568 1072 1607 eum
1088 1568 1171 1623 quem
1187 1554 1264 1608 misit
1286 1555 1343 1610 ille.
1358 1557 1393 1611 Et
1407 1558 1561 1629 Apostolus
1580 1564 1613 1616 sr-

109 1659 114 1695 ι
128 1643 266 1695 omnibus.
278 1641 366 1705 Quem
377 1641 507 1713 superius
522 1642 674 1713 appellavit
685 1639 875 1730 Spiri-Bdem
891 1639 959 1694 dicit
972 1640 1033 1694 dari
1049 1658 1098 1712 per
1119 1642 1252 1712 Spiritum
1275 1651 1414 1700 sanetum.
1432 1648 1512 1703 Unde
1527 1649 1612 1705 datur

109 1729 141 1783 do
150 1736 228 1783 uocat
237 1730 388 1784 Dominum
399 1730 532 1796 etDeum,
542 1737 571 1785 et
584 1738 627 1784 ter
640 1731 713 1784 idem
728 1730 772 1784 di·
812 1727 943 1797 intelligi,
956 1728 1022 1798 quia
1031 1728 1105 1798 quod
1116 1729 1256 1785 datPater
1263 1748 1314 1802 per
1323 1733 1460 1804 Spiritum
1470 1744 1610 1802 sanctum,

109 1817 235 1873 mitestat
254 1836 284 1872 se
312 1820 388 1890 loqui
415 1821 450 1874 de
465 1819 571 1890 Spiritu
596 1824 702 1885 sancto,
722 1819 771 1873 sed
812 1815 862 1869 dat
876 1822 904 1870 et
915 1817 975 1887 ipse
987 1817 1108 1886 Spiritus
1119 1824 1301 1893 sunctuscum
1315 1822 1399 1876 Patre
1409 1829 1438 1876 et
1451 1824 1532 1890 Filio,
1545 1828 1612 1896 quia

109 1912 157 1961 rat
169 1907 234 1960 inde
249 1907 360 1961 Patrem
377 1912 406 1961 et
429 1906 542 1972 Filium,
570 1907 635 1977 quia
650 1922 771 1977 quorum
813 1903 895 1957 unius
910 1911 953 1958 est
963 1905 1110 1975 potestatis
1132 1911 1161 1960 et
1175 1909 1346 1977 operationis
1368 1926 1432 1964 cum
1447 1911 1502 1965 illis
1520 1931 1525 1966 :
1541 1913 1612 1968 tides

109 1993 188 2049 rirtus
198 2004 315 2059 nature,
329 2001 358 2048 et
368 1994 596 2059 substantianna,
608 1995 773 2049 horumuna
812 2009 879 2063 ergo
890 2009 946 2062 qua
956 1992 1133 2047 credimusin
1143 1994 1243 2061 Deum,
1256 2002 1285 2049 et
1299 2012 1317 2050 a
1329 1997 1413 2052 Patre
1429 2004 1457 2053 et
1466 2015 1483 2053 a
1493 2000 1563 2055 Filio
1582 2007 1611 2056 et

109 2082 151 2137 tio
166 2082 293 2142 indivisa,
309 2082 356 2152 qui
384 2082 514 2136 videlicet
537 2083 621 2147 Deus,
638 2086 771 2152 operatur
813 2098 830 2134 a
844 2081 950 2152 Spiritu
965 2087 1062 2136 sancta
1076 2082 1169 2150 datur,
1187 2100 1238 2138 nec
1252 2085 1336 2139 estin
1350 2086 1463 2142 homine
1476 2091 1611 2144 naturali-

109 2187 152 2226 ma
165 2171 194 2224 in
209 2169 347 2224 omnibus.
359 2170 465 2234 Quibus
480 2170 570 2225 verbis
585 2171 695 2225 tollitur
714 2173 770 2226 bu·
810 2176 863 2234 ter,
881 2171 930 2225 sed
940 2187 959 2224 a
972 2171 1030 2225 Deo
1040 2170 1125 2224 datur
1142 2190 1147 2225 :
1163 2172 1296 2242 quoniam
1308 2173 1332 2227 si
1346 2181 1430 2244 esset,
1451 2193 1549 2231 omnes
1559 2179 1610 2232 ba-

109 2260 240 2331 egentia,
251 2277 315 2313 cunt
330 2261 391 2313 sine
403 2261 510 2331 Spiritu
526 2266 621 2315 sancto
637 2277 688 2315 nee
704 2277 765 2315 ma·
811 2257 910 2313 bcrent
923 2259 1019 2313 sidem.
1028 2261 1088 2314 Alii
1100 2263 1194 2327 pratia
1208 2265 1364 2317 sanitatum
1378 2267 1409 2317 in
1419 2281 1475 2319 uno
1487 2266 1607 2334 Spiritu.

120 2349 240 2404 minima
252 2348 327 2402 bona
341 2350 452 2420 operari
474 2349 563 2420 possit
574 2354 670 2404 nostra
682 2350 770 2419 tragi-
811 2349 852 2403 De
864 2349 958 2418 gratia
970 2348 1124 2403 sanitatum
1137 2349 1214 2412 dicit,
1230 2366 1286 2420 qua
1300 2358 1438 2408 sanantur
1451 2354 1557 2410 infirmi
1566 2359 1610 2412 vel

109 2439 155 2493 ius
170 2442 267 2491 monet
280 2439 431 2508 Apostolus
441 2438 469 2491 in
481 2438 615 2492 Trinitate
629 2438 721 2494 nullos
731 2438 771 2492 ta·
811 2436 889 2506 agri.

109 2527 209 2594 padus,
226 2527 292 2580 dum
308 2527 430 2596 primum
460 2527 539 2597 ponit
553 2527 689 2597 Spiritum
704 2544 770 2581 san·
846 2524 906 2580 Alii
921 2529 1041 2594 operatio
1052 2529 1200 2588 uirtutum,
1209 2525 1237 2579 in
1246 2526 1572 2596 ejiciendisdaemonibus
1582 2537 1611 2586 et

110 2615 186 2670 undo
195 2615 346 2669 Dominum
356 2616 508 2677 Christum,
526 2616 609 2670 tertio
620 2616 708 2670 Deum
719 2618 770 2670 Pa·
811 2612 956 2682 patrandis
966 2613 1028 2667 aliis
1036 2613 1177 2667 miraculis
1189 2632 1194 2666 :
1208 2617 1423 2684 triumphalia,
1435 2634 1492 2688 qua
1502 2618 1609 2689 Spiritu

109 2703 202 2757 ianus
217 2703 291 2756 Deus
307 2702 452 2757 distribuit
475 2704 550 2757 dona
576 2720 637 2768 sua,
653 2720 770 2759 manens
811 2706 908 2754 sancto
928 2701 1061 2772 repletus,
1078 2702 1173 2755 lutura
1200 2703 1336 2772 praedicit,
1349 2705 1393 2759 vel
1407 2707 1609 2776 prophetarum

108 2791 202 2848 irisus.
810 2788 897 2844 libros
912 2789 1042 2860 exponit;
1067 2792 1121 2843 alii
1134 2791 1263 2844 discretio
1276 2795 1439 2860 spirituum,
1456 2799 1489 2848 ut
1500 2796 1610 2850 noverit

109 2885 280 2950 paeantem,
296 2879 430 2933 subaudis
440 2879 575 2944 fidelium,
586 2882 770 2935 daturrnani-
811 2880 873 2951 quis
888 2879 1020 2948 loquatur
1033 2895 1065 2932 ex
1081 2878 1188 2948 Spiritu
1200 2884 1306 2945 sancto,
1322 2882 1365 2935 rel
1380 2882 1444 2952 quis
1458 2899 1490 2937 ex
1506 2884 1608 2954 spiritu

109 2968 221 3037 bpiritas
235 2970 271 3020 ari
284 2971 445 3030 utilitatem,
458 2968 709 3034 etilliusvidelicet,
721 2969 769 3039 qui
810 2966 1009 3032 humano,sive
1023 2966 1160 3036 maligno:
1176 2967 1249 3021 sicut
1262 2967 1430 3038 loquebatur
1438 2972 1532 3040 puella
1546 2989 1608 3043 quae

109 3056 206 3110 ionum
228 3056 350 3124 Spiritus
361 3057 460 3118 saneti,
475 3063 503 3111 et
513 3057 643 3122 aliorum,
658 3057 706 3127 qui
719 3019 798 3110 autG
810 3071 943 3126 magnum
957 3059 1093 3125 quaestum
1110 3054 1260 3125 prestabat
1274 3056 1395 3112 dominis
1410 3059 1478 3123 suis,
1499 3060 1533 3115 de
1552 3078 1609 3133 qua

109 3144 265 3208 rudiuntur,
280 3149 330 3199 aut
343 3146 469 3216 exemplo
490 3146 566 3199 illius
580 3146 609 3198 in
624 3145 769 3200 meliorem
810 3145 915 3199 Paulus
923 3143 1054 3214 spiritum
1061 3143 1242 3214 pythonicum
1252 3146 1377 3217 expulit:
1392 3153 1421 3202 et
1430 3148 1503 3203 sicut
1514 3148 1609 3221 loque·

109 3237 257 3297 truantur,
266 3240 294 3287 et
303 3234 332 3286 in
343 3234 391 3287 Dei
404 3233 514 3287 laudem
526 3232 770 3292 excitantur,sicut
809 3231 913 3286 bantur
922 3230 997 3302 magi
1009 3231 1243 3287 etincantatores.
1256 3235 1420 3302 Aliipenera
1431 3238 1606 3305 liapuaram,

117 3329 234 3377 monet:
248 3324 491 3376 Lamatlunoestra
502 3337 595 3375 coram
607 3322 765 3375 ltoniinibus
809 3320 839 3374 id
852 3325 895 3374 est
905 3319 1055 3375 uarietates
1068 3337 1240 3389 sermonum,
1252 3328 1285 3378 ut
1299 3324 1433 3395 apostolis
1450 3330 1479 3379 et
1491 3327 1609 3381 creden·

109 3414 138 3479 r),
156 3417 209 3464 etc.
228 3409 418 3464 Manifestatio
445 3426 509 3463 vero
537 3409 658 3480 Spiritus
677 3409 766 3463 sancti
807 3408 882 3462 tibus
894 3408 923 3460 in
940 3408 1052 3463 exordio
1067 3409 1145 3467 fidei.
1161 3412 1218 3465 Alii
1234 3413 1425 3479 interpretatio
1436 3429 1605 3478 sennonem,

109 3516 139 3554 us
165 3499 270 3552 donum
299 3499 475 3568 intelligitur,
493 3498 568 3569 quod
590 3497 643 3569 ipsi
661 3498 766 3551 homini
809 3500 841 3550 ut
857 3495 1028 3568 Hieronymo
1041 3496 1089 3567 qui
1101 3497 1208 3551 divinas
1225 3497 1384 3568 Scripturas
1397 3515 1430 3553 ex
1447 3500 1563 3557 Hebraeo
1578 3503 1607 3557 in

109 3594 133 3642 at
146 3588 245 3642 datum
260 3605 321 3642 esso
333 3589 368 3641 ad
380 3587 530 3641 utilitatem
548 3603 638 3651 suam,
649 3593 680 3641 ut
695 3593 772 3642 recte
812 3584 944 3639 Latinum
953 3585 1111 3641 transtulit.

109 3681 188 3731 aucte
209 3677 325 3744 rirat‚et
340 3675 428 3730 utalii
445 3692 479 3729 ex
491 3691 524 3729 eo
536 3676 687 3729 utilitatem
707 3693 772 3747 per·
848 3674 908 3727 ilua
921 3679 1014 3727 autem
1031 3677 1126 3727 omnia
1144 3689 1205 3744 qua
1230 3675 1456 3730 enumeravimus
1476 3683 1504 3731 et
1522 3677 1609 3732 etiam

109 3766 167 3821 Sive
181 3765 374 3818 manifestatio
389 3764 511 3834 Spiritus
537 3764 639 3817 idcireo
656 3764 769 3827 dicitur,
813 3761 1608 3835 pluraquamenumeravimus,operatururumatquoidem

109 3870 207 3924 ,unque
221 3870 270 3923 per
284 3854 358 3906 doun
368 3869 418 3906 sua
428 3853 522 3916 tuerit,
532 3852 606 3905 illico
617 3868 773 3922 peropera-
813 3850 946 3916 Spiritus
963 3849 999 3902 ad
1014 3849 1165 3903 utilitatem
1190 3849 1296 3904 scilicet
1319 3851 1407 3905 totius
1420 3851 1559 3919 Ecclesiae,
1579 3853 1610 3907 in

109 3943 215 3999 ustitia}
228 3943 435 3996 manifestatur.
456 3942 527 3995 Hinc
551 3941 685 4012 scriptum
704 3947 770 3995 est:
814 3952 869 4007 qua
889 3935 1057 4006 intelligitur
1077 3937 1162 3991 Pater
1176 3944 1204 3990 et
1217 3938 1239 3991 F
1241 3938 1314 4002 ilius,
1332 3939 1398 4008 quia
1411 3939 1609 4011 inseparabilis

109 4034 148 4087 mi
159 4034 269 4084 mittere
283 4034 314 4084 in
330 4035 445 4095 terram,
461 4035 485 4082 et
499 4030 567 4097 qaid
592 4031 651 4082 eolo
665 4031 723 4083 nisi
741 4034 773 4083 ut
813 4029 857 4079 est
867 4041 964 4078 eorum
975 4024 1524 4095 operatio,diuidanssinpaliselectorum
1535 4029 1609 4083 dona

109 4122 160 4176 iac.
181 4118 252 4189 xrt)l
814 4130 874 4180 sua,
891 4130 948 4168 non
963 4117 1058 4169 tumen
1072 4114 1132 4186 ipse
1143 4113 1259 4181 divisus,
1269 4120 1352 4184 pratri
1366 4119 1435 4184 trau,
1445 4117 1512 4187 quia
1521 4118 1611 4172 omni·

109 4210 189 4262 iidem
200 4207 528 4276 perSpiritamsanetam
538 4207 625 4260 datur
633 4222 773 4262 serruosa·
814 4207 914 4272 potens
927 4206 977 4255 est.

109 4296 183 4351 todo
192 4296 291 4366 incipit
310 4313 448 4367 exponere
459 4295 608 4350 divisiones
616 4296 773 4366 gratiarum
849 4289 928 4345 Sicut
941 4293 1016 4344 enirn
1026 4306 1123 4358 eorpus
1134 4306 1224 4345 urium
1234 4295 1282 4358 cst,
1300 4297 1323 4345 ct
1334 4293 1510 4348 babatmulta
1525 4311 1608 4350 ntem·

109 4384 260 4440 batianum
274 4402 334 4455 quae
346 4403 395 4456 per
408 4385 544 4456 Spiritum
559 4391 687 4438 sanctum
703 4384 774 4438 dan.
816 4380 876 4446 bra,
892 4382 945 4432 ete.
953 4378 1046 4450 Usque
1069 4382 1111 4433 ita
1122 4384 1147 4432 et
1162 4379 1305 4434 dlrristas:
1322 4381 1468 4453 subaudis,
1480 4400 1543 4438 cum
1558 4385 1611 4439 Ec-

109 4474 225 4545 lligitur,
237 4474 375 4544 sapientia
386 4473 545 4527 invitandis
556 4473 637 4526 malis
651 4478 681 4526 et
692 4488 775 4543 appe.
814 4466 900 4520 alesia
915 4481 1002 4520 unum
1012 4472 1172 4538 corpusest.
1185 4468 1236 4522 His
1248 4469 1339 4523 verbis
1355 4472 1437 4526 docet
1450 4488 1506 4526 non
1515 4472 1611 4528 deberi

109 4563 168 4628 iuis,
185 4563 380 4628 scientiarum
395 4563 423 4616 in
443 4561 624 4631 disponendis
640 4560 774 4614 ordinan-
814 4553 1327 4625 intlariquaelibetadversusalterum,
1339 4560 1464 4629 quiaetsi
1479 4577 1536 4614 non
1551 4578 1613 4616 ma-

109 4651 347 4707 umauis.Etenim
363 4649 623 4719 tundossireagros
638 4650 772 4717 excolere,
814 4659 912 4713 gnum,
925 4650 1021 4700 tamen
1041 4663 1157 4717 parvum
1182 4652 1225 4700 est
1239 4647 1367 4701 Ecclesiae
1390 4647 1555 4702 membrum.
1577 4650 1614 4703 Et

109 4742 256 4814 prudenter
270 4740 416 4804 aedificare,
434 4738 568 4791 familiam
583 4743 775 4808 competenter
815 4731 888 4786 Sicut
902 4733 998 4786 Omnia
1011 4732 1147 4798 membra,
1163 4733 1220 4787 Sile
1238 4734 1419 4803 1111118811,
1442 4733 1610 4805 8116111111,

110 4831 165 4898 ‚ad
178 4829 324 4884 scientiam
336 4829 446 4881 videtur
456 4827 606 4898 pertinere,
614 4826 713 4892 Aliter,
728 4843 775 4882 sa.
815 4820 872 4874 sive
887 4821 1016 4889 honesta,
1032 4821 1088 4876 sive
1098 4822 1255 4881 inhonesta,
1268 4837 1369 4892 corpus
1383 4820 1539 4877 humanum
1553 4823 1613 4879 tor-

109 4918 216 4975 ertinet
233 4918 267 4971 ad
281 4917 468 4987 cognitionem
477 4922 611 4970 aetemam
623 4916 775 4986 quaeredi.
816 4914 905 4972 mant,
916 4909 956 4964 ita
970 4910 1098 4966 homines
1121 4909 1223 4964 diversi
1242 4909 1335 4964 meriti
1357 4925 1443 4964 unam
1458 4911 1612 4970 Ecclesiam

109 5024 137 5062 m
146 5007 304 5062 trinitatem
317 5006 421 5059 habere
435 5006 464 5059 in
479 5005 616 5075 personis,
635 5005 774 5059 unitatem
815 4999 962 5065 aedilicant,
973 5004 1002 5054 et
1012 5015 1206 5069 unumcorpus
1215 4997 1317 5052 Christi
1327 4998 1519 5057 iaciunttlum
1533 5004 1614 5060 chri·

109 5095 172 5165 ,ntia
182 5114 189 5161 3
201 5095 318 5149 scientia
328 5112 392 5147 vero
409 5095 596 5148 humanarum
613 5110 718 5160 perum⁹
734 5094 774 5148 si.
816 5092 858 5143 SiO
869 5088 944 5142 essim
955 5087 1003 5158 qlli
1013 5093 1056 5141 eSi
1065 5092 1148 5158 caput
1158 5087 1295 5154 ECSiSSiae,
1306 5088 1368 5159 ipsa
1379 5090 1613 5150 Ecclesiaintelli·

109 5200 123 5238 a
147 5182 279 5237 diximus.
297 5183 358 5236 Sive
388 5182 527 5250 sapientia
552 5189 603 5247 est,
619 5183 774 5237 secundum
815 5179 901 5249 gitur,
916 5194 977 5249 quae
987 5182 1030 5230 est
1039 5193 1141 5246 corpus
1155 5177 1226 5247 ejus.
1244 5178 1354 5232 Etenim
1369 5182 1401 5234 in
1421 5197 1477 5236 uno
1488 5183 1610 5253 Spiritu,

109 5288 153 5339 tm,
162 5273 274 5343 quando
285 5272 347 5341 quis
358 5271 467 5325 Veteris
475 5271 648 5326 Testamenti
663 5278 692 5326 et
707 5271 777 5326 Nori
816 5267 959 5328 subaudis,
971 5268 1077 5328 sancto,
1089 5264 1124 5319 de
1134 5282 1189 5337 quo
1204 5266 1340 5338 scriptum
1353 5275 1396 5323 est
1409 5290 1415 5324 :
1432 5272 1489 5340 Ipse
1502 5289 1547 5327 aas
1562 5277 1612 5328 ba-

109 5362 207 5426 nnina,
219 5361 395 5431 etintelligit,
407 5361 477 5415 etad
490 5361 642 5415 utilitatem
655 5363 776 5416 aliorum
814 5358 930 5424 ptrzobit
947 5357 978 5408 in
987 5353 1098 5421 Spiritu
1113 5361 1207 5410 sarecto
1226 5363 1251 5411 et
1274 5361 1336 5426 iona
1352 5359 1457 5429 (Mattla.
1478 5365 1518 5428 111)
1531 5378 1538 5426 ;
1559 5365 1609 5414 et:

114 5449 189 5505 sicut
201 5450 398 5520 Hieronymus,
416 5450 599 5519 Augustinus,
611 5450 735 5504 Hilarius
748 5455 776 5504 et
817 5447 879 5500 Nisi
893 5447 955 5512 prais
970 5447 1084 5498 reitalas
1098 5446 1187 5511 fuerit
1208 5464 1240 5501 cn
1257 5464 1331 5516 apaa
1345 5453 1369 5501 et
1393 5447 1503 5516 Spiritu
1518 5452 1611 5501 sancto

109 5539 203 5635 gorius
215 5556 223 5607 ;
235 5538 353 5594 scientia
362 5555 427 5594 vero
442 5538 555 5608 quando
564 5538 678 5594 illorum
690 5555 776 5611 expo-
818 5533 1062 5607 (terramtenus
1070 5538 1254 5603 tausinanum
1262 5553 1360 5607 eorpus
1366 5537 1610 5607 baptizatisamus,
