3818 6104
470 326 664 386 EXPOSlTlO
677 331 716 386 IN
728 326 992 385 APOCALYPSIN.
1008 353 1042 368 -
1057 326 1125 380 LlB.
1143 325 1166 380 Ι.
1582 323 1636 384 970

112 450 322 504 tribulationem
337 453 425 503 tuam
443 450 515 519 Seio,
532 452 616 508 idest
629 453 753 526 approbo
767 460 795 509 et
807 450 894 515 Abas
908 467 959 523 per
973 449 1093 506 Paulum
1103 449 1224 505 dicitur:
1237 449 1409 517 Confitentur
1420 465 1446 503 se
1457 449 1633 513 nossalteum,

109 538 177 596 'ticet
188 553 252 592 vero
263 537 307 591 hie
317 537 462 593 tribulatio
472 540 654 611 singulariter
667 549 798 615 ponatur,
839 544 920 609 foetis
930 546 1023 595 autom
1032 544 1133 608 aequat
1144 540 1213 609 (Tit.
1222 540 1250 604 ι).
1261 538 1477 609 Blasphematur
1485 539 1581 609 itaque
1589 539 1638 593 Ec·

122 625 273 683 omnifaria
298 633 326 681 et
350 628 496 699 multiplex
518 630 694 701 intelligitur.
720 631 799 686 Unde
840 627 1492 698 elesiaaludaeisialsis,quiaelectorumverba
1508 643 1637 698 arepro-

109 724 152 774 sta
161 717 229 771 dicit
241 735 246 769 :
259 718 352 770 sllalta
365 719 557 773 tribulationes
565 721 797 790 justorumtl’sat.
841 718 883 773 bis
892 716 1093 788 dijudicantur,
1108 717 1294 790 quiasemper
1300 716 1413 786 eloquia
1423 722 1451 771 et
1459 716 1531 771 laeta
1543 719 1636 788 justo·

114 806 220 861 Sancta
235 804 367 868 Ecclesia,
383 804 412 857 in
427 806 507 875 cujus
522 805 800 878 personabicloqui·
839 824 904 861 rum
927 806 1069 861 eontrmia
1095 811 1162 861 saut
1189 805 1406 877 cogitationibus
1434 805 1632 877 reproborum.

109 891 410 949 modivinusEcclesiae
424 893 798 963 Smyrnamultastribula·
840 896 894 961 Qui
908 896 973 950 licet
985 895 1165 950 intrasinum
1180 895 1309 949 Ecclesia
1332 895 1496 961 consistant,
1517 895 1576 949 rita
1595 900 1637 949 ta-

109 981 228 1038 sustinet
241 981 375 1046 exterius,
391 997 454 1035 oum
468 981 503 1034 ab
512 981 798 1055 adversariisprobra,
841 991 943 1039 menet
956 983 1082 1039 moribus
1092 984 1122 1039 ia
1131 983 1235 1038 multas
1245 985 1521 1055 Satanaesyuagogas
1530 984 1637 1056 seipsos

114 1110 122 1139 ,
137 1087 275 1133 carceres,
299 1076 455 1140 caeteraque
478 1070 639 1140 hujusmodi
659 1078 801 1126 tormenta
841 1073 986 1127 dividunt:
999 1071 1065 1143 quia
1080 1071 1374 1142 quotvitiisserviunt‚
1392 1077 1434 1127 tot
1451 1072 1525 1127 dese
1541 1078 1636 1144 partes

109 1201 114 1228 ,
128 1143 256 1216 anteum
272 1160 357 1214 etiaim
372 1176 388 1213 a
403 1159 575 1215 tautonibus
590 1161 709 1215 interius
728 1159 800 1215 iuri·
840 1161 974 1216 reddunt.
988 1159 1070 1215 Tales
1085 1160 1180 1231 itaque
1202 1159 1271 1214 salso
1286 1159 1447 1216 ludaeorum
1464 1160 1517 1215 sibi
1533 1177 1636 1218 nomeu

109 1267 123 1305 r
140 1250 282 1304 cruciatur
298 1267 304 1301 :
320 1265 384 1303 eum
403 1248 488 1302 edane
512 1264 529 1302 a
548 1249 649 1320 seipsa,
671 1250 799 1320 jeJ'uniis
841 1252 989 1320 usurpant,
1007 1247 1314 1319 quiquevehementius
1326 1247 1377 1302 zeli
1388 1249 1510 1304 flammis
1523 1267 1637 1307 succan·

109 1337 177 1394 tibus
192 1344 221 1392 et
235 1337 345 1407 vigiliis,
359 1337 472 1401 lassata,
487 1353 558 1408 pene
572 1337 738 1393 succumbit.
754 1337 801 1391 ni·
841 1337 875 1402 si,
903 1337 1016 1408 gravius
1042 1336 1194 1391 Ecclesiam
1216 1336 1410 1407 blasphemare
1431 1346 1637 1396 consueverunt

109 1448 111 1458 ι
132 1443 244 1499 quoque
264 1432 292 1479 et
314 1424 467 1479 tribulatur
489 1442 506 1479 a
529 1426 631 1497 seipsa,
652 1442 715 1481 cum
735 1442 800 1480 earo
841 1442 925 1498 quam
941 1425 971 1480 hi
986 1425 1035 1497 qui
1044 1442 1188 1497 nunquam
1201 1425 1235 1479 ad
1247 1426 1308 1496 ejus
1318 1426 1458 1481 consortia
1469 1427 1637 1498 injuriarum

120 1515 303 1588 spirituiHas
318 1530 416 1568 omues
430 1513 627 1570 tribulationes
637 1515 691 1569 scit
703 1514 801 1569 Domi·
841 1520 1027 1571 accesserant
1045 1513 1100 1570 Sed
1115 1531 1261 1586 usquequo
1271 1514 1377 1568 zizania
1390 1516 1540 1571 novissime
1554 1534 1637 1590 sapa-

110 1604 258 1677 approbat,
271 1602 419 1674 dequibus
433 1603 562 1659 omnibus
581 1604 609 1658 in
624 1605 719 1659 futuro
731 1603 797 1659 libe·
840 1610 940 1659 rentur
953 1621 970 1659 a
982 1604 1087 1669 tritico,
1104 1603 1199 1658 nullus
1213 1603 1313 1657 horum
1329 1604 1501 1659 deserendus
1519 1612 1571 1673 est,
1589 1607 1638 1661 sed

109 1711 147 1761 ιιι,
159 1693 272 1765 quando
282 1692 509 1748 auleretomuem
524 1693 677 1764 lacrymam
691 1692 726 1749 ab
736 1710 801 1748 oeu-
841 1710 939 1748 0mnes
952 1693 1123 1755 admonendi
1138 1698 1213 1753 sunt,
1231 1708 1328 1746 amites
1343 1693 1492 1756 tolerandi,
1504 1694 1533 1748 in
1546 1711 1638 1750 exem-

109 1800 154 1839 rm.
169 1784 202 1837 Et
219 1787 410 1851 paupertatem
435 1788 524 1849 tuone,
550 1780 719 1838 subauditur
741 1765 831 1836 scioB
842 1784 919 1855 plum
935 1781 1132 1852 Redemptoris
1145 1780 1244 1847 nostri,
1259 1781 1307 1851 qui
1321 1781 1488 1851 sacrilegum
1503 1782 1637 1854 impium·

109 1872 177 1928 abo.
841 1887 896 1942 que
910 1869 1081 1942 proditorem
1097 1885 1186 1940 usque
1200 1869 1236 1923 ad
1249 1869 1409 1940 passionem
1423 1870 1521 1925 mortis
1536 1871 1638 1926 ludam

109 1962 176 2017 lices
186 1978 212 2015 es
225 1960 359 2026 iaticum,
370 1960 450 2030 juxta
462 1959 531 2014 illud
545 1979 550 2014 :
566 1961 710 2028 Tanquam
727 1959 800 2013 nituit
841 1959 978 2015 toleravit.
994 1960 1172 2029 adquorum
1187 1958 1262 2012 mala
1285 1958 1452 2029 perferenda
1473 1960 1639 2016 exhortatur

109 2067 138 2116 is,
160 2055 184 2104 et
206 2053 300 2103 enutrito
322 2051 486 2118 possidentes
499 2049 536 2115 {ll
556 2048 616 2104 Cor.
634 2057 682 2107 vlt.
697 2048 799 2102 Mirum
840 2047 1004 2115 Ecclesiam,
1020 2052 1049 2102 et
1059 2046 1138 2119 quasi
1152 2047 1239 2101 armis
1250 2045 1412 2118 potentibus
1423 2047 1563 2119 adjungit,
1572 2066 1636 2105 cum

109 2144 152 2195 ast
161 2138 300 2209 quomodo
311 2136 401 2202 electi,
414 2152 552 2207 pauperes
571 2142 600 2190 et
613 2135 713 2190 divites
728 2136 799 2204 siat;
841 2136 936 2193 subdit
951 2155 957 2191 ι

111 2226 201 2283 uobus
217 2226 307 2280 modis
321 2224 440 2295 intelligi
454 2229 547 2295 potest
562 2244 568 2279 z
582 2225 697 2278 fuerunt
710 2224 800 2278 saneti
877 2226 957 2281 llibil
971 2226 1071 2280 borum
1087 2227 1184 2278 timeas
1198 2240 1257 2292 qua
1269 2239 1403 2292 passurus
1410 2241 1445 2279 es.
1460 2224 1493 2280 Id
1506 2228 1639 2299 estquid-

109 2316 197 2371 lisites
212 2315 241 2369 ia
256 2316 308 2369 hoc
322 2315 432 2379 saeculo,
452 2313 524 2367 sicut
543 2312 694 2380 Abraham,
712 2312 800 2367 David
843 2314 910 2386 quid
924 2330 941 2368 a
954 2313 1057 2369 ludaeis
1071 2313 1159 2377 taleis,
1174 2311 1340 2383 quidquido
1355 2311 1433 2368 salsis
1447 2313 1581 2371 fratribus
1596 2316 1639 2373 rel

109 2404 191 2471 uulti3
201 2404 251 2458 sed
259 2403 339 2476 quasi
347 2403 418 2456 nihil
428 2400 563 2456 habentes
574 2407 665 2465 erant,
676 2401 802 2473 quieter·
843 2401 962 2473 paganis
974 2401 1144 2472 injuriarum
1152 2400 1353 2471 laesionumque
1368 2401 1528 2473 pertuleris,
1542 2421 1592 2475 pro
1606 2422 1640 2462 eo

109 2491 208 2547 livitias
215 2496 435 2556 contemnentes
447 2506 478 2544 se
490 2490 803 2560 peregrinoscognosce-
844 2491 918 2562 quod
932 2496 1082 2545 transeunt
1094 2506 1128 2544 ae
1143 2489 1286 2544 formides
1297 2491 1357 2544 Hoc
1367 2491 1493 2562 estquod
1504 2492 1533 2546 in
1549 2494 1640 2549 Eran-

109 2581 216 2637 oelestes
230 2580 341 2634 divitias
353 2580 412 2649 jam
424 2586 518 2633 ruente
532 2584 668 2633 tenentes.
685 2578 802 2648 Expleta
841 2583 915 2654 gebo
930 2582 999 2637 dicit
1012 2581 1141 2636 fidelibus
1158 2604 1165 2636 ι
1182 2583 1272 2637 Nolite
1287 2585 1383 2635 tioiere
1396 2586 1499 2650 eosqui
1512 2587 1639 2640 occidunt

110 2668 516 2740 suasuorumqueneeessitate
527 2684 559 2721 ex
576 2667 619 2721 leis
638 2684 699 2738 quae
713 2667 800 2721 habe·
842 2670 1639 2743 coepusuanaumauumnonpossumuertebrarum.x).

109 2758 207 2830 ’eliqua
221 2759 249 2812 iu
265 2774 331 2812 usus
354 2773 507 2827 pauperum
524 2755 736 2810 consumebant.
751 2755 802 2809 Vel
844 2759 907 2812 Ecce
917 2758 1640 2824 intimarasestdiobolusatiquoseaeobisincurrerem

110 2863 230 2918 superes
241 2846 357 2912 re,sicut
370 2850 436 2898 sunt
445 2844 565 2916 apostoli
580 2844 684 2911 sancti;
703 2842 803 2897 divites
843 2853 875 2900 ut
885 2848 1066 2910 tentamenta
1076 2846 1207 2899 laudabitis
1220 2846 1428 2900 tribulationem
1438 2846 1638 2904 diebusdraem.

109 2936 136 2991 ln
146 2936 211 3001 fide,
223 2952 272 3006 per
284 2951 362 3005 spem
367 2935 427 3004 jam
437 2935 538 2988 carlum
550 2931 802 3005 possidentes,qui·
845 2936 916 2990 Hinc
926 2934 1033 3006 liquido
1041 2936 1101 3003 jam
1113 2933 1333 2988 claretdirersas
1347 2934 1376 2988 in
1390 2950 1446 2989 uno
1461 2937 1561 3007 angelo
1575 2955 1640 3010 per-

109 3025 203 3080 minus
213 3024 281 3078 dicit
293 3040 298 3074 :
311 3025 386 3077 lteott
393 3040 527 3092 pauperes
541 3026 654 3091 spiritu,
670 3023 803 3090 quoniam
845 3040 929 3078 sanas
944 3023 1058 3093 alloqui.
1074 3022 1214 3078 Praemisit
1228 3023 1302 3077 enim
1323 3023 1415 3078 divina
1435 3041 1486 3078 vox
1505 3027 1586 3097 quasi
1605 3028 1642 3083 ad

109 3119 179 3168 mest
199 3129 316 3180 rrqaum
336 3115 464 3165 catorum
479 3112 587 3172 (ettottb.
608 3113 661 3176 ιιι).
687 3081 834 3164 DicaturG
845 3128 934 3167 unum
945 3111 1441 3182 loquens:Nihilboramtimeasqaae
1452 3129 1641 3184 pessumses:

116 3200 202 3255 :suo
221 3203 416 3270 paupertatem
436 3205 524 3264 tuane,
545 3199 595 3253 sed
614 3197 690 3252 dives
710 3215 751 3264 es,
771 3214 804 3251 ac
844 3199 1643 3272 nunereaoadjungittanquamadmultostEceemissurus

109 3295 206 3344 retur:
221 3289 301 3343 Unde
315 3293 343 3342 te
358 3305 408 3358 per
418 3287 605 3342 humilitatem
615 3286 804 3358 spirituspau·
845 3297 888 3346 est
898 3289 1027 3346 diabolus
1036 3290 1145 3359 aliquos
1155 3304 1188 3345 ex
1202 3289 1317 3344 vobisin
1332 3298 1642 3355 carcer-en1,etraetera.

116 3377 343 3451 esistimasinde
358 3394 409 3447 per
418 3375 596 3430 omniadives
603 3373 802 3446 comprobaris.
846 3379 973 3435 Carceris
984 3384 1080 3434 autem
1095 3378 1209 3433 nomine
1219 3379 1309 3433 omnis
1317 3379 1461 3435 tribulatio
1476 3381 1645 3454 intelligitur

109 3466 175 3523 enim
189 3467 320 3537 idemque
334 3466 439 3520 electus
453 3470 481 3519 et
489 3481 596 3537 pauper
611 3470 640 3518 et
652 3463 729 3518 dives
744 3468 802 3518 est:
846 3469 1020 3540 passionum,
1030 3484 1114 3539 quam
1126 3468 1216 3522 sancti
1225 3473 1291 3522 sunt
1300 3469 1425 3540 perpessi
1438 3469 1585 3536 adiabolo,
1595 3474 1642 3543 qui

109 3554 805 3628 ·scilicetadhucperegrinus‚divesautemquau·
847 3574 897 3629 per
908 3556 1035 3612 membra
1049 3574 1101 3611 sua
1114 3556 1224 3611 diverso
1237 3555 1319 3610 modo
1346 3573 1393 3611 eos
1416 3558 1532 3624 cruciat,
1553 3561 1643 3616 reclu-

111 3647 180 3703 ciris
194 3646 433 3716 iuturustpauper
446 3649 559 3698 terrena
573 3641 802 3706 commoratione,
846 3648 916 3701 dens
929 3647 958 3700 iu
969 3644 1138 3709 carceribus,
1153 3651 1180 3698 et
1190 3643 1307 3698 dirersis
1317 3661 1350 3698 ac
1363 3645 1446 3699 ratiis
1455 3646 1643 3704 tribulationi·

109 3740 181 3792 teate
190 3733 444 3807 praedestinatione.
457 3733 490 3786 Et
505 3732 703 3800 blasphemaris
713 3731 747 3783 ab
762 3729 805 3784 ais
846 3733 898 3788 bus
910 3733 1044 3788 alliciens.
1063 3733 1144 3796 Quod
1167 3737 1263 3786 autem
1286 3749 1341 3787 aon
1362 3733 1403 3786 ait
1417 3751 1423 3788 ι
1439 3733 1577 3791 llissurus
1600 3743 1643 3792 est

109 3824 419 3888 ticuntessetudaos‚et
432 3820 805 3887 noasunt,sedsuatspno·
846 3821 974 3875 diabolus
992 3837 1040 3874 vos
1064 3820 1093 3874 ia
1116 3835 1268 3883 carcerem,
1293 3821 1342 3874 sed
1363 3836 1395 3874 ex
1419 3820 1506 3889 robis,
1528 3840 1584 3879 noa
1606 3826 1642 3880 ad

109 3920 209 3970 utana.
219 3913 277 3966 lloc
287 3928 344 3965 non
356 3908 532 3966 solummodo
542 3909 670 3962 adunam
682 3906 805 3978 pertinet
846 3925 929 3964 omne
943 3925 1044 3981 carpus
1060 3908 1151 3979 angeli
1166 3907 1297 3979 pertinet,
1314 3908 1388 3979 quad
1402 3915 1512 3965 constat
1531 3929 1563 3967 ex
1575 3930 1643 3968 san·

109 4018 216 4060 aaroni
229 4000 384 4065 ecclesiam,
395 3999 444 4053 sed
456 3997 627 4068 generaliter
641 3996 677 4051 ad
691 4012 803 4050 emnem
846 3999 898 4054 ctis
913 4004 942 4053 et
954 3997 1090 4069 reprobis,
1104 3997 1152 4051 sed
1168 3997 1230 4051 illos
1243 3996 1301 4050 salt
1313 3996 1442 4068 intelligi,
1455 4000 1503 4070 qui
1513 4017 1547 4054 ex
1556 4001 1642 4057 illatis

109 4109 166 4158 am,
181 4108 243 4162 quae
262 4089 352 4144 estin
371 4088 501 4143 universo
521 4086 636 4148 mundo,
653 4102 713 4157 quse
732 4090 761 4139 et
774 4085 802 4139 in
845 4086 1074 4142 tribulationibus
1090 4085 1207 4141 victores
1230 4085 1368 4139 exsistunt
1383 4104 1389 4141 :
1407 4087 1455 4158 qui
1475 4087 1538 4144 ideo
1557 4090 1644 4148 triba·

112 4180 207 4237 sloois
221 4185 251 4234 et
262 4179 290 4232 iu
306 4183 365 4232 toto
384 4177 452 4231 orbe
470 4175 682 4246 blasphematur
700 4172 736 4227 ab
754 4173 805 4227 im·
846 4177 983 4230 latitaret
995 4174 1158 4246 probentur,
1173 4173 1236 4227 ideo
1249 4172 1404 4244 probantur
1419 4181 1450 4230 ut
1462 4184 1640 4236 coronentur.

109 4262 179 4326 nise
194 4269 292 4323 dicunt
309 4283 370 4321 esse
390 4266 511 4329 iudaeae,
525 4271 553 4318 et
572 4279 628 4318 noa
647 4269 722 4328 sunt,
739 4262 806 4334 quia
845 4265 963 4321 Dicatur
974 4264 1070 4335 itaque
1086 4263 1185 4329 :Ecca
1200 4262 1228 4316 id
1243 4268 1286 4317 est
1299 4261 1327 4317 in
1351 4266 1481 4334 praesenti
1504 4271 1641 4341 tempora,

109 4353 541 4429 siuterpretaturcontitens,sed
551 4350 986 4454 suntcongregationmissurus
998 4361 1041 4406 est
1055 4351 1184 4407 diabolus
1199 4368 1249 4422 per
1271 4352 1398 4408 membra
1417 4371 1478 4418 sua,
1503 4357 1577 4414 sicut
1592 4360 1643 4416 tuit

109 4468 127 4507 e·
143 4450 198 4514 Qui
216 4449 291 4504 enim
312 4463 376 4501 vere
397 4447 547 4501 confitetur
574 4444 727 4509 Christum,
742 4444 801 4512 ipse
848 4445 932 4511 Nero,
944 4441 1121 4498 Domitianus
1135 4447 1164 4495 et
1175 4441 1268 4496 caeteri
1283 4457 1290 4497 :
1307 4441 1428 4498 errabis
1442 4445 1472 4498 in
1491 4463 1642 4520 carcerem,

109 4540 188 4596 treus.
199 4539 240 4593 De
254 4536 357 4592 talibus
373 4536 509 4590 Dominus
524 4534 608 4588 dicit:
622 4535 676 4600 Qui
690 4548 732 4585 rae
745 4548 806 4586 con·
847 4533 875 4588 id
887 4537 930 4587 est
943 4531 1106 4586 indiversus
1121 4530 1287 4585 afflictiones
1303 4549 1309 4584 z
1324 4536 1356 4585 ut
1369 4535 1526 4598 tentemini,
1539 4543 1642 4607 etpost

109 4630 195 4697 tuerit
209 4643 302 4681 aarum
315 4624 632 4690 liorainibusuoafitebor
643 4628 667 4675 et
682 4638 728 4688 eqo
742 4637 805 4674 eam
846 4622 1031 4676 tentationem
1042 4621 1161 4674 victores
1171 4620 1261 4674 eliecti
1271 4620 1453 4686 coronemini,
1462 4623 1543 4691 Juxta
1553 4626 1620 4681 illud
1632 4648 1638 4680 :

115 4723 200 4773 Patre
214 4732 272 4770 meo
287 4717 383 4785 talare.
402 4731 443 4768 ιιιι
456 4733 463 4780 ;
474 4716 537 4768 tue.
559 4715 622 4778 ιιι).
644 4710 804 4764 ludaeorum
846 4711 943 4763 Beatus
959 4712 1165 4778 uirquisutlrrt
1181 4711 1356 4763 latitationem
1375 4709 1441 4775 (lae.
1457 4717 1476 4776 1)
1492 4727 1497 4763 :
1514 4718 1543 4766 et
1557 4714 1642 4770 habe-

109 4806 211 4863 uminis
224 4804 364 4876 expressio
377 4802 540 4857 mediatoris
550 4800 687 4856 nostriest
697 4797 804 4853 coales—
845 4796 911 4851 bitis
924 4796 1135 4852 tribulationem
1149 4795 1247 4851 diebus
1270 4795 1375 4849 decem.
1391 4795 1445 4850 Per
1460 4796 1555 4854 decem
1580 4803 1641 4860 dies

109 4911 182 4968 :per
203 4897 255 4949 boc
273 4894 433 4965 quicunque
450 4889 671 4946 Christianitatis
692 4888 806 4943 nomine
846 4886 948 4957 quibus
962 4886 1085 4940 Ecclesia
1100 4885 1262 4951 tribulatur,
1275 4899 1372 4937 omnes
1392 4900 1515 4954 praesens
1529 4895 1642 4964 tempus

109 4990 167 5053 tar,
189 4983 375 5055 spiritualiter
400 4980 492 5035 ludaei
519 4979 704 5051 appellantur¹
723 4976 803 5041 Quod
845 4974 1021 5044 intelligitur,
1035 4975 1063 5028 in
1077 4990 1131 5044 quo
1144 4973 1275 5041 Decalagi
1290 4972 1424 5026 mandata
1435 4981 1501 5030 sunt
1514 4995 1642 5039 necessa·

120 5074 220 5144 utique
236 5072 324 5127 tudaei
337 5077 404 5125 tunc
422 5069 594 5140 geiseraliter
607 5067 801 5139 perdiderunt,
845 5063 896 5117 ria.
913 5063 1001 5141 Sicuti
1013 5063 1087 5117 enim
1104 5061 1189 5127 (verbi
1203 5060 1303 5131 gratia)
1325 5061 1441 5116 mittens
1454 5065 1573 5135 quilibet
1586 5071 1640 5126 im-

109 5162 275 5220 ›chi-istum
295 5164 478 5231 negaverunt,
499 5157 623 5212 dieentes
640 5175 645 5208 :
661 5158 741 5211 llatae
760 5169 805 5207 aa·
845 5158 959 5225 perator
973 5153 1077 5207 milites
1089 5155 1188 5206 contra
1211 5151 1315 5218 hostes,
1330 5150 1405 5204 omni
1422 5168 1527 5222 genere
1550 5175 1641 5216 armo-

133 5253 208 5306 uadc
233 5253 368 5317 sititoon.
387 5253 435 5313 ιι).
453 5247 561 5317 Quique
586 5245 669 5299 modo
696 5247 803 5314 aperte,
846 5260 908 5297 rum
924 5241 1026 5307 munit,
1050 5240 1090 5294 sic
1113 5240 1187 5294 Deus
1203 5237 1380 5309 omnipotens
1400 5241 1515 5298 mittens
1537 5248 1641 5306 electos

109 5342 222 5402 occulte,
239 5354 351 5409 seraper
373 5343 468 5390 autem
489 5334 571 5389 eorde
587 5332 737 5388 Ecclesiam
753 5330 804 5385 Dei
845 5349 911 5387 suos
928 5331 964 5385 ad
978 5329 1082 5384 bellum
1095 5328 1123 5381 in
1135 5329 1209 5382 hune
1226 5327 1374 5392 anundum,
1389 5334 1487 5382 eoittra
1500 5332 1640 5394 daemones

109 5421 803 5498 emantbdquorumsocietatempertiuentetiam
845 5421 888 5475 rel
902 5416 1186 5491 perversoshomines
1213 5415 1343 5485 Deculogi
1367 5418 1507 5475 mandatis
1528 5440 1577 5480 eos
1596 5427 1640 5480 in·

109 5515 504 5586 erietiani‚quiCl1ristianum
518 5529 619 5568 nornen
631 5511 744 5583 quidem
755 5511 802 5562 ha·
843 5511 937 5576 struit,
950 5507 1051 5580 quibus
1064 5504 1166 5561 neuuiti
1181 5505 1222 5579 eis
1232 5505 1363 5559 resistere
1375 5507 1494 5575 possint.
1510 5510 1544 5565 Et
1553 5529 1639 5584 quan·

109 5607 150 5664 ad
163 5621 250 5678 opera
260 5603 480 5659 Christianitatis
490 5619 546 5659 uon
557 5600 671 5658 liabent.
686 5599 726 5655 De
738 5597 802 5671 qui·
843 5597 1073 5667 diuDeealogum
1083 5593 1400 5664 habentueressarioin
1415 5595 1560 5664 procincto
1573 5607 1642 5658 saut
1739 5640 1747 5647 -

128 5705 263 5768 Peraea.
280 5703 397 5768 oxvu.
1481 5691 1519 5759 tt
