3818 6104
144 254 216 316 1007
368 226 557 311 iminonls
578 251 823 306 nntnunsrnr.
841 217 953 306 EPlSC.
972 250 1052 307 OPP.
1065 251 1158 306 PARS
1172 251 1195 306 1.
1211 281 1244 291 -
1260 250 1451 307 COMMEN‘l'.
1469 248 1567 308 BIBL.
1716 246 1781 306 lim

145 381 247 447 induti,
256 382 333 452 juxta
343 377 544 450 illudnpostoli
557 397 563 430 ε
576 379 708 444 Quotquot
720 377 854 443 baptizoti
867 379 939 441 estis,
950 377 973 435 A
984 392 1034 446 per
1047 380 1152 429 rectam
1165 375 1249 430 fldem
1257 376 1406 443 voluerint,
1412 376 1555 448 accipiant
1567 391 1671 429 manus
1682 376 1779 446 episco-

146 470 287 524 Christum
296 471 429 523 induistis
441 469 539 529 (Galat.
552 464 725 535 1v1l.lpsique
740 464 846 518 hubent
858 464 942 518 vesti·
983 480 1082 534 porum
1098 463 1316 534 impositionem,
1327 469 1469 534 quatenus
1481 463 1523 517 sic
1538 463 1651 534 possint
1664 464 1780 534 recipere

146 564 242 613 menta
255 558 330 623 alba,
346 557 369 611 si
384 556 516 610 inviolata
532 558 646 607 serrant
659 552 836 623 baptismatis
850 568 941 606 saera-
983 552 1117 623 Spiritum
1132 558 1260 606 sanctum
1275 568 1359 622 quern
1374 551 1570 623 perdiderunt.

145 651 251 700 menta.
265 646 299 699 Et
312 648 344 698 in
364 644 500 711 capitibus
524 656 620 695 comant
643 655 748 694 corona
761 655 861 694 iturea.
878 639 941 695 vidi
1017 642 1049 695 Et
1058 643 1088 694 in
1098 645 1239 709 conspectu
1249 642 1318 694 sedis
1326 645 1462 709 tonqicam
1473 642 1777 695 morcoitrcusnsintila

146 732 289 789 subaudis.
304 731 377 796 Quia
390 731 508 785 victores
527 729 669 799 accipiunt
681 744 813 782 coronam
828 728 941 799 quando
981 732 1122 798 crystalio.
1141 729 1218 783 Mare
1229 729 1353 801 appellat
1360 728 1775 800 luterem,legimusenimquod

144 821 323 893 triumphant
334 819 370 874 de
383 818 520 884 hostibus,
536 834 592 872 non
607 817 749 872 immerito
759 834 809 888 per
823 833 941 872 coronas
982 818 1115 873 Salomon
1126 817 1318 884 feeeritmare,
1326 819 1354 872 id
1373 823 1417 873 est
1427 819 1563 875 luterem.
1575 819 1633 873 Per
1644 834 1721 872 mare
1732 834 1774 872 aa·

142 915 305 964 sanctorum
320 925 439 979 regnum
453 912 482 962 et
500 905 691 961 remuneratio
710 905 879 976 intelligitur
892 922 940 960 eo·
981 910 1038 959 tem
1052 905 1188 960 debemus
1203 905 1361 976 intelligere
1372 906 1560 978 baptismum,
1571 910 1699 961 testante
1711 909 1774 978 Apo·

142 998 274 1069 rum,qui
286 997 429 1053 demortis
438 1001 554 1051 auctore
563 994 749 1064 triumphant.
761 994 815 1048 Sed
824 993 898 1049 sicut
911 995 941 1048 in
981 995 1062 1059 stolo.
1077 995 1124 1066 qui
1140 995 1210 1050 dicit
1225 1013 1231 1048 :
1249 997 1387 1064 Quoniam
1401 1002 1494 1065 potres
1514 999 1610 1050 nostri
1629 1010 1722 1050 omnes
1733 993 1773 1047 sut

144 1088 193 1143 illo
206 1088 337 1142 sedentes
343 1086 480 1157 judicant,
492 1085 532 1139 ita
540 1101 590 1155 per
605 1084 686 1137 illum
695 1082 839 1138 victoriam
851 1083 941 1155 possi·
981 1085 1052 1138 nubo
1066 1086 1193 1151 fuorunt,
1209 1090 1233 1139 et
1248 1101 1340 1139 omnes
1356 1086 1491 1152 baptizoti
1500 1090 1569 1138 surrt
1582 1088 1617 1138 in
1632 1085 1703 1138 nube
1715 1085 1772 1135 etin

142 1176 220 1244 dent,
235 1176 283 1247 qui
297 1174 365 1230 dicit
380 1189 386 1225 z
403 1175 544 1241 confidite,
558 1188 604 1241 epo
617 1173 672 1225 rici
690 1173 829 1225 rotundum
844 1172 935 1240 (ioan.
982 1175 1057 1226 rotari
1068 1175 1094 1239 (f
1107 1175 1167 1229 dor.
1179 1173 1216 1241 x).
1233 1173 1313 1227 Vitro
1326 1178 1420 1228 autem
1434 1178 1623 1243 comparatur
1636 1171 1711 1243 quod
1719 1186 1772 1242 per-

141 1265 345 1336 xvttPotestet
355 1259 727 1317 subaliointellectneadem
737 1259 861 1313 Ecclesia
871 1260 941 1330 frgu·
980 1262 1109 1333 spicuam
1118 1261 1326 1322 estmetallum,
1339 1265 1455 1333 propter
1469 1261 1629 1332 puritatem
1639 1261 1714 1325 fidei,
1723 1276 1771 1331 qua

142 1354 199 1408 rari
210 1353 240 1408 in
248 1351 349 1423 viginti
360 1355 481 1422 quatuor
491 1348 657 1404 senioribus.
673 1349 791 1402 Constat
807 1348 881 1402 enim
894 1348 939 1401 bic
980 1352 1008 1406 in
1021 1352 1160 1423 baptismo
1171 1352 1392 1417 demonstratur,
1401 1368 1466 1406 cum
1485 1350 1653 1422 baptizandi
1673 1349 1771 1405 credero

142 1458 278 1497 uumerus
292 1457 326 1495 ex
351 1439 463 1494 senario
485 1444 514 1492 et
540 1437 730 1508 quaternario,
751 1436 816 1507 quia
840 1443 941 1506 quater
980 1456 1009 1495 se
1023 1441 1052 1494 in
1063 1442 1151 1496 Deum
1168 1441 1280 1495 Patrem
1296 1447 1324 1494 et
1335 1439 1438 1495 Filium
1454 1446 1484 1495 et
1500 1440 1642 1511 Spiritum
1657 1446 1770 1493 sanctum

142 1530 203 1586 seni
215 1529 312 1600 viginti
328 1534 449 1599 quatuor
463 1530 538 1580 sunt.
549 1526 682 1580 Senarius
695 1524 859 1579 referturad
871 1542 939 1596 ope·
980 1529 1213 1584 fateantur.Mare
1223 1529 1344 1584 vitreum
1359 1529 1436 1583 intus
1444 1534 1473 1583 et
1483 1528 1555 1585 foris
1565 1529 1707 1599 splendet,
1718 1528 1770 1599 quia

41 1678 48 1685 ,
140 1619 290 1683 rationem,
307 1617 373 1688 quia
387 1633 435 1670 sex
448 1614 545 1669 diebus
560 1615 636 1668 Deus
650 1614 827 1684 omnipotens
844 1614 940 1669 omnia
980 1618 1063 1672 corde
1073 1618 1196 1673 creditur
1210 1617 1405 1689 adjustitiam,
1417 1634 1466 1672 ore
1478 1624 1578 1672 autem
1597 1617 1733 1671 confessio
1745 1618 1770 1670 it

136 1723 224 1779 opera
242 1722 293 1761 sua
313 1704 439 1776 perfecit,
471 1707 591 1758 etsexta
613 1702 658 1756 die
678 1708 763 1772 atque
777 1708 856 1757 sexta
869 1690 1596 1777 horassadsalutemNotanduruuutemquodidem
1606 1705 1769 1760 maresimilc

138 1796 282 1852 hominem
308 1793 437 1848 redemit.
461 1790 664 1856 Quaternarius
679 1807 744 1844 vero
765 1790 802 1844 ad
817 1796 938 1861 quatuor
979 1796 1111 1867 crystallo
1126 1795 1239 1850 dicitur.
1257 1795 1427 1866 Crystallum
1442 1796 1519 1850 enirn
1541 1811 1577 1850 ex
1596 1811 1674 1866 aqua
1690 1795 1768 1848 nasei·

138 1885 224 1939 libros
244 1883 333 1938 sancti
354 1880 497 1952 Evangelii
512 1879 643 1950 pertinet.
659 1879 732 1943 Quia
754 1896 820 1949 ergo
839 1886 937 1934 sancta
978 1889 1033 1950 tur,
1050 1890 1079 1938 et
1092 1885 1182 1938 multo
1205 1884 1311 1954 frigore
1334 1883 1457 1939 durescit
1471 1884 1507 1938 ad
1532 1884 1678 1954 lapidem;
1692 1883 1768 1937 itaet

138 1973 261 2029 Ecclesia
271 1972 328 2026 sive
340 1970 369 2025 in
379 1969 474 2024 Veteri
482 1968 662 2023 Testamenta
671 1968 729 2022 sive
743 1966 771 2021 in
782 1968 869 2034 Novo,
884 1969 935 2023 Dei
977 1973 1066 2027 sancti
1073 1972 1493 2044 pertribulationempraesentis
1500 1972 1566 2027 vitae
1572 1972 1610 2026 ad
1616 1972 1765 2026 firmitatem

136 2062 331 2134 operationem
346 2058 453 2124 recolit,
470 2064 498 2111 et
509 2063 670 2122 veneratur,
685 2061 715 2110 et
737 2055 823 2110 libros
845 2056 934 2111 sancti
976 2062 1176 2132 perducuntur.
1189 2062 1261 2116 Ante
1273 2062 1408 2116 thronum
1418 2061 1506 2132 igitur
1520 2067 1591 2117 sunt
1602 2068 1710 2133 septem
1722 2060 1767 2132 spi·

136 2149 281 2220 Evangelii
291 2147 535 2213 custodit,etrecte
542 2145 571 2200 in
578 2144 677 2214 viginti
687 2150 808 2215 quatuor
815 2146 934 2200 seniori·
975 2149 1047 2203 ritus
1060 2149 1121 2206 Dei.
1136 2155 1165 2204 et
1180 2166 1258 2204 mare
1273 2149 1394 2204 vitreum
1409 2150 1503 2204 simile
1519 2149 1668 2222 crystallo,
1679 2148 1765 2220 quiain

135 2232 935 2308 buscomprehenditur,veleerteproptervigintiquatuor
975 2237 1097 2292 Ecclesia
1119 2239 1316 2293 tantummodo
1339 2238 1421 2292 ardet
1445 2239 1571 2310 Spiritus
1600 2242 1765 2302 sanctus,et

135 2325 221 2381 libros
235 2325 346 2380 Veteris
357 2322 540 2386 Testamenti,
558 2322 659 2392 quibus
674 2322 765 2376 utitur
779 2323 932 2377 secundum
973 2325 1763 2398 Trinitatisbaptismatribuiturldeoquetideseleetorum

134 2410 933 2480 canonicamauctoritatem‚inquibusNovumTcstamen-
974 2414 1763 2484 manifestatur,vitaquaillorumconflatur.etasordibus

135 2504 243 2566 tumet
252 2517 286 2556 aa
300 2501 399 2572 quaein
409 2516 442 2554 eo
453 2499 593 2571 completa
603 2504 669 2553 sunt
680 2500 868 2570 praenuntiata
888 2515 932 2553 co·
972 2503 1102 2557 vitiorum
1116 2508 1262 2574 purgatur.
1275 2504 1307 2558 Et
1320 2507 1352 2557 in
1366 2506 1455 2558 cnidio
1469 2506 1553 2569 sedis,
1568 2509 1593 2559 et
1610 2508 1643 2558 in
1657 2506 1762 2559 circuito

132 2591 253 2664 gnoseit.
278 2589 358 2645 Unde
382 2594 410 2643 et
431 2587 609 2658 Evangelista
630 2586 698 2641 dicit
723 2589 818 2652 (ituro.
835 2592 880 2655 xr)
896 2587 931 2641 de
971 2593 1040 2645 sodis
1055 2597 1176 2659 quotuor
1189 2594 1340 2658 animatio,
1353 2597 1418 2646 onte
1432 2599 1456 2646 et
1475 2600 1553 2647 retro
1571 2595 1656 2662 pleno
1677 2594 1759 2646 ocutis.

130 2679 241 2735 duobus
255 2676 412 2733 latronibus
427 2677 551 2748 quicum
566 2676 685 2730 Domino
699 2683 766 2730 sunt
780 2676 904 2730 crucifixi
921 2694 927 2729 ε
971 2677 1047 2733 Nulli
1063 2679 1190 2744 dubium,
1207 2679 1275 2750 quin
1289 2679 1347 2734 haec
1360 2679 1496 2734 animalia
1510 2680 1666 2734 Dominum
1676 2680 1760 2734 Jesun

129 2768 194 2826 ideo
204 2769 257 2823 hoe
266 2768 416 2828 faetumut
426 2765 592 2836 impleretur
603 2764 757 2836 Scriptura,
770 2781 831 2834 quse
840 2764 927 2819 dicit:
970 2767 1114 2823 Christum
1132 2768 1301 2839 significent,
1322 2774 1351 2822 et
1368 2784 1466 2822 omrres
1485 2773 1613 2834 sanctos,
1635 2768 1759 2840 precipue

131 2855 166 2914 Et
181 2873 245 2913 curn
258 2857 365 2924 iniquis
380 2856 526 2923 deputatus
541 2858 577 2906 cst
593 2853 663 2922 (Iso.
680 2858 748 2916 tint.
970 2863 1092 2927 quatuor
1104 2857 1305 2926 Evangelistas,
1320 2856 1410 2929 quiin
1427 2856 1522 2911 medio
1538 2858 1616 2912 sedis
1631 2858 1700 2912 etin
1712 2858 1759 2911 cir·

167 2946 346 3002 Etdctltrono
356 2944 667 3013 procodcnttsulput·o,ot
678 2945 927 3003 eoccscttonitruo.
969 2946 1046 3000 cuitu
1062 2962 1122 3000 esse
1134 2946 1275 3011 dicuntur,
1292 2945 1357 3016 quia
1373 2945 1543 3017 incipientes
1555 2946 1593 3001 ab
1614 2946 1758 3001 Jerusalem

131 3036 263 3090 Thronus
282 3034 332 3091 Dei
351 3035 413 3106 ipsa
432 3039 474 3088 est
493 3032 646 3087 electorum
667 3033 798 3099 Ecclesia,
819 3033 854 3086 de
874 3001 1147 3104 quacpraedicando
1159 3034 1488 3104 perveneruntusquead
1503 3035 1678 3090 finesterrce.
1691 3035 1759 3090 teru-

130 3124 288 3196 procedunt
307 3123 428 3192 fulgura,
449 3121 478 3175 id
498 3127 541 3175 est
559 3122 640 3191 signa
659 3123 869 3188 miraculorum,
895 3121 929 3175 de
970 3121 1058 3175 salem
1074 3121 1178 3192 qnippe
1189 3121 1217 3175 in
1238 3121 1331 3176 medio
1350 3127 1394 3176 est
1412 3121 1488 3176 orbis
1508 3129 1605 3182 terrae.
1627 3124 1698 3178 sicut
1717 3138 1760 3193 per

130 3212 233 3284 quibus
246 3211 348 3266 dicitur
364 3229 369 3263 :
386 3213 547 3264 illuxerunt
558 3212 674 3276 sulpura
700 3215 747 3265 tuo
768 3212 829 3264 orbi
850 3216 929 3264 terra
969 3210 1136 3281 prophetam
1148 3215 1269 3264 testatur
1291 3210 1446 3266 Dominus:
1467 3212 1503 3264 In
1528 3213 1623 3265 modio
1646 3215 1758 3287 pontium

132 3303 214 3368 (Psoi,
239 3299 337 3367 Lxxvl).
359 3298 427 3361 Quas
449 3296 519 3350 bene
538 3297 694 3367 fulgoribus
717 3303 926 3368 comparantur,
966 3302 1048 3365 posui
1062 3315 1132 3360 curn,
1148 3304 1173 3352 ct
1188 3303 1219 3352 in
1234 3302 1356 3353 circuitu
1370 3303 1428 3367 ejus
1444 3305 1535 3353 terras
1547 3300 1660 3371 (Escclt.
1673 3301 1760 3367 v).Per

130 3388 198 3461 quia
207 3384 528 3443 terrentetilluminant.
537 3384 661 3455 Fulgura
671 3385 754 3438 etiam
766 3403 798 3438 cx
807 3386 928 3440 nubibus
969 3386 1064 3441 oeulos
1076 3394 1170 3441 autem
1186 3387 1362 3449 animalium,
1376 3387 1535 3442 divinarum
1559 3388 1758 3460 Scripturamm

130 3477 312 3532 descendunt.
321 3473 682 3544 etsanctiipsisuntnubes,
698 3473 745 3544 qui
759 3474 861 3545 pluunt
869 3491 929 3528 ver·
969 3481 1146 3530 sacramenta
1163 3476 1366 3546 significantur-
1386 3475 1475 3530 Plena
1494 3493 1563 3546 ergo
1592 3484 1661 3532 sunt
1683 3476 1758 3531 oculis

129 3566 173 3622 bis
182 3571 211 3620 et
218 3568 366 3620 coruscant
376 3561 527 3618 miraculis
540 3562 679 3616 Emittunt
692 3578 890 3633 quoquevoces
900 3569 929 3617 et
969 3561 1111 3629 animalia,
1121 3562 1188 3632 quia
1195 3568 1263 3633 quot
1272 3567 1339 3617 sunt
1348 3563 1555 3633 scripturarum
1564 3564 1758 3636 eloquia,quasi

128 3654 296 3722 tonitrua,ld
307 3658 350 3708 est
356 3651 440 3705 verba
449 3649 654 3723 praedicationis
663 3656 692 3704 et
701 3650 928 3706 comminationis
968 3657 1083 3705 totsunt
1092 3652 1378 3715 sanctorumlumina,
1391 3651 1544 3722 quibusilti
1555 3654 1644 3708 eorda
1655 3670 1758 3709 suorum

129 3743 271 3799 dicentes:
284 3741 379 3798 Omnis
387 3742 471 3795 orbo-r
481 3756 540 3808 qua
549 3755 605 3794 non
616 3740 683 3806 fucit
691 3741 817 3806 tricolum
826 3742 928 3794 bossunt
968 3739 1130 3794 illuminant
1141 3740 1313 3797 auditorum.
1326 3741 1399 3795 Ante
1410 3746 1439 3795 et
1452 3746 1531 3796 retro
1545 3743 1645 3798 oeulos
1656 3742 1758 3805 habent,

130 3835 270 3888 occidetur
283 3835 308 3885 ot
319 3832 351 3884 in
361 3832 451 3898 ionem
460 3831 588 3882 mittetur
599 3829 704 3896 (illottb.
714 3831 779 3890 xix).
787 3829 866 3883 Unde
874 3834 925 3883 est:
969 3828 1037 3899 quia
1048 3833 1107 3882 tam
1122 3828 1283 3900 dabisque
1294 3829 1452 3895 factasunt,
1463 3831 1599 3901 quamde
1610 3831 1645 3887 iis
1658 3849 1716 3904 qua
1728 3831 1760 3885 fa·

113 3929 117 3938 '
135 3923 187 3977 Vbs
198 3922 318 3976 tonitrui
327 3919 370 3972 tui
381 3918 572 3984 inroto(t⁰sol.
588 3917 692 3986 nxxvv).
705 3916 739 3970 Et
747 3916 853 3987 quiade
863 3917 928 3972 sede
949 3918 952 3923 ’
968 3917 1066 3971 cienda
1074 3918 1317 3984 contionabatur.
1330 3918 1476 3974 llaecenim
1485 3920 1628 3975 orationis
1635 3919 1760 3992 particula

130 4007 199 4066 dicit
211 4026 216 4063 :
228 4007 386 4065 Procadunt
400 4005 514 4077 fulgura
528 4010 557 4059 et
569 4020 649 4060 voces
669 4012 698 4059 et
711 4005 847 4071 tonitrua,
864 4022 927 4060 cum
971 4006 1459 4079 aliquandopropraeteritoponitur,
1471 4014 1505 4063 ut
1522 4014 1569 4063 est
1586 4010 1658 4065 illud
1670 4029 1675 4063 :
1687 4014 1759 4066 dnn·

130 4097 189 4154 hec
200 4113 256 4153 non
264 4096 333 4161 sedi,
346 4095 395 4150 sed
405 4093 526 4149 nubibus
538 4093 714 4157 conveniant,
726 4094 817 4164 ipsam
832 4095 928 4149 sedem
969 4097 1202 4163 qnotnrlbroltom
1209 4099 1294 4164 floret,
1304 4112 1350 4164 epo
1358 4113 1420 4150 sum
1431 4097 1524 4167 (ioan.
1537 4096 1759 4170 rrlr).Aliqnando

131 4188 234 4244 nubem
247 4187 308 4241 vult
321 4183 440 4254 intelligi
454 4183 489 4237 de
504 4198 559 4253 qua
569 4181 684 4249 hebrea,
696 4182 808 4253 fulgura
820 4188 848 4237 et
857 4185 929 4238 toni·
970 4183 1497 4257 veroprofuturo,utestilludllpostoli
1506 4187 1758 4256 :iinuinquodrctro

130 4282 196 4332 trna
210 4274 372 4346 procedunt·
388 4273 421 4326 Et
436 4276 534 4339 septam
555 4273 693 4340 tampades
715 4273 842 4326 ordmtcs
864 4272 1005 4331 unthcst
1020 4274 1187 4338 obliviscens,
1204 4277 1237 4327 in
1250 4277 1315 4328 onte
1327 4290 1369 4326 nu
1381 4273 1759 4346 estcmto(Plritip.r11).Ante

133 4367 339 4430 tironumque
347 4362 640 4429 suntscptonospiritus
651 4360 823 4430 flci.Septem
833 4366 927 4415 autem
969 4360 1064 4432 itaque
1075 4366 1104 4414 et
1115 4368 1191 4416 retro
1201 4361 1335 4416 animalia
1344 4362 1427 4433 plena
1439 4368 1508 4417 sunt
1516 4364 1618 4425 oculis,
1636 4365 1700 4436 quia
1707 4378 1758 4434 per·

131 4452 248 4524 spiritus
258 4449 390 4504 dicuntur
399 4464 464 4502 curn
475 4462 549 4501 unus
558 4447 604 4512 sit,
614 4453 729 4518 propter
736 4448 928 4519 septiformem
969 4448 1040 4503 fecte
1047 4449 1158 4504 Veteris
1169 4468 1201 4504 ac
1211 4450 1281 4505 Novi
1288 4450 1464 4505 Testamenti
1478 4451 1614 4508 universa
1627 4453 1757 4508 confluent

130 4542 263 4616 gratiam,
276 4556 337 4610 quse
347 4554 432 4610 super
442 4536 592 4591 Dominum
602 4536 771 4609 requievisse
784 4543 926 4604 narratur,
969 4544 1227 4610 sacramentaque
1240 4539 1345 4595 scilicet
1359 4539 1556 4612 principaliter
1565 4543 1654 4597 trium
1664 4548 1756 4614 tempo

131 4634 241 4690 dicente
249 4628 550 4702 propbetazlloquicscct
559 4641 642 4693 stipor
650 4628 928 4693 cumspiritnsltomi·
969 4644 1033 4682 rum
1053 4644 1151 4683 causas
1170 4635 1313 4691 enarrant,
1322 4629 1349 4684 id
1365 4635 1409 4684 est
1421 4630 1572 4700 praeteriti,
1584 4631 1756 4702 praesentiant

131 4723 293 4792 ni,spiritus
302 4719 413 4773 consilii
422 4722 446 4770 et
455 4717 641 4783 fortitudinis,
650 4718 891 4783 spiritusscicntia
903 4721 928 4771 et
967 4717 1065 4770 faturi-
1076 4716 1111 4770 Et
1124 4717 1180 4771 alia
1195 4717 1308 4787 quidem
1319 4716 1464 4790 prcedicta,
1478 4718 1537 4773 alia
1547 4720 1755 4791 autenrjamim·

127 4813 249 4883 pietatis,
261 4812 287 4861 ct
296 4806 479 4874 reptibilium
490 4806 607 4870 spiritus
623 4805 730 4856 timoris
740 4805 854 4858 llonnni
862 4807 924 4869 (iso.
967 4804 1053 4876 pleta,
1071 4804 1127 4858 alia
1138 4821 1203 4859 vero
1216 4805 1308 4860 adhuc
1320 4804 1464 4877 implenda
1478 4808 1667 4877 pronuntiant
1681 4828 1687 4863 :
1700 4822 1754 4880 pra·

130 4903 178 4965 xi).
194 4899 270 4952 Bene
295 4899 389 4949 autem
410 4891 587 4964 lampadibus
610 4895 790 4961 comparatur
806 4892 928 4962 Spiritus
968 4893 1042 4949 dictn
1058 4894 1164 4948 scilicet
1177 4895 1312 4966 mysteria
1322 4893 1474 4950 Dominicve
1488 4895 1702 4963 incarnationis,
1713 4896 1752 4950 im

129 4991 253 5052 sanctus,
269 4984 336 5055 quia
349 4983 385 5037 ad
400 4981 451 5036 Dei
472 4996 597 5035 amorem
618 4984 729 5033 structos
744 4980 879 5045 accendit,
900 4986 929 5036 et
968 4982 1072 5054 pletum
1084 4984 1142 5053 jam
1156 4984 1281 5054 ejusdem
1295 4984 1595 5055 Redemptorisnostri
1610 4985 1751 5059 dispositio·

130 5074 237 5130 lumine
252 5072 317 5126 ndei
328 5070 480 5137 illuminat,
492 5086 527 5122 ne
537 5069 646 5123 ferveam
657 5068 759 5122 erroris
771 5068 925 5125 incurrant.
968 5087 1043 5135 nem,
1054 5071 1226 5142 implendam
1238 5088 1302 5127 rere
1310 5071 1548 5145 justorumatque
1558 5074 1706 5147 impiorum
1715 5087 1750 5126 se·

130 5160 254 5231 Lampas
266 5159 370 5229 quippe
386 5157 491 5222 Graece,
510 5158 625 5210 flamma
636 5155 740 5209 dicitur
753 5156 863 5222 Latine,
881 5174 927 5212 ne·
967 5159 1152 5228 parationem·
1164 5160 1342 5214 Concordant
1355 5165 1451 5215 autem
1465 5160 1520 5216 sibi
1534 5162 1586 5217 isti
1597 5163 1680 5225 oculi,
1698 5158 1748 5231 qua

131 5266 185 5321 que
200 5247 267 5302 alibi
285 5246 340 5300 nisi
362 5252 427 5300 ante
449 5247 583 5300 thronum
607 5245 691 5311 lucet,
709 5245 774 5315 quia
797 5246 927 5301 videlicet
968 5247 1042 5317 quod
1052 5248 1125 5301 lucet
1136 5247 1164 5301 in
1174 5248 1267 5303 Veteri
1278 5248 1531 5315 Testamento,hoc
1540 5250 1631 5322 fulget
1640 5251 1668 5305 in
1676 5249 1746 5304 Noro.

129 5340 266 5414 Spiritum
281 5341 408 5392 sanctum
421 5334 524 5388 habere
541 5352 597 5389 riou
619 5342 744 5406 possunt,
765 5334 925 5405 quicunque
966 5335 1018 5390 Vel
1028 5336 1317 5392 certeanimaliaante
1327 5344 1356 5393 et
1369 5345 1445 5393 retro
1457 5341 1555 5395 oculos
1566 5339 1677 5395 habeut.
1695 5334 1746 5408 qna

129 5438 208 5487 extra
222 5426 373 5484 Ecclesiam
387 5429 463 5486 sunt.
477 5422 550 5477 sicut
559 5424 692 5478 baeretici.
706 5424 785 5478 Unde
799 5431 828 5478 et
839 5424 868 5479 in
877 5440 925 5478 ca·
967 5440 1064 5479 omnes
1077 5424 1156 5479 electi
1175 5425 1382 5497 redemptorem
1405 5442 1490 5482 suum
1512 5434 1543 5482 et
1561 5428 1712 5500 iudicatum
1722 5423 1744 5476 in

128 5518 250 5577 nasibus
261 5515 374 5584 dicitur,
385 5519 420 5570 ut
426 5512 451 5569 si
458 5512 529 5569 tales
538 5512 641 5569 iterum
652 5513 781 5569 Ecclesia
791 5513 925 5585 conjungi
965 5513 1057 5585 primo
1072 5513 1241 5570 humilitatis
1255 5532 1313 5572 sua
1326 5516 1459 5587 adventu,
1474 5521 1504 5574 et
1520 5511 1743 5589 judicaturunia
