<?xml version="1.0" encoding="UTF-8"?>
<!DOCTYPE html PUBLIC "-//W3C//DTD XHTML 1.0 Transitional//EN"
    "http://www.w3.org/TR/xhtml1/DTD/xhtml1-transitional.dtd">
<html xmlns="http://www.w3.org/1999/xhtml" xml:lang="en" lang="en">
 <head>
  <title>
</title>
<meta http-equiv="Content-Type" content="text/html;charset=utf-8" />
  <meta name='ocr-system' content='tesseract 3.04.00' />
  <meta name='ocr-capabilities' content='ocr_page ocr_carea ocr_par ocr_line ocrx_word'/>
</head>
<body>
  <div class='ocr_page' id='page_1' title='image "./patrologiaecurs31unkngoog_0329.png"; bbox 0 0 3818 6104; ppageno 0'>
   <div class='ocr_carea' id='block_1_1' title="bbox 130 247 1754 338">
    <p class='ocr_par' dir='ltr' id='par_1_1' title="bbox 130 247 1754 338">
     <span class='ocr_line' id='line_1_1' title="bbox 130 247 1754 338; baseline 0.004 -28"><span class='ocrx_word' id='word_1_1' title='bbox 130 254 182 312; x_wconf 76' lang='lat'>6⁴7</span> <span class='ocrx_word' id='word_1_2' title='bbox 343 252 534 310; x_wconf 74' lang='lat' dir='ltr'>Hermonis</span> <span class='ocrx_word' id='word_1_3' title='bbox 552 247 797 307; x_wconf 72' lang='lat' dir='ltr'>mutasset.</span> <span class='ocrx_word' id='word_1_4' title='bbox 818 248 931 306; x_wconf 83' lang='lat' dir='ltr'>EPISG.</span> <span class='ocrx_word' id='word_1_5' title='bbox 952 249 1032 306; x_wconf 87' lang='lat' dir='ltr'><strong>OPP.</strong></span> <span class='ocrx_word' id='word_1_6' title='bbox 1053 250 1145 307; x_wconf 85' lang='lat' dir='ltr'>PARS</span> <span class='ocrx_word' id='word_1_7' title='bbox 1163 249 1187 305; x_wconf 92' lang='lat'>1.</span> <span class='ocrx_word' id='word_1_8' title='bbox 1208 278 1240 293; x_wconf 96' lang='lat'>-</span> <span class='ocrx_word' id='word_1_9' title='bbox 1260 248 1449 309; x_wconf 72' lang='lat' dir='ltr'>nomm.</span> <span class='ocrx_word' id='word_1_10' title='bbox 1469 251 1571 338; x_wconf 59' lang='lat' dir='ltr'>ntum</span> <span class='ocrx_word' id='word_1_11' title='bbox 1712 253 1754 317; x_wconf 74' lang='lat' dir='ltr'>bii</span> 
     </span>
    </p>
   </div>
   <div class='ocr_carea' id='block_1_2' title="bbox 127 370 1784 5318">
    <p class='ocr_par' dir='ltr' id='par_1_2' title="bbox 127 370 1784 5318">
     <span class='ocr_line' id='line_1_2' title="bbox 128 370 1753 451; baseline -0.001 -16"><span class='ocrx_word' id='word_1_12' title='bbox 128 375 620 451; x_wconf 83' lang='lat' dir='ltr'>stantiaetemporalisvelmercedem</span> <span class='ocrx_word' id='word_1_13' title='bbox 629 372 755 444; x_wconf 89' lang='lat' dir='ltr'>ejusdem</span> <span class='ocrx_word' id='word_1_14' title='bbox 763 370 927 428; x_wconf 81' lang='lat' dir='ltr'>substantiae</span> <span class='ocrx_word' id='word_1_15' title='bbox 935 375 960 434; x_wconf 84' lang='grc' dir='ltr'>Α</span> <span class='ocrx_word' id='word_1_16' title='bbox 969 372 1107 429; x_wconf 87' lang='lat' dir='ltr'>dicatores</span> <span class='ocrx_word' id='word_1_17' title='bbox 1119 390 1228 429; x_wconf 89' lang='lat' dir='ltr'>sumus.</span> <span class='ocrx_word' id='word_1_18' title='bbox 1239 374 1278 429; x_wconf 85' lang='lat' dir='ltr'>Ea</span> <span class='ocrx_word' id='word_1_19' title='bbox 1291 375 1447 432; x_wconf 88' lang='lat' dir='ltr'>intentione</span> <span class='ocrx_word' id='word_1_20' title='bbox 1456 383 1487 433; x_wconf 87' lang='lat' dir='ltr'>et</span> <span class='ocrx_word' id='word_1_21' title='bbox 1498 377 1682 449; x_wconf 87' lang='lat' dir='ltr'>simplicitate</span> <span class='ocrx_word' id='word_1_22' title='bbox 1688 378 1753 437; x_wconf 84' lang='lat' dir='ltr'>debet</span> 
     </span>
     <span class='ocr_line' id='line_1_3' title="bbox 128 461 1752 540; baseline 0.001 -16"><span class='ocrx_word' id='word_1_23' title='bbox 128 468 284 524; x_wconf 75' lang='lat' dir='ltr'>distributae</span> <span class='ocrx_word' id='word_1_24' title='bbox 295 485 356 540; x_wconf 81' lang='lat' dir='ltr'>quae</span> <span class='ocrx_word' id='word_1_25' title='bbox 362 466 479 538; x_wconf 87' lang='lat' dir='ltr'>largitas</span> <span class='ocrx_word' id='word_1_26' title='bbox 488 465 559 518; x_wconf 90' lang='lat' dir='ltr'>bene</span> <span class='ocrx_word' id='word_1_27' title='bbox 567 461 679 534; x_wconf 87' lang='lat' dir='ltr'>justitia</span> <span class='ocrx_word' id='word_1_28' title='bbox 688 461 926 533; x_wconf 87' lang='lat' dir='ltr'>appellatur:quia</span> <span class='ocrx_word' id='word_1_29' title='bbox 966 462 1050 516; x_wconf 91' lang='lat' dir='ltr'>homo</span> <span class='ocrx_word' id='word_1_30' title='bbox 1063 463 1270 535; x_wconf 80' lang='lat' dir='ltr'><strong>eleemosynam</strong></span> <span class='ocrx_word' id='word_1_31' title='bbox 1282 463 1456 536; x_wconf 80' lang='lat' dir='ltr'><strong>impendere,</strong></span> <span class='ocrx_word' id='word_1_32' title='bbox 1465 471 1498 521; x_wconf 93' lang='lat' dir='ltr'>ut</span> <span class='ocrx_word' id='word_1_33' title='bbox 1508 483 1569 523; x_wconf 93' lang='lat' dir='ltr'>non</span> <span class='ocrx_word' id='word_1_34' title='bbox 1577 467 1752 539; x_wconf 75' lang='lat' dir='ltr'>quercetum</span> 
     </span>
     <span class='ocr_line' id='line_1_4' title="bbox 127 549 1750 628; baseline 0 -16"><span class='ocrx_word' id='word_1_35' title='bbox 127 559 235 628; x_wconf 86' lang='lat' dir='ltr'>justum</span> <span class='ocrx_word' id='word_1_36' title='bbox 247 563 299 622; x_wconf 86' lang='lat' dir='ltr'>est,</span> <span class='ocrx_word' id='word_1_37' title='bbox 316 561 350 611; x_wconf 91' lang='lat' dir='ltr'>ut</span> <span class='ocrx_word' id='word_1_38' title='bbox 362 556 519 610; x_wconf 89' lang='lat' dir='ltr'>sicutterra</span> <span class='ocrx_word' id='word_1_39' title='bbox 533 551 663 606; x_wconf 90' lang='lat' dir='ltr'>omnibus</span> <span class='ocrx_word' id='word_1_40' title='bbox 680 549 842 604; x_wconf 85' lang='lat' dir='ltr'>hominibus</span> <span class='ocrx_word' id='word_1_41' title='bbox 852 565 926 604; x_wconf 90' lang='lat' dir='ltr'>eom·</span> <span class='ocrx_word' id='word_1_42' title='bbox 967 550 1020 604; x_wconf 91' lang='lat' dir='ltr'>sibi</span> <span class='ocrx_word' id='word_1_43' title='bbox 1035 549 1193 621; x_wconf 90' lang='lat' dir='ltr'>subjectum</span> <span class='ocrx_word' id='word_1_44' title='bbox 1207 551 1300 607; x_wconf 82' lang='lat' dir='ltr'>tacere</span> <span class='ocrx_word' id='word_1_45' title='bbox 1315 554 1361 608; x_wconf 92' lang='lat' dir='ltr'>cui</span> <span class='ocrx_word' id='word_1_46' title='bbox 1374 554 1487 619; x_wconf 81' lang='lat' dir='ltr'>tribuit,</span> <span class='ocrx_word' id='word_1_47' title='bbox 1502 572 1599 627; x_wconf 91' lang='lat' dir='ltr'>neque</span> <span class='ocrx_word' id='word_1_48' title='bbox 1608 555 1713 612; x_wconf 89' lang='lat' dir='ltr'>lauden</span> <span class='ocrx_word' id='word_1_49' title='bbox 1723 559 1750 614; x_wconf 85' lang='lat' dir='ltr'>ab</span> 
     </span>
     <span class='ocr_line' id='line_1_5' title="bbox 129 638 1279 711; baseline -0.003 -11"><span class='ocrx_word' id='word_1_50' title='bbox 129 647 252 702; x_wconf 85' lang='lat' dir='ltr'>munitor</span> <span class='ocrx_word' id='word_1_51' title='bbox 271 662 288 699; x_wconf 89' lang='lat' dir='ltr'>a</span> <span class='ocrx_word' id='word_1_52' title='bbox 303 646 361 700; x_wconf 89' lang='lat' dir='ltr'>Deo</span> <span class='ocrx_word' id='word_1_53' title='bbox 376 644 443 697; x_wconf 91' lang='lat' dir='ltr'>data</span> <span class='ocrx_word' id='word_1_54' title='bbox 457 655 500 696; x_wconf 88' lang='lat' dir='ltr'>est</span> <span class='ocrx_word' id='word_1_55' title='bbox 524 641 558 694; x_wconf 91' lang='lat' dir='ltr'>ad</span> <span class='ocrx_word' id='word_1_56' title='bbox 576 639 786 711; x_wconf 90' lang='lat' dir='ltr'>possidendum,</span> <span class='ocrx_word' id='word_1_57' title='bbox 806 644 836 692; x_wconf 91' lang='lat' dir='ltr'>et</span> <span class='ocrx_word' id='word_1_58' title='bbox 854 639 927 693; x_wconf 89' lang='lat' dir='ltr'>sicut</span> <span class='ocrx_word' id='word_1_59' title='bbox 967 638 1129 694; x_wconf 89' lang='lat' dir='ltr'>hominibus</span> <span class='ocrx_word' id='word_1_60' title='bbox 1144 656 1279 711; x_wconf 79' lang='lat' dir='ltr'>quaerere.</span> 
     </span>
     <span class='ocr_line' id='line_1_6' title="bbox 130 727 1750 802; baseline 0.001 -14"><span class='ocrx_word' id='word_1_61' title='bbox 130 735 206 790; x_wconf 89' lang='lat' dir='ltr'>calor</span> <span class='ocrx_word' id='word_1_62' title='bbox 215 735 281 788; x_wconf 88' lang='lat' dir='ltr'>solis</span> <span class='ocrx_word' id='word_1_63' title='bbox 293 734 430 787; x_wconf 90' lang='lat' dir='ltr'>ethumor</span> <span class='ocrx_word' id='word_1_64' title='bbox 437 731 593 802; x_wconf 85' lang='lat' dir='ltr'>pluviarum</span> <span class='ocrx_word' id='word_1_65' title='bbox 602 727 733 783; x_wconf 89' lang='lat' dir='ltr'>omnibus</span> <span class='ocrx_word' id='word_1_66' title='bbox 740 727 927 782; x_wconf 90' lang='lat' dir='ltr'>communiter</span> <span class='ocrx_word' id='word_1_67' title='bbox 1003 728 1192 795; x_wconf 77' lang='lat' dir='ltr'>Glorificantes</span> <span class='ocrx_word' id='word_1_68' title='bbox 1205 731 1291 784; x_wconf 83' lang='lat' dir='ltr'>Deum</span> <span class='ocrx_word' id='word_1_69' title='bbox 1305 732 1507 788; x_wconf 83' lang='lat' dir='ltr'>inobedientia</span> <span class='ocrx_word' id='word_1_70' title='bbox 1527 735 1701 801; x_wconf 80' lang='lat' dir='ltr'>consessionis</span> <span class='ocrx_word' id='word_1_71' title='bbox 1720 752 1750 791; x_wconf 90' lang='lat' dir='ltr'>ce·</span> 
     </span>
     <span class='ocr_line' id='line_1_7' title="bbox 128 815 1749 894; baseline 0.001 -17"><span class='ocrx_word' id='word_1_72' title='bbox 128 822 262 877; x_wconf 81' lang='lat' dir='ltr'>tribuitur</span> <span class='ocrx_word' id='word_1_73' title='bbox 276 838 293 874; x_wconf 89' lang='lat' dir='ltr'>a</span> <span class='ocrx_word' id='word_1_74' title='bbox 307 821 374 878; x_wconf 81' lang='lat' dir='ltr'>Deo,</span> <span class='ocrx_word' id='word_1_75' title='bbox 391 821 431 873; x_wconf 89' lang='lat' dir='ltr'>ita</span> <span class='ocrx_word' id='word_1_76' title='bbox 447 819 533 874; x_wconf 91' lang='lat' dir='ltr'>etiam</span> <span class='ocrx_word' id='word_1_77' title='bbox 549 835 610 888; x_wconf 81' lang='lat' dir='ltr'>quae</span> <span class='ocrx_word' id='word_1_78' title='bbox 626 818 656 872; x_wconf 94' lang='lat' dir='ltr'>in</span> <span class='ocrx_word' id='word_1_79' title='bbox 682 823 760 872; x_wconf 87' lang='lat' dir='ltr'>terra</span> <span class='ocrx_word' id='word_1_80' title='bbox 782 816 832 870; x_wconf 86' lang='lat' dir='ltr'>Dei</span> <span class='ocrx_word' id='word_1_81' title='bbox 853 816 928 891; x_wconf 84' lang='lat' dir='ltr'>dono</span> <span class='ocrx_word' id='word_1_82' title='bbox 967 815 1749 894; x_wconf 78' lang='lat' dir='ltr'>slr·c.0bedientiaconfessionempraestathominiquando</span> 
     </span>
     <span class='ocr_line' id='line_1_8' title="bbox 129 904 1750 982; baseline 0.001 -17"><span class='ocrx_word' id='word_1_83' title='bbox 129 909 486 974; x_wconf 89' lang='lat' dir='ltr'>nascuntur,communiter</span> <span class='ocrx_word' id='word_1_84' title='bbox 498 906 929 979; x_wconf 86' lang='lat' dir='ltr'>dispensenturetrommuniter</span> <span class='ocrx_word' id='word_1_85' title='bbox 969 904 1104 976; x_wconf 90' lang='lat' dir='ltr'>impletur</span> <span class='ocrx_word' id='word_1_86' title='bbox 1122 923 1128 958; x_wconf 95' lang='lat'><strong>:</strong></span> <span class='ocrx_word' id='word_1_87' title='bbox 1146 905 1213 976; x_wconf 89' lang='lat' dir='ltr'>quia</span> <span class='ocrx_word' id='word_1_88' title='bbox 1232 906 1393 963; x_wconf 86' lang='lat' dir='ltr'>licetlromo</span> <span class='ocrx_word' id='word_1_89' title='bbox 1407 909 1750 982; x_wconf 79' lang='lat' dir='ltr'>taceatcuiimperamr,ia</span> 
     </span>
     <span class='ocr_line' id='line_1_9' title="bbox 130 993 1750 1068; baseline 0.001 -14"><span class='ocrx_word' id='word_1_90' title='bbox 130 1005 256 1066; x_wconf 78' lang='lat' dir='ltr'>utantur:</span> <span class='ocrx_word' id='word_1_91' title='bbox 268 999 363 1054; x_wconf 72' lang='lat' dir='ltr'>ethaeo</span> <span class='ocrx_word' id='word_1_92' title='bbox 373 1004 416 1053; x_wconf 89' lang='lat' dir='ltr'>est</span> <span class='ocrx_word' id='word_1_93' title='bbox 427 997 548 1068; x_wconf 87' lang='lat' dir='ltr'>justitia,</span> <span class='ocrx_word' id='word_1_94' title='bbox 560 1002 593 1051; x_wconf 94' lang='lat' dir='ltr'>ut</span> <span class='ocrx_word' id='word_1_95' title='bbox 601 996 668 1067; x_wconf 91' lang='lat' dir='ltr'>quia</span> <span class='ocrx_word' id='word_1_96' title='bbox 677 996 752 1050; x_wconf 82' lang='lat' dir='ltr'>Deus</span> <span class='ocrx_word' id='word_1_97' title='bbox 763 995 831 1048; x_wconf 93' lang='lat' dir='ltr'>illud</span> <span class='ocrx_word' id='word_1_98' title='bbox 839 994 928 1065; x_wconf 89' lang='lat' dir='ltr'>gratis</span> <span class='ocrx_word' id='word_1_99' title='bbox 968 993 1022 1047; x_wconf 90' lang='lat' dir='ltr'>hoc</span> <span class='ocrx_word' id='word_1_100' title='bbox 1037 993 1111 1065; x_wconf 92' lang='lat' dir='ltr'>quod</span> <span class='ocrx_word' id='word_1_101' title='bbox 1122 993 1226 1061; x_wconf 90' lang='lat' dir='ltr'>obedit,</span> <span class='ocrx_word' id='word_1_102' title='bbox 1239 1011 1310 1066; x_wconf 93' lang='lat' dir='ltr'>opus</span> <span class='ocrx_word' id='word_1_103' title='bbox 1319 997 1382 1067; x_wconf 74' lang='lat' dir='ltr'>eius</span> <span class='ocrx_word' id='word_1_104' title='bbox 1392 998 1526 1061; x_wconf 87' lang='lat' dir='ltr'>ostendit,</span> <span class='ocrx_word' id='word_1_105' title='bbox 1536 1005 1566 1053; x_wconf 91' lang='lat' dir='ltr'>et</span> <span class='ocrx_word' id='word_1_106' title='bbox 1575 999 1750 1055; x_wconf 87' lang='lat' dir='ltr'>contitetaril·</span> 
     </span>
     <span class='ocr_line' id='line_1_10' title="bbox 130 1082 1750 1159; baseline 0.002 -18"><span class='ocrx_word' id='word_1_107' title='bbox 130 1087 189 1152; x_wconf 89' lang='lat' dir='ltr'>dat,</span> <span class='ocrx_word' id='word_1_108' title='bbox 202 1088 342 1143; x_wconf 90' lang='lat' dir='ltr'>retribuat</span> <span class='ocrx_word' id='word_1_109' title='bbox 355 1104 388 1142; x_wconf 85' lang='lat' dir='ltr'>ex</span> <span class='ocrx_word' id='word_1_110' title='bbox 402 1104 435 1142; x_wconf 92' lang='lat' dir='ltr'>eo</span> <span class='ocrx_word' id='word_1_111' title='bbox 452 1091 482 1141; x_wconf 89' lang='lat' dir='ltr'>et</span> <span class='ocrx_word' id='word_1_112' title='bbox 495 1086 590 1148; x_wconf 89' lang='lat' dir='ltr'>homo,</span> <span class='ocrx_word' id='word_1_113' title='bbox 607 1084 652 1140; x_wconf 93' lang='lat' dir='ltr'>cui</span> <span class='ocrx_word' id='word_1_114' title='bbox 668 1085 756 1139; x_wconf 81' lang='lat' dir='ltr'><strong>deest.</strong></span> <span class='ocrx_word' id='word_1_115' title='bbox 766 1084 928 1138; x_wconf 80' lang='lat' dir='ltr'>Notandum</span> <span class='ocrx_word' id='word_1_116' title='bbox 968 1082 1026 1136; x_wconf 94' lang='lat' dir='ltr'>lum</span> <span class='ocrx_word' id='word_1_117' title='bbox 1041 1099 1102 1137; x_wconf 87' lang='lat' dir='ltr'>esse</span> <span class='ocrx_word' id='word_1_118' title='bbox 1117 1083 1196 1138; x_wconf 85' lang='lat' dir='ltr'>valde</span> <span class='ocrx_word' id='word_1_119' title='bbox 1210 1082 1407 1153; x_wconf 68' lang='lat' dir='ltr'>obedientem</span> <span class='ocrx_word' id='word_1_120' title='bbox 1423 1085 1500 1141; x_wconf 78' lang='lat' dir='ltr'>verbi</span> <span class='ocrx_word' id='word_1_121' title='bbox 1523 1089 1621 1159; x_wconf 86' lang='lat' dir='ltr'>gratia</span> <span class='ocrx_word' id='word_1_122' title='bbox 1637 1105 1644 1142; x_wconf 92' lang='lat'>:</span> <span class='ocrx_word' id='word_1_123' title='bbox 1669 1087 1750 1145; x_wconf 74' lang='lat' dir='ltr'>Praei·</span> 
     </span>
     <span class='ocr_line' id='line_1_11' title="bbox 131 1170 1751 1249; baseline 0 -17"><span class='ocrx_word' id='word_1_124' title='bbox 131 1176 363 1249; x_wconf 89' lang='lat' dir='ltr'>quoddiciturde</span> <span class='ocrx_word' id='word_1_125' title='bbox 377 1177 437 1232; x_wconf 86' lang='lat' dir='ltr'>viro</span> <span class='ocrx_word' id='word_1_126' title='bbox 452 1180 559 1237; x_wconf 87' lang='lat' dir='ltr'>sancto,</span> <span class='ocrx_word' id='word_1_127' title='bbox 577 1173 625 1245; x_wconf 89' lang='lat' dir='ltr'>qui</span> <span class='ocrx_word' id='word_1_128' title='bbox 640 1174 774 1244; x_wconf 79' lang='lat' dir='ltr'>dispersit</span> <span class='ocrx_word' id='word_1_129' title='bbox 790 1178 819 1227; x_wconf 88' lang='lat' dir='ltr'>et</span> <span class='ocrx_word' id='word_1_130' title='bbox 832 1171 929 1228; x_wconf 84' lang='lat' dir='ltr'>divisit</span> <span class='ocrx_word' id='word_1_131' title='bbox 968 1171 1046 1241; x_wconf 89' lang='lat' dir='ltr'>pitur</span> <span class='ocrx_word' id='word_1_132' title='bbox 1059 1171 1143 1225; x_wconf 90' lang='lat' dir='ltr'>alicui</span> <span class='ocrx_word' id='word_1_133' title='bbox 1162 1170 1204 1226; x_wconf 91' lang='lat' dir='ltr'>ire</span> <span class='ocrx_word' id='word_1_134' title='bbox 1223 1177 1335 1227; x_wconf 89' lang='lat' dir='ltr'>tantum</span> <span class='ocrx_word' id='word_1_135' title='bbox 1349 1174 1379 1228; x_wconf 91' lang='lat' dir='ltr'>in</span> <span class='ocrx_word' id='word_1_136' title='bbox 1395 1174 1527 1242; x_wconf 90' lang='lat' dir='ltr'>ambone,</span> <span class='ocrx_word' id='word_1_137' title='bbox 1549 1175 1617 1231; x_wconf 90' lang='lat' dir='ltr'>licet</span> <span class='ocrx_word' id='word_1_138' title='bbox 1628 1175 1684 1247; x_wconf 88' lang='lat' dir='ltr'>ipse</span> <span class='ocrx_word' id='word_1_139' title='bbox 1696 1177 1751 1233; x_wconf 90' lang='lat' dir='ltr'>nibil</span> 
     </span>
     <span class='ocr_line' id='line_1_12' title="bbox 129 1259 1752 1338; baseline 0 -17"><span class='ocrx_word' id='word_1_140' title='bbox 129 1266 302 1338; x_wconf 82' lang='lat' dir='ltr'>pauperibus</span> <span class='ocrx_word' id='word_1_141' title='bbox 314 1264 501 1320; x_wconf 79' lang='lat' dir='ltr'>substantiam</span> <span class='ocrx_word' id='word_1_142' title='bbox 515 1262 568 1317; x_wconf 92' lang='lat' dir='ltr'>sibi</span> <span class='ocrx_word' id='word_1_143' title='bbox 580 1278 597 1315; x_wconf 91' lang='lat' dir='ltr'>a</span> <span class='ocrx_word' id='word_1_144' title='bbox 611 1263 670 1316; x_wconf 92' lang='lat' dir='ltr'>Deo</span> <span class='ocrx_word' id='word_1_145' title='bbox 683 1262 790 1324; x_wconf 90' lang='lat' dir='ltr'>datam,</span> <span class='ocrx_word' id='word_1_146' title='bbox 807 1277 840 1315; x_wconf 88' lang='lat' dir='ltr'>ao</span> <span class='ocrx_word' id='word_1_147' title='bbox 851 1259 929 1316; x_wconf 86' lang='lat' dir='ltr'>dedit</span> <span class='ocrx_word' id='word_1_148' title='bbox 969 1259 1145 1330; x_wconf 89' lang='lat' dir='ltr'>responderit</span> <span class='ocrx_word' id='word_1_149' title='bbox 1157 1259 1193 1326; x_wconf 89' lang='lat' dir='ltr'>ei,</span> <span class='ocrx_word' id='word_1_150' title='bbox 1210 1264 1349 1316; x_wconf 89' lang='lat' dir='ltr'>ettamen</span> <span class='ocrx_word' id='word_1_151' title='bbox 1362 1262 1427 1319; x_wconf 86' lang='lat' dir='ltr'>ierit</span> <span class='ocrx_word' id='word_1_152' title='bbox 1442 1270 1603 1330; x_wconf 88' lang='lat' dir='ltr'>cantatum,</span> <span class='ocrx_word' id='word_1_153' title='bbox 1615 1265 1676 1336; x_wconf 87' lang='lat' dir='ltr'>ipsa</span> <span class='ocrx_word' id='word_1_154' title='bbox 1683 1266 1752 1321; x_wconf 72' lang='lat' dir='ltr'>cani</span> 
     </span>
     <span class='ocr_line' id='line_1_13' title="bbox 130 1347 1753 1426; baseline -0.001 -16"><span class='ocrx_word' id='word_1_155' title='bbox 130 1355 301 1426; x_wconf 82' lang='lat' dir='ltr'>pauperibus</span> <span class='ocrx_word' id='word_1_156' title='bbox 310 1354 356 1425; x_wconf 90' lang='lat' dir='ltr'>qui</span> <span class='ocrx_word' id='word_1_157' title='bbox 367 1370 422 1407; x_wconf 90' lang='lat' dir='ltr'>non</span> <span class='ocrx_word' id='word_1_158' title='bbox 431 1352 537 1407; x_wconf 90' lang='lat' dir='ltr'>habent</span> <span class='ocrx_word' id='word_1_159' title='bbox 545 1351 651 1422; x_wconf 85' lang='lat' dir='ltr'>quodsi</span> <span class='ocrx_word' id='word_1_160' title='bbox 663 1350 848 1405; x_wconf 91' lang='lat' dir='ltr'>redderentin</span> <span class='ocrx_word' id='word_1_161' title='bbox 857 1366 928 1422; x_wconf 83' lang='lat' dir='ltr'>prae·</span> <span class='ocrx_word' id='word_1_162' title='bbox 969 1348 1034 1403; x_wconf 89' lang='lat' dir='ltr'>lena</span> <span class='ocrx_word' id='word_1_163' title='bbox 1047 1347 1178 1419; x_wconf 87' lang='lat' dir='ltr'>perhibet</span> <span class='ocrx_word' id='word_1_164' title='bbox 1198 1348 1224 1403; x_wconf 92' lang='lat' dir='ltr'>ei</span> <span class='ocrx_word' id='word_1_165' title='bbox 1237 1349 1430 1406; x_wconf 90' lang='lat' dir='ltr'>testimonium</span> <span class='ocrx_word' id='word_1_166' title='bbox 1445 1352 1624 1421; x_wconf 78' lang='lat' dir='ltr'>obedientias,</span> <span class='ocrx_word' id='word_1_167' title='bbox 1641 1359 1670 1408; x_wconf 91' lang='lat' dir='ltr'>et</span> <span class='ocrx_word' id='word_1_168' title='bbox 1682 1355 1753 1410; x_wconf 85' lang='lat' dir='ltr'>coni·</span> 
     </span>
     <span class='ocr_line' id='line_1_14' title="bbox 129 1437 1752 1511; baseline 0.001 -14"><span class='ocrx_word' id='word_1_169' title='bbox 129 1443 212 1508; x_wconf 89' lang='lat' dir='ltr'>senti,</span> <span class='ocrx_word' id='word_1_170' title='bbox 228 1448 257 1497; x_wconf 89' lang='lat' dir='ltr'>et</span> <span class='ocrx_word' id='word_1_171' title='bbox 269 1458 326 1496; x_wconf 91' lang='lat' dir='ltr'>non</span> <span class='ocrx_word' id='word_1_172' title='bbox 340 1440 474 1496; x_wconf 77' lang='lat' dir='ltr'>diuitibus</span> <span class='ocrx_word' id='word_1_173' title='bbox 489 1439 573 1508; x_wconf 88' lang='lat' dir='ltr'>hujus</span> <span class='ocrx_word' id='word_1_174' title='bbox 587 1438 690 1501; x_wconf 81' lang='lat' dir='ltr'>saculi,</span> <span class='ocrx_word' id='word_1_175' title='bbox 708 1454 725 1490; x_wconf 89' lang='lat' dir='ltr'>a</span> <span class='ocrx_word' id='word_1_176' title='bbox 742 1437 844 1509; x_wconf 91' lang='lat' dir='ltr'>quibus</span> <span class='ocrx_word' id='word_1_177' title='bbox 864 1453 930 1509; x_wconf 89' lang='lat' dir='ltr'>spe·</span> <span class='ocrx_word' id='word_1_178' title='bbox 970 1437 1137 1491; x_wconf 87' lang='lat' dir='ltr'>teturillum</span> <span class='ocrx_word' id='word_1_179' title='bbox 1157 1438 1239 1492; x_wconf 87' lang='lat' dir='ltr'>valde</span> <span class='ocrx_word' id='word_1_180' title='bbox 1257 1454 1319 1493; x_wconf 87' lang='lat' dir='ltr'>esse</span> <span class='ocrx_word' id='word_1_181' title='bbox 1342 1437 1534 1496; x_wconf 82' lang='lat' dir='ltr'>obedientem.</span> <span class='ocrx_word' id='word_1_182' title='bbox 1561 1444 1597 1496; x_wconf 86' lang='lat' dir='ltr'>In</span> <span class='ocrx_word' id='word_1_183' title='bbox 1624 1442 1752 1511; x_wconf 71' lang='lat' dir='ltr'>ammas</span> 
     </span>
     <span class='ocr_line' id='line_1_15' title="bbox 131 1525 1750 1601; baseline 0 -15"><span class='ocrx_word' id='word_1_184' title='bbox 131 1531 313 1586; x_wconf 89' lang='lat' dir='ltr'>rareteadem</span> <span class='ocrx_word' id='word_1_185' title='bbox 329 1531 432 1584; x_wconf 89' lang='lat' dir='ltr'>iterum</span> <span class='ocrx_word' id='word_1_186' title='bbox 447 1529 588 1600; x_wconf 89' lang='lat' dir='ltr'>autplura</span> <span class='ocrx_word' id='word_1_187' title='bbox 598 1527 721 1597; x_wconf 88' lang='lat' dir='ltr'>recipere</span> <span class='ocrx_word' id='word_1_188' title='bbox 737 1542 742 1576; x_wconf 92' lang='lat'>:</span> <span class='ocrx_word' id='word_1_189' title='bbox 760 1525 929 1597; x_wconf 90' lang='lat' dir='ltr'>etquoniam</span> <span class='ocrx_word' id='word_1_190' title='bbox 971 1541 1083 1596; x_wconf 92' lang='lat' dir='ltr'>quoque</span> <span class='ocrx_word' id='word_1_191' title='bbox 1096 1526 1200 1580; x_wconf 77' lang='lat' dir='ltr'>Christi</span> <span class='ocrx_word' id='word_1_192' title='bbox 1212 1526 1369 1596; x_wconf 86' lang='lat' dir='ltr'>glorilicate</span> <span class='ocrx_word' id='word_1_193' title='bbox 1387 1528 1478 1583; x_wconf 90' lang='lat' dir='ltr'>Deum</span> <span class='ocrx_word' id='word_1_194' title='bbox 1494 1529 1563 1600; x_wconf 90' lang='lat' dir='ltr'>quia</span> <span class='ocrx_word' id='word_1_195' title='bbox 1588 1531 1750 1601; x_wconf 75' lang='lat' dir='ltr'>Euangeliou</span> 
     </span>
     <span class='ocr_line' id='line_1_16' title="bbox 131 1613 1750 1690; baseline 0.001 -16"><span class='ocrx_word' id='word_1_196' title='bbox 131 1636 198 1674; x_wconf 89' lang='lat' dir='ltr'>usus</span> <span class='ocrx_word' id='word_1_197' title='bbox 211 1624 255 1673; x_wconf 90' lang='lat' dir='ltr'>est</span> <span class='ocrx_word' id='word_1_198' title='bbox 278 1622 417 1690; x_wconf 74' lang='lat' dir='ltr'>praecepto</span> <span class='ocrx_word' id='word_1_199' title='bbox 442 1615 555 1670; x_wconf 89' lang='lat' dir='ltr'><strong>Domini</strong></span> <span class='ocrx_word' id='word_1_200' title='bbox 576 1614 720 1669; x_wconf 91' lang='lat' dir='ltr'>dicentis:</span> <span class='ocrx_word' id='word_1_201' title='bbox 746 1617 835 1669; x_wconf 82' lang='lat' dir='ltr'>Facite</span> <span class='ocrx_word' id='word_1_202' title='bbox 855 1616 929 1669; x_wconf 86' lang='lat' dir='ltr'>vobis</span> <span class='ocrx_word' id='word_1_203' title='bbox 970 1614 1023 1669; x_wconf 90' lang='lat' dir='ltr'>boc</span> <span class='ocrx_word' id='word_1_204' title='bbox 1033 1613 1173 1684; x_wconf 73' lang='lat' dir='ltr'>praecipit:</span> <span class='ocrx_word' id='word_1_205' title='bbox 1185 1614 1279 1669; x_wconf 89' lang='lat' dir='ltr'>Facite</span> <span class='ocrx_word' id='word_1_206' title='bbox 1288 1614 1477 1672; x_wconf 84' lang='lat' dir='ltr'>robisamioos</span> <span class='ocrx_word' id='word_1_207' title='bbox 1492 1617 1528 1672; x_wconf 88' lang='lat' dir='ltr'>de</span> <span class='ocrx_word' id='word_1_208' title='bbox 1538 1634 1699 1674; x_wconf 89' lang='lat' dir='ltr'>mammona</span> <span class='ocrx_word' id='word_1_209' title='bbox 1709 1619 1750 1676; x_wconf 87' lang='lat' dir='ltr'>iai·</span> 
     </span>
     <span class='ocr_line' id='line_1_17' title="bbox 130 1703 1750 1780; baseline 0.002 -18"><span class='ocrx_word' id='word_1_210' title='bbox 130 1711 234 1762; x_wconf 82' lang='lat' dir='ltr'>arnicas</span> <span class='ocrx_word' id='word_1_211' title='bbox 248 1709 280 1761; x_wconf 86' lang='lat' dir='ltr'>de</span> <span class='ocrx_word' id='word_1_212' title='bbox 295 1721 456 1760; x_wconf 83' lang='lat' dir='ltr'>mammona</span> <span class='ocrx_word' id='word_1_213' title='bbox 470 1707 632 1773; x_wconf 87' lang='lat' dir='ltr'>iniquitatis</span> <span class='ocrx_word' id='word_1_214' title='bbox 649 1706 724 1769; x_wconf 83' lang='lat' dir='ltr'>(Luc.</span> <span class='ocrx_word' id='word_1_215' title='bbox 741 1703 810 1774; x_wconf 82' lang='lat' dir='ltr'>xvi),</span> <span class='ocrx_word' id='word_1_216' title='bbox 825 1703 960 1780; x_wconf 76' lang='lat' dir='ltr'>idcirooss</span> <span class='ocrx_word' id='word_1_217' title='bbox 971 1705 1099 1776; x_wconf 88' lang='lat' dir='ltr'>quitatis,</span> <span class='ocrx_word' id='word_1_218' title='bbox 1120 1710 1145 1758; x_wconf 91' lang='lat' dir='ltr'>et</span> <span class='ocrx_word' id='word_1_219' title='bbox 1168 1707 1200 1759; x_wconf 89' lang='lat' dir='ltr'>in</span> <span class='ocrx_word' id='word_1_220' title='bbox 1220 1708 1398 1774; x_wconf 78' lang='lat' dir='ltr'>simplicitate</span> <span class='ocrx_word' id='word_1_221' title='bbox 1411 1707 1504 1762; x_wconf 91' lang='lat' dir='ltr'>cordis</span> <span class='ocrx_word' id='word_1_222' title='bbox 1525 1709 1622 1774; x_wconf 77' lang='lat' dir='ltr'>resin,</span> <span class='ocrx_word' id='word_1_223' title='bbox 1637 1707 1750 1765; x_wconf 75' lang='lat' dir='ltr'>submit</span> 
     </span>
     <span class='ocr_line' id='line_1_18' title="bbox 127 1791 1749 1869; baseline 0.001 -18"><span class='ocrx_word' id='word_1_224' title='bbox 127 1797 240 1866; x_wconf 89' lang='lat' dir='ltr'>justitia</span> <span class='ocrx_word' id='word_1_225' title='bbox 254 1797 325 1866; x_wconf 87' lang='lat' dir='ltr'>ejus,</span> <span class='ocrx_word' id='word_1_226' title='bbox 346 1794 374 1849; x_wconf 95' lang='lat' dir='ltr'>id</span> <span class='ocrx_word' id='word_1_227' title='bbox 390 1801 434 1849; x_wconf 90' lang='lat' dir='ltr'>est</span> <span class='ocrx_word' id='word_1_228' title='bbox 444 1810 550 1848; x_wconf 91' lang='lat' dir='ltr'>meroes</span> <span class='ocrx_word' id='word_1_229' title='bbox 568 1793 708 1863; x_wconf 89' lang='lat' dir='ltr'>largitatis</span> <span class='ocrx_word' id='word_1_230' title='bbox 731 1793 792 1862; x_wconf 90' lang='lat' dir='ltr'>ejus</span> <span class='ocrx_word' id='word_1_231' title='bbox 807 1798 835 1847; x_wconf 94' lang='lat' dir='ltr'>et</span> <span class='ocrx_word' id='word_1_232' title='bbox 850 1791 931 1846; x_wconf 91' lang='lat' dir='ltr'>retri·</span> <span class='ocrx_word' id='word_1_233' title='bbox 969 1794 1126 1865; x_wconf 86' lang='lat' dir='ltr'>glorificate</span> <span class='ocrx_word' id='word_1_234' title='bbox 1139 1794 1240 1849; x_wconf 84' lang='lat' dir='ltr'>Deum.</span> <span class='ocrx_word' id='word_1_235' title='bbox 1257 1795 1298 1850; x_wconf 88' lang='lat' dir='ltr'>lle</span> <span class='ocrx_word' id='word_1_236' title='bbox 1312 1811 1369 1867; x_wconf 83' lang='lat' dir='ltr'>qua</span> <span class='ocrx_word' id='word_1_237' title='bbox 1388 1795 1572 1868; x_wconf 83' lang='lat' dir='ltr'>simplicitate</span> <span class='ocrx_word' id='word_1_238' title='bbox 1586 1797 1671 1869; x_wconf 88' lang='lat' dir='ltr'>paulo</span> <span class='ocrx_word' id='word_1_239' title='bbox 1684 1814 1749 1869; x_wconf 81' lang='lat' dir='ltr'>supra</span> 
     </span>
     <span class='ocr_line' id='line_1_19' title="bbox 131 1878 1103 1955; baseline -0.001 -17"><span class='ocrx_word' id='word_1_240' title='bbox 131 1883 209 1939; x_wconf 93' lang='lat' dir='ltr'>butio</span> <span class='ocrx_word' id='word_1_241' title='bbox 228 1883 317 1955; x_wconf 90' lang='lat' dir='ltr'>ipsius</span> <span class='ocrx_word' id='word_1_242' title='bbox 323 1881 441 1954; x_wconf 76' lang='lat' dir='ltr'>justitia</span> <span class='ocrx_word' id='word_1_243' title='bbox 454 1886 550 1935; x_wconf 88' lang='lat' dir='ltr'>manet</span> <span class='ocrx_word' id='word_1_244' title='bbox 559 1880 589 1934; x_wconf 94' lang='lat' dir='ltr'>in</span> <span class='ocrx_word' id='word_1_245' title='bbox 602 1879 819 1950; x_wconf 76' lang='lat' dir='ltr'>aeternum,quia</span> <span class='ocrx_word' id='word_1_246' title='bbox 833 1878 873 1933; x_wconf 91' lang='lat' dir='ltr'>ibi</span> <span class='ocrx_word' id='word_1_247' title='bbox 883 1894 931 1950; x_wconf 88' lang='lat' dir='ltr'>po·</span> <span class='ocrx_word' id='word_1_248' title='bbox 971 1883 1103 1937; x_wconf 85' lang='lat' dir='ltr'>diximus.</span> 
     </span>
     <span class='ocr_line' id='line_1_20' title="bbox 132 1967 1746 2046; baseline 0.002 -19"><span class='ocrx_word' id='word_1_249' title='bbox 132 1973 191 2028; x_wconf 91' lang='lat' dir='ltr'>suit</span> <span class='ocrx_word' id='word_1_250' title='bbox 203 1972 316 2027; x_wconf 90' lang='lat' dir='ltr'>divitias</span> <span class='ocrx_word' id='word_1_251' title='bbox 330 1988 406 2037; x_wconf 86' lang='lat' dir='ltr'>suas,</span> <span class='ocrx_word' id='word_1_252' title='bbox 416 1975 445 2024; x_wconf 90' lang='lat' dir='ltr'>et</span> <span class='ocrx_word' id='word_1_253' title='bbox 458 1969 498 2024; x_wconf 92' lang='lat' dir='ltr'>ibi</span> <span class='ocrx_word' id='word_1_254' title='bbox 513 1968 722 2035; x_wconf 84' lang='lat' dir='ltr'>thesaurizavit,</span> <span class='ocrx_word' id='word_1_255' title='bbox 729 1967 778 2022; x_wconf 89' lang='lat' dir='ltr'>ubi</span> <span class='ocrx_word' id='word_1_256' title='bbox 786 1968 863 2022; x_wconf 85' lang='lat' dir='ltr'>iures</span> <span class='ocrx_word' id='word_1_257' title='bbox 874 1983 931 2021; x_wconf 90' lang='lat' dir='ltr'>non</span> <span class='ocrx_word' id='word_1_258' title='bbox 1007 1973 1041 2026; x_wconf 84' lang='lat' dir='ltr'>lit</span> <span class='ocrx_word' id='word_1_259' title='bbox 1053 1974 1085 2025; x_wconf 87' lang='lat' dir='ltr'>in</span> <span class='ocrx_word' id='word_1_260' title='bbox 1097 1974 1222 2040; x_wconf 86' lang='lat' dir='ltr'>ipsorum</span> <span class='ocrx_word' id='word_1_261' title='bbox 1235 1974 1417 2029; x_wconf 78' lang='lat' dir='ltr'>obsecratione</span> <span class='ocrx_word' id='word_1_262' title='bbox 1430 1989 1483 2042; x_wconf 85' lang='lat' dir='ltr'>pro</span> <span class='ocrx_word' id='word_1_263' title='bbox 1497 1976 1573 2029; x_wconf 83' lang='lat' dir='ltr'>cobis</span> <span class='ocrx_word' id='word_1_264' title='bbox 1584 1974 1683 2046; x_wconf 88' lang='lat' dir='ltr'>quibus</span> <span class='ocrx_word' id='word_1_265' title='bbox 1695 1975 1746 2031; x_wconf 81' lang='lat' dir='ltr'>else·</span> 
     </span>
     <span class='ocr_line' id='line_1_21' title="bbox 130 2060 1745 2135; baseline 0.002 -20"><span class='ocrx_word' id='word_1_266' title='bbox 130 2061 275 2128; x_wconf 80' lang='lat' dir='ltr'>effodiunt,</span> <span class='ocrx_word' id='word_1_267' title='bbox 290 2060 494 2115; x_wconf 81' lang='lat' dir='ltr'>necfurantur.</span> <span class='ocrx_word' id='word_1_268' title='bbox 969 2077 1116 2132; x_wconf 88' lang='lat' dir='ltr'>mosynam</span> <span class='ocrx_word' id='word_1_269' title='bbox 1131 2060 1327 2132; x_wconf 71' lang='lat' dir='ltr'>praestiteritis,</span> <span class='ocrx_word' id='word_1_270' title='bbox 1343 2061 1501 2132; x_wconf 82' lang='lat' dir='ltr'>glorificate</span> <span class='ocrx_word' id='word_1_271' title='bbox 1523 2063 1625 2129; x_wconf 89' lang='lat' dir='ltr'>Deum,</span> <span class='ocrx_word' id='word_1_272' title='bbox 1641 2064 1703 2135; x_wconf 90' lang='lat' dir='ltr'>quia</span> <span class='ocrx_word' id='word_1_273' title='bbox 1717 2062 1745 2118; x_wconf 88' lang='lat' dir='ltr'>ili</span> 
     </span>
     <span class='ocr_line' id='line_1_22' title="bbox 167 2147 1632 2224; baseline 0.001 -20"><span class='ocrx_word' id='word_1_274' title='bbox 167 2151 221 2217; x_wconf 81' lang='lat' dir='ltr'>Qui</span> <span class='ocrx_word' id='word_1_275' title='bbox 230 2151 613 2204; x_wconf 84' lang='lat' dir='ltr'>autemadministratscmen</span> <span class='ocrx_word' id='word_1_276' title='bbox 625 2147 785 2209; x_wconf 81' lang='lat' dir='ltr'>seminanti,</span> <span class='ocrx_word' id='word_1_277' title='bbox 795 2150 819 2200; x_wconf 90' lang='lat' dir='ltr'>et</span> <span class='ocrx_word' id='word_1_278' title='bbox 826 2161 929 2213; x_wconf 88' lang='lat' dir='ltr'>panem</span> <span class='ocrx_word' id='word_1_279' title='bbox 970 2148 1156 2204; x_wconf 91' lang='lat' dir='ltr'>obsecrabunt</span> <span class='ocrx_word' id='word_1_280' title='bbox 1168 2156 1198 2205; x_wconf 88' lang='lat' dir='ltr'>et</span> <span class='ocrx_word' id='word_1_281' title='bbox 1210 2149 1365 2206; x_wconf 87' lang='lat' dir='ltr'>laudabunt</span> <span class='ocrx_word' id='word_1_282' title='bbox 1379 2151 1468 2207; x_wconf 87' lang='lat' dir='ltr'>Deum</span> <span class='ocrx_word' id='word_1_283' title='bbox 1480 2168 1531 2224; x_wconf 90' lang='lat' dir='ltr'>pro</span> <span class='ocrx_word' id='word_1_284' title='bbox 1544 2151 1632 2207; x_wconf 84' lang='lat' dir='ltr'>vobis.</span> 
     </span>
     <span class='ocr_line' id='line_1_23' title="bbox 131 2235 1449 2304; baseline 0.002 -11"><span class='ocrx_word' id='word_1_285' title='bbox 131 2239 168 2293; x_wconf 85' lang='lat' dir='ltr'>ad</span> <span class='ocrx_word' id='word_1_286' title='bbox 182 2239 409 2292; x_wconf 86' lang='lat' dir='ltr'>manducandum</span> <span class='ocrx_word' id='word_1_287' title='bbox 422 2237 573 2304; x_wconf 78' lang='lat' dir='ltr'>prestabit,</span> <span class='ocrx_word' id='word_1_288' title='bbox 590 2239 613 2289; x_wconf 91' lang='lat' dir='ltr'>et</span> <span class='ocrx_word' id='word_1_289' title='bbox 624 2235 821 2302; x_wconf 80' lang='lat' dir='ltr'>multiplicabit</span> <span class='ocrx_word' id='word_1_290' title='bbox 838 2249 929 2287; x_wconf 87' lang='lat' dir='ltr'>semen</span> <span class='ocrx_word' id='word_1_291' title='bbox 1288 2238 1405 2295; x_wconf 74' lang='lat' dir='ltr'>captu</span> <span class='ocrx_word' id='word_1_292' title='bbox 1413 2240 1449 2298; x_wconf 82' lang='lat' dir='ltr'>x.</span> 
     </span>
     <span class='ocr_line' id='line_1_24' title="bbox 131 2323 1744 2400; baseline 0.002 -19"><span class='ocrx_word' id='word_1_293' title='bbox 131 2331 263 2390; x_wconf 83' lang='lat' dir='ltr'>uestrum,</span> <span class='ocrx_word' id='word_1_294' title='bbox 282 2330 306 2379; x_wconf 91' lang='lat' dir='ltr'>et</span> <span class='ocrx_word' id='word_1_295' title='bbox 319 2326 428 2392; x_wconf 71' lang='lat' dir='ltr'>augebit</span> <span class='ocrx_word' id='word_1_296' title='bbox 445 2327 618 2378; x_wconf 83' lang='lat' dir='ltr'>incrementa</span> <span class='ocrx_word' id='word_1_297' title='bbox 631 2323 929 2390; x_wconf 74' lang='lat' dir='ltr'>[rupumjustitr‘aoe-</span> <span class='ocrx_word' id='word_1_298' title='bbox 1005 2328 1075 2394; x_wconf 79' lang='lat' dir='ltr'>Rapo</span> <span class='ocrx_word' id='word_1_299' title='bbox 1090 2331 1193 2394; x_wconf 82' lang='lat' dir='ltr'>autern,</span> <span class='ocrx_word' id='word_1_300' title='bbox 1205 2326 1341 2383; x_wconf 90' lang='lat' dir='ltr'>subaudis</span> <span class='ocrx_word' id='word_1_301' title='bbox 1354 2333 1388 2384; x_wconf 90' lang='lat' dir='ltr'>ut</span> <span class='ocrx_word' id='word_1_302' title='bbox 1405 2329 1563 2400; x_wconf 86' lang='lat' dir='ltr'>corrigatis,</span> <span class='ocrx_word' id='word_1_303' title='bbox 1582 2346 1638 2400; x_wconf 80' lang='lat' dir='ltr'>tus,</span> <span class='ocrx_word' id='word_1_304' title='bbox 1653 2345 1683 2385; x_wconf 84' lang='lat' dir='ltr'>nc</span> <span class='ocrx_word' id='word_1_305' title='bbox 1692 2344 1744 2399; x_wconf 81' lang='lat' dir='ltr'>pro·</span> 
     </span>
     <span class='ocr_line' id='line_1_25' title="bbox 131 2407 1743 2489; baseline 0.001 -19"><span class='ocrx_word' id='word_1_306' title='bbox 131 2421 203 2472; x_wconf 75' lang='lat' dir='ltr'>stra.</span> <span class='ocrx_word' id='word_1_307' title='bbox 214 2415 274 2468; x_wconf 89' lang='lat' dir='ltr'>lloc</span> <span class='ocrx_word' id='word_1_308' title='bbox 283 2411 559 2484; x_wconf 88' lang='lat' dir='ltr'>dupliciterintelligi</span> <span class='ocrx_word' id='word_1_309' title='bbox 568 2416 670 2482; x_wconf 89' lang='lat' dir='ltr'>potest,</span> <span class='ocrx_word' id='word_1_310' title='bbox 679 2416 707 2466; x_wconf 91' lang='lat' dir='ltr'>et</span> <span class='ocrx_word' id='word_1_311' title='bbox 715 2410 929 2481; x_wconf 85' lang='lat' dir='ltr'>juxtalitteram</span> <span class='ocrx_word' id='word_1_312' title='bbox 969 2432 1030 2471; x_wconf 86' lang='lat' dir='ltr'>sens</span> <span class='ocrx_word' id='word_1_313' title='bbox 1041 2407 1170 2481; x_wconf 65' lang='lat' dir='ltr'>numam,</span> <span class='ocrx_word' id='word_1_314' title='bbox 1181 2415 1314 2471; x_wconf 91' lang='lat' dir='ltr'>subaudis</span> <span class='ocrx_word' id='word_1_315' title='bbox 1327 2431 1376 2472; x_wconf 81' lang='lat' dir='ltr'>ros</span> <span class='ocrx_word' id='word_1_316' title='bbox 1387 2417 1561 2489; x_wconf 88' lang='lat' dir='ltr'>redarguere</span> <span class='ocrx_word' id='word_1_317' title='bbox 1577 2434 1627 2488; x_wconf 88' lang='lat' dir='ltr'>per</span> <span class='ocrx_word' id='word_1_318' title='bbox 1635 2434 1689 2472; x_wconf 87' lang='lat' dir='ltr'>ean</span> <span class='ocrx_word' id='word_1_319' title='bbox 1695 2433 1743 2471; x_wconf 86' lang='lat' dir='ltr'>ces·</span> 
     </span>
     <span class='ocr_line' id='line_1_26' title="bbox 131 2499 1740 2575; baseline -0.001 -16"><span class='ocrx_word' id='word_1_320' title='bbox 131 2510 160 2559; x_wconf 91' lang='lat' dir='ltr'>et</span> <span class='ocrx_word' id='word_1_321' title='bbox 168 2505 249 2575; x_wconf 84' lang='lat' dir='ltr'>juxta</span> <span class='ocrx_word' id='word_1_322' title='bbox 258 2502 414 2574; x_wconf 88' lang='lat' dir='ltr'>spiritalem</span> <span class='ocrx_word' id='word_1_323' title='bbox 423 2500 647 2571; x_wconf 82' lang='lat' dir='ltr'>intelligentiam.</span> <span class='ocrx_word' id='word_1_324' title='bbox 658 2499 844 2569; x_wconf 88' lang='lat' dir='ltr'>Omnipotens</span> <span class='ocrx_word' id='word_1_325' title='bbox 853 2499 928 2554; x_wconf 88' lang='lat' dir='ltr'>Deus</span> <span class='ocrx_word' id='word_1_326' title='bbox 970 2505 1124 2570; x_wconf 76' lang='lat' dir='ltr'>fidentiam,</span> <span class='ocrx_word' id='word_1_327' title='bbox 1132 2502 1160 2557; x_wconf 90' lang='lat' dir='ltr'>id</span> <span class='ocrx_word' id='word_1_328' title='bbox 1170 2507 1213 2557; x_wconf 90' lang='lat' dir='ltr'>est</span> <span class='ocrx_word' id='word_1_329' title='bbox 1222 2506 1430 2569; x_wconf 88' lang='lat' dir='ltr'>auctoritatem,</span> <span class='ocrx_word' id='word_1_330' title='bbox 1442 2522 1499 2574; x_wconf 89' lang='lat' dir='ltr'>qua</span> <span class='ocrx_word' id='word_1_331' title='bbox 1510 2508 1655 2561; x_wconf 72' lang='lat' dir='ltr'>existimor</span> <span class='ocrx_word' id='word_1_332' title='bbox 1664 2505 1740 2559; x_wconf 77' lang='lat' dir='ltr'>sudus</span> 
     </span>
     <span class='ocr_line' id='line_1_27' title="bbox 133 2587 1741 2664; baseline -0.001 -17"><span class='ocrx_word' id='word_1_333' title='bbox 133 2592 182 2664; x_wconf 92' lang='lat' dir='ltr'>qui</span> <span class='ocrx_word' id='word_1_334' title='bbox 194 2591 375 2647; x_wconf 89' lang='lat' dir='ltr'>administrat</span> <span class='ocrx_word' id='word_1_335' title='bbox 388 2588 496 2645; x_wconf 91' lang='lat' dir='ltr'>homini</span> <span class='ocrx_word' id='word_1_336' title='bbox 516 2605 612 2643; x_wconf 86' lang='lat' dir='ltr'>semen</span> <span class='ocrx_word' id='word_1_337' title='bbox 626 2588 662 2642; x_wconf 91' lang='lat' dir='ltr'>ad</span> <span class='ocrx_word' id='word_1_338' title='bbox 681 2588 888 2652; x_wconf 89' lang='lat' dir='ltr'>seminandum,</span> <span class='ocrx_word' id='word_1_339' title='bbox 905 2587 928 2642; x_wconf 86' lang='lat' dir='ltr'>si</span> <span class='ocrx_word' id='word_1_340' title='bbox 970 2594 1002 2644; x_wconf 83' lang='lat' dir='ltr'>iu</span> <span class='ocrx_word' id='word_1_341' title='bbox 1012 2592 1154 2658; x_wconf 84' lang='lat' dir='ltr'>quosdam,</span> <span class='ocrx_word' id='word_1_342' title='bbox 1165 2590 1299 2646; x_wconf 89' lang='lat' dir='ltr'>subaudis</span> <span class='ocrx_word' id='word_1_343' title='bbox 1310 2593 1359 2664; x_wconf 93' lang='lat' dir='ltr'>qui</span> <span class='ocrx_word' id='word_1_344' title='bbox 1370 2594 1741 2664; x_wconf 69' lang='lat' dir='ltr'>peccaveruntquiarbitma</span> 
     </span>
     <span class='ocr_line' id='line_1_28' title="bbox 131 2676 1739 2753; baseline -0.002 -16"><span class='ocrx_word' id='word_1_345' title='bbox 131 2679 409 2753; x_wconf 84' lang='lat' dir='ltr'>eleemosynaeluerit</span> <span class='ocrx_word' id='word_1_346' title='bbox 420 2677 541 2740; x_wconf 88' lang='lat' dir='ltr'>deditus,</span> <span class='ocrx_word' id='word_1_347' title='bbox 558 2678 617 2749; x_wconf 90' lang='lat' dir='ltr'>ipse</span> <span class='ocrx_word' id='word_1_348' title='bbox 632 2676 777 2749; x_wconf 70' lang='lat' dir='ltr'>prestabit</span> <span class='ocrx_word' id='word_1_349' title='bbox 787 2677 812 2732; x_wconf 91' lang='lat' dir='ltr'>ei</span> <span class='ocrx_word' id='word_1_350' title='bbox 827 2693 929 2748; x_wconf 89' lang='lat' dir='ltr'>panem</span> <span class='ocrx_word' id='word_1_351' title='bbox 972 2685 1020 2733; x_wconf 87' lang='lat' dir='ltr'>tur</span> <span class='ocrx_word' id='word_1_352' title='bbox 1035 2695 1084 2733; x_wconf 82' lang='lat' dir='ltr'>nos</span> <span class='ocrx_word' id='word_1_353' title='bbox 1099 2685 1234 2747; x_wconf 82' lang='lat' dir='ltr'>tanquam</span> <span class='ocrx_word' id='word_1_354' title='bbox 1246 2682 1398 2735; x_wconf 87' lang='lat' dir='ltr'>secundum</span> <span class='ocrx_word' id='word_1_355' title='bbox 1413 2697 1531 2737; x_wconf 80' lang='lat' dir='ltr'>mmem</span> <span class='ocrx_word' id='word_1_356' title='bbox 1542 2676 1739 2744; x_wconf 70' lang='lat' dir='ltr'>ambularuntid</span> 
     </span>
     <span class='ocr_line' id='line_1_29' title="bbox 132 2765 1739 2840; baseline -0.003 -13"><span class='ocrx_word' id='word_1_357' title='bbox 132 2769 403 2827; x_wconf 85' lang='lat' dir='ltr'>admanducandum</span> <span class='ocrx_word' id='word_1_358' title='bbox 413 2767 569 2832; x_wconf 85' lang='lat' dir='ltr'>exsemine,</span> <span class='ocrx_word' id='word_1_359' title='bbox 578 2772 606 2821; x_wconf 91' lang='lat' dir='ltr'>et</span> <span class='ocrx_word' id='word_1_360' title='bbox 617 2765 931 2838; x_wconf 89' lang='lat' dir='ltr'>multiplicabitsemina</span> <span class='ocrx_word' id='word_1_361' title='bbox 971 2773 1023 2833; x_wconf 87' lang='lat' dir='ltr'>est,</span> <span class='ocrx_word' id='word_1_362' title='bbox 1034 2773 1170 2839; x_wconf 90' lang='lat' dir='ltr'>tanquam</span> <span class='ocrx_word' id='word_1_363' title='bbox 1184 2769 1336 2824; x_wconf 84' lang='lat' dir='ltr'>carnaliter</span> <span class='ocrx_word' id='word_1_364' title='bbox 1349 2770 1487 2835; x_wconf 85' lang='lat' dir='ltr'>vivamus,</span> <span class='ocrx_word' id='word_1_365' title='bbox 1505 2777 1536 2827; x_wconf 89' lang='lat' dir='ltr'>et</span> <span class='ocrx_word' id='word_1_366' title='bbox 1559 2770 1676 2826; x_wconf 76' lang='lat' dir='ltr'>manalis</span> <span class='ocrx_word' id='word_1_367' title='bbox 1687 2783 1739 2840; x_wconf 82' lang='lat' dir='ltr'>pra·</span> 
     </span>
     <span class='ocr_line' id='line_1_30' title="bbox 133 2853 1213 2931; baseline -0.005 -16"><span class='ocrx_word' id='word_1_368' title='bbox 133 2861 195 2930; x_wconf 88' lang='lat' dir='ltr'>ejus</span> <span class='ocrx_word' id='word_1_369' title='bbox 209 2860 239 2914; x_wconf 94' lang='lat' dir='ltr'>in</span> <span class='ocrx_word' id='word_1_370' title='bbox 249 2866 337 2923; x_wconf 91' lang='lat' dir='ltr'>terra,</span> <span class='ocrx_word' id='word_1_371' title='bbox 349 2863 382 2912; x_wconf 93' lang='lat' dir='ltr'>ut</span> <span class='ocrx_word' id='word_1_372' title='bbox 399 2857 448 2929; x_wconf 92' lang='lat' dir='ltr'>qui</span> <span class='ocrx_word' id='word_1_373' title='bbox 460 2854 610 2911; x_wconf 83' lang='lat' dir='ltr'>seminavit</span> <span class='ocrx_word' id='word_1_374' title='bbox 621 2854 745 2926; x_wconf 92' lang='lat' dir='ltr'>quinque</span> <span class='ocrx_word' id='word_1_375' title='bbox 754 2853 930 2918; x_wconf 90' lang='lat' dir='ltr'>modios,col·</span> <span class='ocrx_word' id='word_1_376' title='bbox 944 2922 946 2931; x_wconf 32' lang='grc' dir='ltr'>Ι</span> <span class='ocrx_word' id='word_1_377' title='bbox 970 2859 1051 2927; x_wconf 91' lang='lat' dir='ltr'>cepta</span> <span class='ocrx_word' id='word_1_378' title='bbox 1066 2855 1213 2912; x_wconf 88' lang='lat' dir='ltr'>debemus.</span> 
     </span>
     <span class='ocr_line' id='line_1_31' title="bbox 131 2942 1737 3021; baseline -0.002 -18"><span class='ocrx_word' id='word_1_379' title='bbox 131 2949 202 3019; x_wconf 87' lang='lat' dir='ltr'>ligat</span> <span class='ocrx_word' id='word_1_380' title='bbox 215 2946 434 3018; x_wconf 88' lang='lat' dir='ltr'>quinquaginta:</span> <span class='ocrx_word' id='word_1_381' title='bbox 452 2945 500 3015; x_wconf 89' lang='lat' dir='ltr'>qui</span> <span class='ocrx_word' id='word_1_382' title='bbox 515 2944 623 3009; x_wconf 89' lang='lat' dir='ltr'>decem,</span> <span class='ocrx_word' id='word_1_383' title='bbox 635 2942 749 3013; x_wconf 91' lang='lat' dir='ltr'>colligat</span> <span class='ocrx_word' id='word_1_384' title='bbox 761 2947 884 2997; x_wconf 89' lang='lat' dir='ltr'>centum.</span> <span class='ocrx_word' id='word_1_385' title='bbox 896 2942 930 2996; x_wconf 85' lang='lat' dir='ltr'>lit</span> <span class='ocrx_word' id='word_1_386' title='bbox 1006 2946 1040 2999; x_wconf 89' lang='lat' dir='ltr'>In</span> <span class='ocrx_word' id='word_1_387' title='bbox 1046 2960 1130 2999; x_wconf 87' lang='lat' dir='ltr'>carne</span> <span class='ocrx_word' id='word_1_388' title='bbox 1138 2948 1214 3000; x_wconf 86' lang='lat' dir='ltr'>enim</span> <span class='ocrx_word' id='word_1_389' title='bbox 1224 2948 1407 3010; x_wconf 85' lang='lat' dir='ltr'>ambulantes,</span> <span class='ocrx_word' id='word_1_390' title='bbox 1417 2947 1447 3002; x_wconf 91' lang='lat' dir='ltr'>id</span> <span class='ocrx_word' id='word_1_391' title='bbox 1454 2947 1542 3011; x_wconf 74' lang='lat' dir='ltr'>estin</span> <span class='ocrx_word' id='word_1_392' title='bbox 1548 2962 1660 3021; x_wconf 85' lang='lat' dir='ltr'>corpore</span> <span class='ocrx_word' id='word_1_393' title='bbox 1667 2945 1737 3010; x_wconf 78' lang='lat' dir='ltr'>sitan,</span> 
     </span>
     <span class='ocr_line' id='line_1_32' title="bbox 132 3030 1784 3105; baseline -0.002 -16"><span class='ocrx_word' id='word_1_394' title='bbox 132 3035 332 3105; x_wconf 86' lang='lat' dir='ltr'>multiplicabit</span> <span class='ocrx_word' id='word_1_395' title='bbox 346 3039 500 3104; x_wconf 88' lang='lat' dir='ltr'>augmenta</span> <span class='ocrx_word' id='word_1_396' title='bbox 513 3033 625 3104; x_wconf 80' lang='lat' dir='ltr'>frugum</span> <span class='ocrx_word' id='word_1_397' title='bbox 640 3031 762 3101; x_wconf 80' lang='lat' dir='ltr'>justitiae</span> <span class='ocrx_word' id='word_1_398' title='bbox 775 3038 885 3101; x_wconf 79' lang='lat' dir='ltr'>vestrae,</span> <span class='ocrx_word' id='word_1_399' title='bbox 900 3030 929 3085; x_wconf 93' lang='lat' dir='ltr'>id</span> <span class='ocrx_word' id='word_1_400' title='bbox 970 3031 1105 3088; x_wconf 91' lang='lat' dir='ltr'>ducentes</span> <span class='ocrx_word' id='word_1_401' title='bbox 1116 3036 1332 3089; x_wconf 85' lang='lat' dir='ltr'>nonsecundum</span> <span class='ocrx_word' id='word_1_402' title='bbox 1338 3035 1736 3104; x_wconf 84' lang='lat' dir='ltr'>carnemmilitamus,idestnon</span> <span class='ocrx_word' id='word_1_403' title='bbox 1782 3054 1784 3059; x_wconf 57' lang='lat'><strong><em>¹</em></strong></span> 
     </span>
     <span class='ocr_line' id='line_1_33' title="bbox 135 3119 1784 3196; baseline -0.002 -19"><span class='ocrx_word' id='word_1_404' title='bbox 135 3127 178 3177; x_wconf 93' lang='lat' dir='ltr'>est</span> <span class='ocrx_word' id='word_1_405' title='bbox 186 3121 351 3178; x_wconf 76' lang='lat' dir='ltr'>substantia</span> <span class='ocrx_word' id='word_1_406' title='bbox 360 3127 470 3185; x_wconf 79' lang='lat' dir='ltr'>vestrm,</span> <span class='ocrx_word' id='word_1_407' title='bbox 482 3137 544 3191; x_wconf 74' lang='lat' dir='ltr'>quse</span> <span class='ocrx_word' id='word_1_408' title='bbox 554 3120 625 3174; x_wconf 88' lang='lat' dir='ltr'>bene</span> <span class='ocrx_word' id='word_1_409' title='bbox 636 3120 746 3190; x_wconf 87' lang='lat' dir='ltr'>justitia</span> <span class='ocrx_word' id='word_1_410' title='bbox 758 3119 928 3191; x_wconf 86' lang='lat' dir='ltr'>appellatur.</span> <span class='ocrx_word' id='word_1_411' title='bbox 970 3122 1121 3176; x_wconf 84' lang='lat' dir='ltr'>carnaliter</span> <span class='ocrx_word' id='word_1_412' title='bbox 1138 3121 1267 3187; x_wconf 87' lang='lat' dir='ltr'>vivimus,</span> <span class='ocrx_word' id='word_1_413' title='bbox 1299 3124 1348 3178; x_wconf 92' lang='lat' dir='ltr'>sed</span> <span class='ocrx_word' id='word_1_414' title='bbox 1375 3124 1553 3196; x_wconf 78' lang='lat' dir='ltr'>spiritaliter.</span> <span class='ocrx_word' id='word_1_415' title='bbox 1577 3120 1736 3195; x_wconf 75' lang='lat' dir='ltr'>Spiritaliter</span> <span class='ocrx_word' id='word_1_416' title='bbox 1782 3176 1784 3187; x_wconf 70' lang='grc'>,</span> 
     </span>
     <span class='ocr_line' id='line_1_34' title="bbox 131 3198 1784 3285; baseline -0.001 -20"><span class='ocrx_word' id='word_1_417' title='bbox 131 3210 236 3265; x_wconf 83' lang='lat' dir='ltr'>Aliter:</span> <span class='ocrx_word' id='word_1_418' title='bbox 250 3211 325 3265; x_wconf 88' lang='lat' dir='ltr'>Deus</span> <span class='ocrx_word' id='word_1_419' title='bbox 332 3209 380 3280; x_wconf 91' lang='lat' dir='ltr'>qui</span> <span class='ocrx_word' id='word_1_420' title='bbox 391 3208 570 3263; x_wconf 89' lang='lat' dir='ltr'>administrat</span> <span class='ocrx_word' id='word_1_421' title='bbox 579 3209 686 3262; x_wconf 79' lang='lat' dir='ltr'>honrini</span> <span class='ocrx_word' id='word_1_422' title='bbox 697 3224 792 3263; x_wconf 85' lang='lat' dir='ltr'>samen</span> <span class='ocrx_word' id='word_1_423' title='bbox 802 3207 838 3262; x_wconf 93' lang='lat' dir='ltr'>ad</span> <span class='ocrx_word' id='word_1_424' title='bbox 848 3207 930 3262; x_wconf 92' lang='lat' dir='ltr'>semi·</span> <span class='ocrx_word' id='word_1_425' title='bbox 971 3211 1047 3265; x_wconf 91' lang='lat' dir='ltr'>enim</span> <span class='ocrx_word' id='word_1_426' title='bbox 1056 3210 1122 3265; x_wconf 79' lang='lat' dir='ltr'>vivit</span> <span class='ocrx_word' id='word_1_427' title='bbox 1131 3216 1160 3265; x_wconf 92' lang='lat' dir='ltr'>et</span> <span class='ocrx_word' id='word_1_428' title='bbox 1170 3211 1274 3266; x_wconf 92' lang='lat' dir='ltr'>militat</span> <span class='ocrx_word' id='word_1_429' title='bbox 1285 3211 1333 3283; x_wconf 93' lang='lat' dir='ltr'>qui</span> <span class='ocrx_word' id='word_1_430' title='bbox 1344 3211 1411 3266; x_wconf 85' lang='lat' dir='ltr'>iacit</span> <span class='ocrx_word' id='word_1_431' title='bbox 1420 3212 1497 3285; x_wconf 93' lang='lat' dir='ltr'>quod</span> <span class='ocrx_word' id='word_1_432' title='bbox 1513 3213 1607 3284; x_wconf 87' lang='lat' dir='ltr'>placet</span> <span class='ocrx_word' id='word_1_433' title='bbox 1620 3213 1684 3278; x_wconf 81' lang='lat' dir='ltr'>lle03</span> <span class='ocrx_word' id='word_1_434' title='bbox 1696 3223 1736 3264; x_wconf 82' lang='lat' dir='ltr'>cor·</span> <span class='ocrx_word' id='word_1_435' title='bbox 1780 3198 1784 3245; x_wconf 74' lang='lat'>¹¹</span> 
     </span>
     <span class='ocr_line' id='line_1_35' title="bbox 132 3293 1736 3368; baseline 0.001 -15"><span class='ocrx_word' id='word_1_436' title='bbox 132 3299 267 3364; x_wconf 87' lang='lat' dir='ltr'>nandum,</span> <span class='ocrx_word' id='word_1_437' title='bbox 280 3298 308 3352; x_wconf 93' lang='lat' dir='ltr'>id</span> <span class='ocrx_word' id='word_1_438' title='bbox 321 3304 364 3352; x_wconf 91' lang='lat' dir='ltr'>est</span> <span class='ocrx_word' id='word_1_439' title='bbox 373 3295 559 3351; x_wconf 85' lang='lat' dir='ltr'>substantiam</span> <span class='ocrx_word' id='word_1_440' title='bbox 570 3297 753 3366; x_wconf 87' lang='lat' dir='ltr'>temporalem</span> <span class='ocrx_word' id='word_1_441' title='bbox 771 3296 845 3350; x_wconf 89' lang='lat' dir='ltr'>unde</span> <span class='ocrx_word' id='word_1_442' title='bbox 857 3296 929 3351; x_wconf 89' lang='lat' dir='ltr'>elae-</span> <span class='ocrx_word' id='word_1_443' title='bbox 969 3298 1073 3353; x_wconf 87' lang='lat' dir='ltr'>naliter</span> <span class='ocrx_word' id='word_1_444' title='bbox 1086 3303 1182 3353; x_wconf 90' lang='lat' dir='ltr'>autem</span> <span class='ocrx_word' id='word_1_445' title='bbox 1193 3299 1260 3354; x_wconf 82' lang='lat' dir='ltr'>vivit</span> <span class='ocrx_word' id='word_1_446' title='bbox 1273 3305 1303 3356; x_wconf 93' lang='lat' dir='ltr'>et</span> <span class='ocrx_word' id='word_1_447' title='bbox 1316 3301 1470 3356; x_wconf 89' lang='lat' dir='ltr'>secondum</span> <span class='ocrx_word' id='word_1_448' title='bbox 1480 3317 1596 3356; x_wconf 88' lang='lat' dir='ltr'>carnem</span> <span class='ocrx_word' id='word_1_449' title='bbox 1605 3293 1736 3368; x_wconf 75' lang='lat' dir='ltr'>militatqti</span> 
     </span>
     <span class='ocr_line' id='line_1_36' title="bbox 131 3383 1427 3461; baseline 0.002 -20"><span class='ocrx_word' id='word_1_450' title='bbox 131 3402 277 3458; x_wconf 83' lang='lat' dir='ltr'>mosynam</span> <span class='ocrx_word' id='word_1_451' title='bbox 291 3385 380 3457; x_wconf 88' lang='lat' dir='ltr'>possit</span> <span class='ocrx_word' id='word_1_452' title='bbox 397 3400 532 3455; x_wconf 83' lang='lat' dir='ltr'>erogare;</span> <span class='ocrx_word' id='word_1_453' title='bbox 550 3383 609 3455; x_wconf 91' lang='lat' dir='ltr'>ipse</span> <span class='ocrx_word' id='word_1_454' title='bbox 625 3383 722 3454; x_wconf 89' lang='lat' dir='ltr'>utiquc</span> <span class='ocrx_word' id='word_1_455' title='bbox 739 3384 766 3438; x_wconf 90' lang='lat' dir='ltr'>ei</span> <span class='ocrx_word' id='word_1_456' title='bbox 784 3383 929 3455; x_wconf 72' lang='lat' dir='ltr'>prestabit</span> <span class='ocrx_word' id='word_1_457' title='bbox 969 3387 1115 3442; x_wconf 89' lang='lat' dir='ltr'>desideriis</span> <span class='ocrx_word' id='word_1_458' title='bbox 1131 3387 1223 3442; x_wconf 89' lang='lat' dir='ltr'>carnis</span> <span class='ocrx_word' id='word_1_459' title='bbox 1242 3388 1427 3461; x_wconf 83' lang='lat' dir='ltr'>obtemperat.</span> 
     </span>
     <span class='ocr_line' id='line_1_37' title="bbox 132 3472 1734 3548; baseline -0.002 -18"><span class='ocrx_word' id='word_1_460' title='bbox 132 3476 162 3530; x_wconf 93' lang='lat' dir='ltr'>in</span> <span class='ocrx_word' id='word_1_461' title='bbox 178 3475 272 3530; x_wconf 86' lang='lat' dir='ltr'>loturo</span> <span class='ocrx_word' id='word_1_462' title='bbox 290 3490 393 3545; x_wconf 89' lang='lat' dir='ltr'>panem</span> <span class='ocrx_word' id='word_1_463' title='bbox 408 3473 444 3527; x_wconf 90' lang='lat' dir='ltr'>ad</span> <span class='ocrx_word' id='word_1_464' title='bbox 465 3472 703 3538; x_wconf 86' lang='lat' dir='ltr'>manducandum,</span> <span class='ocrx_word' id='word_1_465' title='bbox 716 3478 851 3527; x_wconf 79' lang='lat' dir='ltr'>aeternam</span> <span class='ocrx_word' id='word_1_466' title='bbox 876 3472 929 3527; x_wconf 89' lang='lat' dir='ltr'>sci·</span> <span class='ocrx_word' id='word_1_467' title='bbox 1004 3476 1166 3530; x_wconf 73' lang='lat' dir='ltr'>ll&#39;arncrma</span> <span class='ocrx_word' id='word_1_468' title='bbox 1181 3479 1408 3544; x_wconf 81' lang='lat' dir='ltr'>rnititianostrc,</span> <span class='ocrx_word' id='word_1_469' title='bbox 1420 3476 1524 3548; x_wconf 90' lang='lat' dir='ltr'>quibus</span> <span class='ocrx_word' id='word_1_470' title='bbox 1538 3478 1734 3533; x_wconf 86' lang='lat' dir='ltr'>militamuseon·</span> 
     </span>
     <span class='ocr_line' id='line_1_38' title="bbox 132 3561 1732 3635; baseline -0.001 -16"><span class='ocrx_word' id='word_1_471' title='bbox 132 3564 198 3619; x_wconf 90' lang='lat' dir='ltr'>licet</span> <span class='ocrx_word' id='word_1_472' title='bbox 207 3564 378 3622; x_wconf 87' lang='lat' dir='ltr'>satietatem,</span> <span class='ocrx_word' id='word_1_473' title='bbox 390 3579 452 3634; x_wconf 79' lang='lat' dir='ltr'>qum</span> <span class='ocrx_word' id='word_1_474' title='bbox 467 3562 523 3616; x_wconf 83' lang='lat' dir='ltr'>crit</span> <span class='ocrx_word' id='word_1_475' title='bbox 536 3561 604 3616; x_wconf 87' lang='lat' dir='ltr'>risio</span> <span class='ocrx_word' id='word_1_476' title='bbox 615 3561 825 3632; x_wconf 71' lang='lat' dir='ltr'>praesentissimi</span> <span class='ocrx_word' id='word_1_477' title='bbox 835 3562 929 3618; x_wconf 88' lang='lat' dir='ltr'>vultus</span> <span class='ocrx_word' id='word_1_478' title='bbox 969 3569 1014 3617; x_wconf 89' lang='lat' dir='ltr'>tra</span> <span class='ocrx_word' id='word_1_479' title='bbox 1019 3564 1201 3635; x_wconf 87' lang='lat' dir='ltr'>philosophos</span> <span class='ocrx_word' id='word_1_480' title='bbox 1211 3570 1240 3620; x_wconf 91' lang='lat' dir='ltr'>et</span> <span class='ocrx_word' id='word_1_481' title='bbox 1249 3571 1348 3619; x_wconf 89' lang='lat' dir='ltr'>contra</span> <span class='ocrx_word' id='word_1_482' title='bbox 1359 3564 1512 3632; x_wconf 72' lang='lat' dir='ltr'>damona,</span> <span class='ocrx_word' id='word_1_483' title='bbox 1520 3583 1578 3622; x_wconf 89' lang='lat' dir='ltr'>non</span> <span class='ocrx_word' id='word_1_484' title='bbox 1587 3572 1732 3622; x_wconf 84' lang='lat' dir='ltr'>suntccrm·</span> 
     </span>
     <span class='ocr_line' id='line_1_39' title="bbox 132 3649 1732 3725; baseline -0.001 -17"><span class='ocrx_word' id='word_1_485' title='bbox 132 3649 929 3725; x_wconf 77' lang='lat' dir='ltr'>omnipotentisDeiliequopanedicitDominusinEvan·</span> <span class='ocrx_word' id='word_1_486' title='bbox 971 3653 1019 3716; x_wconf 87' lang='lat' dir='ltr'>tie,</span> <span class='ocrx_word' id='word_1_487' title='bbox 1036 3652 1108 3707; x_wconf 92' lang='lat' dir='ltr'>sicut</span> <span class='ocrx_word' id='word_1_488' title='bbox 1122 3658 1165 3707; x_wconf 87' lang='lat' dir='ltr'>est</span> <span class='ocrx_word' id='word_1_489' title='bbox 1178 3652 1274 3720; x_wconf 90' lang='lat' dir='ltr'>lorica,</span> <span class='ocrx_word' id='word_1_490' title='bbox 1298 3654 1388 3725; x_wconf 82' lang='lat' dir='ltr'>galea,</span> <span class='ocrx_word' id='word_1_491' title='bbox 1407 3670 1514 3719; x_wconf 89' lang='lat' dir='ltr'>mucro,</span> <span class='ocrx_word' id='word_1_492' title='bbox 1531 3654 1623 3721; x_wconf 88' lang='lat' dir='ltr'>hasta,</span> <span class='ocrx_word' id='word_1_493' title='bbox 1642 3651 1732 3725; x_wconf 84' lang='lat' dir='ltr'>gladius,</span> 
     </span>
     <span class='ocr_line' id='line_1_40' title="bbox 130 3740 1734 3813; baseline -0.001 -17"><span class='ocrx_word' id='word_1_494' title='bbox 130 3742 222 3812; x_wconf 91' lang='lat' dir='ltr'>gelio:</span> <span class='ocrx_word' id='word_1_495' title='bbox 239 3744 336 3796; x_wconf 87' lang='lat' dir='ltr'>Beatus</span> <span class='ocrx_word' id='word_1_496' title='bbox 350 3743 400 3810; x_wconf 86' lang='lat' dir='ltr'>qui</span> <span class='ocrx_word' id='word_1_497' title='bbox 413 3740 594 3795; x_wconf 74' lang='lat' dir='ltr'>inanducabit</span> <span class='ocrx_word' id='word_1_498' title='bbox 614 3755 717 3808; x_wconf 88' lang='lat' dir='ltr'>panem</span> <span class='ocrx_word' id='word_1_499' title='bbox 737 3743 768 3793; x_wconf 90' lang='lat' dir='ltr'>in</span> <span class='ocrx_word' id='word_1_500' title='bbox 784 3755 867 3807; x_wconf 82' lang='lat' dir='ltr'>repas</span> <span class='ocrx_word' id='word_1_501' title='bbox 881 3741 930 3794; x_wconf 86' lang='lat' dir='ltr'>llci</span> <span class='ocrx_word' id='word_1_502' title='bbox 970 3742 1094 3813; x_wconf 89' lang='lat' dir='ltr'>clypeus,</span> <span class='ocrx_word' id='word_1_503' title='bbox 1106 3743 1327 3807; x_wconf 85' lang='lat' dir='ltr'>etcaeteratalia,</span> <span class='ocrx_word' id='word_1_504' title='bbox 1337 3744 1383 3797; x_wconf 88' lang='lat' dir='ltr'>sed</span> <span class='ocrx_word' id='word_1_505' title='bbox 1390 3746 1515 3811; x_wconf 85' lang='lat' dir='ltr'>potentia</span> <span class='ocrx_word' id='word_1_506' title='bbox 1524 3742 1734 3808; x_wconf 79' lang='lat' dir='ltr'>DeiQuidamco·</span> 
     </span>
     <span class='ocr_line' id='line_1_41' title="bbox 130 3822 1778 3903; baseline -0.001 -19"><span class='ocrx_word' id='word_1_507' title='bbox 130 3829 280 3902; x_wconf 64' lang='lat' dir='ltr'>(aaran).</span> <span class='ocrx_word' id='word_1_508' title='bbox 298 3830 333 3883; x_wconf 86' lang='lat' dir='ltr'>Et</span> <span class='ocrx_word' id='word_1_509' title='bbox 346 3829 496 3883; x_wconf 87' lang='lat' dir='ltr'>Psalmista</span> <span class='ocrx_word' id='word_1_510' title='bbox 511 3829 546 3883; x_wconf 91' lang='lat' dir='ltr'>de</span> <span class='ocrx_word' id='word_1_511' title='bbox 561 3827 659 3882; x_wconf 88' lang='lat' dir='ltr'>eadem</span> <span class='ocrx_word' id='word_1_512' title='bbox 678 3827 808 3882; x_wconf 85' lang='lat' dir='ltr'>satietate</span> <span class='ocrx_word' id='word_1_513' title='bbox 821 3845 827 3879; x_wconf 92' lang='lat'>:</span> <span class='ocrx_word' id='word_1_514' title='bbox 839 3828 930 3884; x_wconf 86' lang='lat' dir='ltr'>Setia·</span> <span class='ocrx_word' id='word_1_515' title='bbox 969 3822 1735 3903; x_wconf 81' lang='lat' dir='ltr'>diceshabent,potentiaDei,quidampotentiaileoquoi</span> <span class='ocrx_word' id='word_1_516' title='bbox 1775 3828 1778 3833; x_wconf 80' lang='grc'><strong>’</strong></span> 
     </span>
     <span class='ocr_line' id='line_1_42' title="bbox 131 3916 1735 3990; baseline 0 -16"><span class='ocrx_word' id='word_1_517' title='bbox 131 3922 189 3988; x_wconf 84' lang='lat' dir='ltr'>bor,</span> <span class='ocrx_word' id='word_1_518' title='bbox 205 3919 307 3990; x_wconf 90' lang='lat' dir='ltr'>inquit,</span> <span class='ocrx_word' id='word_1_519' title='bbox 323 3918 390 3972; x_wconf 91' lang='lat' dir='ltr'>dum</span> <span class='ocrx_word' id='word_1_520' title='bbox 411 3916 637 3972; x_wconf 80' lang='lat' dir='ltr'>manifestabitur</span> <span class='ocrx_word' id='word_1_521' title='bbox 655 3916 757 3971; x_wconf 78' lang='lat' dir='ltr'>animm</span> <span class='ocrx_word' id='word_1_522' title='bbox 773 3919 865 3985; x_wconf 75' lang='lat' dir='ltr'>gloria</span> <span class='ocrx_word' id='word_1_523' title='bbox 880 3921 929 3971; x_wconf 89' lang='lat' dir='ltr'>tua</span> <span class='ocrx_word' id='word_1_524' title='bbox 969 3917 1467 3990; x_wconf 81' lang='lat' dir='ltr'>utrumqueaccipipotestlrocmodo</span> <span class='ocrx_word' id='word_1_525' title='bbox 1479 3933 1485 3967; x_wconf 90' lang='lat'><strong>:</strong></span> <span class='ocrx_word' id='word_1_526' title='bbox 1495 3920 1735 3988; x_wconf 66' lang='lat' dir='ltr'>Armanostraqtt</span> 
     </span>
     <span class='ocr_line' id='line_1_43' title="bbox 130 4003 1735 4078; baseline -0.002 -16"><span class='ocrx_word' id='word_1_527' title='bbox 130 4010 216 4077; x_wconf 84' lang='lat' dir='ltr'>(Psoi.</span> <span class='ocrx_word' id='word_1_528' title='bbox 234 4012 300 4076; x_wconf 79' lang='lat' dir='ltr'>xxi).</span> <span class='ocrx_word' id='word_1_529' title='bbox 325 4007 361 4060; x_wconf 85' lang='lat' dir='ltr'>Et</span> <span class='ocrx_word' id='word_1_530' title='bbox 383 4021 439 4060; x_wconf 91' lang='lat' dir='ltr'>non</span> <span class='ocrx_word' id='word_1_531' title='bbox 454 4006 547 4060; x_wconf 92' lang='lat' dir='ltr'>solum</span> <span class='ocrx_word' id='word_1_532' title='bbox 568 4004 608 4059; x_wconf 92' lang='lat' dir='ltr'>ibi</span> <span class='ocrx_word' id='word_1_533' title='bbox 632 4003 778 4074; x_wconf 79' lang='lat' dir='ltr'>prestabit</span> <span class='ocrx_word' id='word_1_534' title='bbox 791 4009 929 4058; x_wconf 77' lang='lat' dir='ltr'>aeternam</span> <span class='ocrx_word' id='word_1_535' title='bbox 970 4011 1037 4060; x_wconf 92' lang='lat' dir='ltr'>sunt</span> <span class='ocrx_word' id='word_1_536' title='bbox 1049 4022 1129 4060; x_wconf 88' lang='lat' dir='ltr'>arma</span> <span class='ocrx_word' id='word_1_537' title='bbox 1140 4006 1359 4072; x_wconf 85' lang='lat' dir='ltr'>camalia,relut</span> <span class='ocrx_word' id='word_1_538' title='bbox 1367 4006 1552 4078; x_wconf 87' lang='lat' dir='ltr'>singulariter</span> <span class='ocrx_word' id='word_1_539' title='bbox 1566 4005 1735 4064; x_wconf 84' lang='lat' dir='ltr'>dicamuslico</span> 
     </span>
     <span class='ocr_line' id='line_1_44' title="bbox 131 4089 1735 4167; baseline -0.001 -17"><span class='ocrx_word' id='word_1_540' title='bbox 131 4096 302 4160; x_wconf 87' lang='lat' dir='ltr'>satietatem,</span> <span class='ocrx_word' id='word_1_541' title='bbox 318 4093 368 4148; x_wconf 89' lang='lat' dir='ltr'>sed</span> <span class='ocrx_word' id='word_1_542' title='bbox 382 4093 427 4148; x_wconf 90' lang='lat' dir='ltr'>hic</span> <span class='ocrx_word' id='word_1_543' title='bbox 441 4089 640 4162; x_wconf 90' lang='lat' dir='ltr'>multiplicabit</span> <span class='ocrx_word' id='word_1_544' title='bbox 653 4090 842 4146; x_wconf 90' lang='lat' dir='ltr'>substantiam</span> <span class='ocrx_word' id='word_1_545' title='bbox 856 4091 926 4160; x_wconf 86' lang='lat' dir='ltr'>ejus,</span> <span class='ocrx_word' id='word_1_546' title='bbox 970 4100 1015 4149; x_wconf 91' lang='lat' dir='ltr'>est</span> <span class='ocrx_word' id='word_1_547' title='bbox 1026 4094 1138 4164; x_wconf 90' lang='lat' dir='ltr'>gladius</span> <span class='ocrx_word' id='word_1_548' title='bbox 1152 4100 1249 4150; x_wconf 91' lang='lat' dir='ltr'>noster</span> <span class='ocrx_word' id='word_1_549' title='bbox 1263 4095 1394 4162; x_wconf 89' lang='lat' dir='ltr'>carnalis,</span> <span class='ocrx_word' id='word_1_550' title='bbox 1410 4096 1460 4152; x_wconf 89' lang='lat' dir='ltr'>sed</span> <span class='ocrx_word' id='word_1_551' title='bbox 1483 4097 1610 4167; x_wconf 87' lang='lat' dir='ltr'>potentia</span> <span class='ocrx_word' id='word_1_552' title='bbox 1622 4095 1677 4162; x_wconf 82' lang='lat' dir='ltr'>lici,</span> <span class='ocrx_word' id='word_1_553' title='bbox 1694 4093 1735 4164; x_wconf 70' lang='lat' dir='ltr'>ip·</span> 
     </span>
     <span class='ocr_line' id='line_1_45' title="bbox 134 4179 1784 4258; baseline -0.001 -20"><span class='ocrx_word' id='word_1_554' title='bbox 134 4184 207 4238; x_wconf 89' lang='lat' dir='ltr'>sicut</span> <span class='ocrx_word' id='word_1_555' title='bbox 221 4181 448 4253; x_wconf 80' lang='lat' dir='ltr'>supradiximus,</span> <span class='ocrx_word' id='word_1_556' title='bbox 464 4179 606 4234; x_wconf 82' lang='lat' dir='ltr'>uthabeat</span> <span class='ocrx_word' id='word_1_557' title='bbox 620 4179 695 4233; x_wconf 88' lang='lat' dir='ltr'>unde</span> <span class='ocrx_word' id='word_1_558' title='bbox 705 4180 798 4235; x_wconf 78' lang='lat' dir='ltr'>ualeat</span> <span class='ocrx_word' id='word_1_559' title='bbox 811 4180 931 4234; x_wconf 87' lang='lat' dir='ltr'>eleemo·</span> <span class='ocrx_word' id='word_1_560' title='bbox 970 4188 1015 4238; x_wconf 91' lang='lat' dir='ltr'>est</span> <span class='ocrx_word' id='word_1_561' title='bbox 1029 4182 1141 4252; x_wconf 91' lang='lat' dir='ltr'>gladius</span> <span class='ocrx_word' id='word_1_562' title='bbox 1155 4189 1261 4250; x_wconf 86' lang='lat' dir='ltr'>noster,</span> <span class='ocrx_word' id='word_1_563' title='bbox 1276 4184 1343 4255; x_wconf 92' lang='lat' dir='ltr'>quia</span> <span class='ocrx_word' id='word_1_564' title='bbox 1358 4200 1409 4255; x_wconf 92' lang='lat' dir='ltr'>per</span> <span class='ocrx_word' id='word_1_565' title='bbox 1422 4183 1558 4239; x_wconf 84' lang='lat' dir='ltr'>virtutem</span> <span class='ocrx_word' id='word_1_566' title='bbox 1570 4191 1600 4241; x_wconf 93' lang='lat' dir='ltr'>et</span> <span class='ocrx_word' id='word_1_567' title='bbox 1611 4181 1735 4258; x_wconf 71' lang='lat' dir='ltr'>potentian</span> <span class='ocrx_word' id='word_1_568' title='bbox 1782 4248 1784 4253; x_wconf 22' lang='grc' dir='ltr'>Ι</span> 
     </span>
     <span class='ocr_line' id='line_1_46' title="bbox 131 4258 1784 4345; baseline -0.002 -21"><span class='ocrx_word' id='word_1_569' title='bbox 131 4287 231 4341; x_wconf 85' lang='lat' dir='ltr'>synam</span> <span class='ocrx_word' id='word_1_570' title='bbox 246 4269 396 4339; x_wconf 91' lang='lat' dir='ltr'>largiorem</span> <span class='ocrx_word' id='word_1_571' title='bbox 410 4268 574 4338; x_wconf 88' lang='lat' dir='ltr'>impendero</span> <span class='ocrx_word' id='word_1_572' title='bbox 588 4282 638 4338; x_wconf 93' lang='lat' dir='ltr'>pro</span> <span class='ocrx_word' id='word_1_573' title='bbox 657 4284 715 4338; x_wconf 90' lang='lat' dir='ltr'>qua</span> <span class='ocrx_word' id='word_1_574' title='bbox 724 4267 874 4338; x_wconf 89' lang='lat' dir='ltr'>augebitur</span> <span class='ocrx_word' id='word_1_575' title='bbox 887 4267 928 4322; x_wconf 92' lang='lat' dir='ltr'>illi</span> <span class='ocrx_word' id='word_1_576' title='bbox 970 4271 1046 4326; x_wconf 91' lang='lat' dir='ltr'>illius</span> <span class='ocrx_word' id='word_1_577' title='bbox 1066 4287 1233 4342; x_wconf 89' lang='lat' dir='ltr'>superamus</span> <span class='ocrx_word' id='word_1_578' title='bbox 1255 4271 1396 4327; x_wconf 82' lang='lat' dir='ltr'>daemones</span> <span class='ocrx_word' id='word_1_579' title='bbox 1422 4278 1452 4327; x_wconf 90' lang='lat' dir='ltr'>et</span> <span class='ocrx_word' id='word_1_580' title='bbox 1475 4273 1615 4345; x_wconf 90' lang='lat' dir='ltr'>malignos</span> <span class='ocrx_word' id='word_1_581' title='bbox 1626 4270 1735 4328; x_wconf 77' lang='lat' dir='ltr'>homins·</span> <span class='ocrx_word' id='word_1_582' title='bbox 1780 4258 1784 4321; x_wconf 69' lang='grc' dir='ltr'>ἶ</span> 
     </span>
     <span class='ocr_line' id='line_1_47' title="bbox 132 4355 1737 4437; baseline -0.001 -25"><span class='ocrx_word' id='word_1_583' title='bbox 132 4362 326 4427; x_wconf 90' lang='lat' dir='ltr'>augmentum,</span> <span class='ocrx_word' id='word_1_584' title='bbox 354 4355 382 4409; x_wconf 93' lang='lat' dir='ltr'>id</span> <span class='ocrx_word' id='word_1_585' title='bbox 405 4362 449 4409; x_wconf 92' lang='lat' dir='ltr'>est</span> <span class='ocrx_word' id='word_1_586' title='bbox 471 4371 578 4409; x_wconf 87' lang='lat' dir='ltr'>merces</span> <span class='ocrx_word' id='word_1_587' title='bbox 601 4360 631 4409; x_wconf 88' lang='lat' dir='ltr'>et</span> <span class='ocrx_word' id='word_1_588' title='bbox 644 4356 790 4411; x_wconf 85' lang='lat' dir='ltr'>retributio</span> <span class='ocrx_word' id='word_1_589' title='bbox 811 4355 1168 4427; x_wconf 72' lang='lat' dir='ltr'>justitiannlitermrma</span> <span class='ocrx_word' id='word_1_590' title='bbox 1182 4365 1280 4415; x_wconf 88' lang='lat' dir='ltr'>nostra</span> <span class='ocrx_word' id='word_1_591' title='bbox 1289 4366 1357 4415; x_wconf 89' lang='lat' dir='ltr'>sunt</span> <span class='ocrx_word' id='word_1_592' title='bbox 1370 4361 1507 4427; x_wconf 89' lang='lat' dir='ltr'>carnalia,</span> <span class='ocrx_word' id='word_1_593' title='bbox 1516 4361 1546 4416; x_wconf 93' lang='lat' dir='ltr'>id</span> <span class='ocrx_word' id='word_1_594' title='bbox 1557 4367 1602 4417; x_wconf 92' lang='lat' dir='ltr'>est</span> <span class='ocrx_word' id='word_1_595' title='bbox 1615 4357 1737 4437; x_wconf 77' lang='lat' dir='ltr'>infirmati</span> 
     </span>
     <span class='ocr_line' id='line_1_48' title="bbox 132 4441 1737 4522; baseline 0.001 -22"><span class='ocrx_word' id='word_1_596' title='bbox 132 4447 204 4517; x_wconf 86' lang='lat' dir='ltr'>ejus.</span> <span class='ocrx_word' id='word_1_597' title='bbox 216 4442 554 4515; x_wconf 90' lang='lat' dir='ltr'>Ergoquiaomniabona</span> <span class='ocrx_word' id='word_1_598' title='bbox 571 4443 840 4515; x_wconf 77' lang='lat' dir='ltr'>quahabemuellei</span> <span class='ocrx_word' id='word_1_599' title='bbox 852 4450 927 4511; x_wconf 91' lang='lat' dir='ltr'>sunt,</span> <span class='ocrx_word' id='word_1_600' title='bbox 970 4448 1163 4521; x_wconf 87' lang='lat' dir='ltr'>corruptibilia</span> <span class='ocrx_word' id='word_1_601' title='bbox 1186 4456 1271 4522; x_wconf 88' lang='lat' dir='ltr'>atque</span> <span class='ocrx_word' id='word_1_602' title='bbox 1294 4449 1436 4515; x_wconf 84' lang='lat' dir='ltr'>flexibilia,</span> <span class='ocrx_word' id='word_1_603' title='bbox 1456 4450 1565 4506; x_wconf 89' lang='lat' dir='ltr'>scilicet</span> <span class='ocrx_word' id='word_1_604' title='bbox 1577 4441 1737 4522; x_wconf 74' lang='lat' dir='ltr'>potentatui</span> 
     </span>
     <span class='ocr_line' id='line_1_49' title="bbox 132 4528 1737 4608; baseline -0.002 -18"><span class='ocrx_word' id='word_1_605' title='bbox 132 4540 162 4590; x_wconf 89' lang='lat' dir='ltr'>et</span> <span class='ocrx_word' id='word_1_606' title='bbox 172 4533 280 4589; x_wconf 89' lang='lat' dir='ltr'>semina</span> <span class='ocrx_word' id='word_1_607' title='bbox 291 4539 321 4588; x_wconf 91' lang='lat' dir='ltr'>et</span> <span class='ocrx_word' id='word_1_608' title='bbox 333 4532 479 4587; x_wconf 90' lang='lat' dir='ltr'>nascentia</span> <span class='ocrx_word' id='word_1_609' title='bbox 491 4550 497 4585; x_wconf 94' lang='lat'><strong>:</strong></span> <span class='ocrx_word' id='word_1_610' title='bbox 509 4539 539 4586; x_wconf 90' lang='lat' dir='ltr'>et</span> <span class='ocrx_word' id='word_1_611' title='bbox 548 4531 779 4593; x_wconf 84' lang='lat' dir='ltr'>Deinutrescunt,</span> <span class='ocrx_word' id='word_1_612' title='bbox 788 4533 930 4603; x_wconf 90' lang='lat' dir='ltr'>pullulant</span> <span class='ocrx_word' id='word_1_613' title='bbox 971 4545 1037 4594; x_wconf 91' lang='lat' dir='ltr'>sunt</span> <span class='ocrx_word' id='word_1_614' title='bbox 1051 4543 1149 4593; x_wconf 90' lang='lat' dir='ltr'>nostra</span> <span class='ocrx_word' id='word_1_615' title='bbox 1160 4554 1249 4606; x_wconf 86' lang='lat' dir='ltr'>arma,</span> <span class='ocrx_word' id='word_1_616' title='bbox 1263 4538 1293 4592; x_wconf 91' lang='lat' dir='ltr'>id</span> <span class='ocrx_word' id='word_1_617' title='bbox 1302 4543 1355 4605; x_wconf 91' lang='lat' dir='ltr'>est,</span> <span class='ocrx_word' id='word_1_618' title='bbox 1370 4537 1515 4608; x_wconf 85' lang='lat' dir='ltr'>possibilia</span> <span class='ocrx_word' id='word_1_619' title='bbox 1526 4545 1595 4595; x_wconf 86' lang='lat' dir='ltr'>sunt</span> <span class='ocrx_word' id='word_1_620' title='bbox 1603 4528 1737 4594; x_wconf 70' lang='lat' dir='ltr'>eison-tini</span> 
     </span>
     <span class='ocr_line' id='line_1_50' title="bbox 132 4620 1737 4700; baseline 0.001 -20"><span class='ocrx_word' id='word_1_621' title='bbox 132 4632 160 4681; x_wconf 91' lang='lat' dir='ltr'>et</span> <span class='ocrx_word' id='word_1_622' title='bbox 171 4623 395 4695; x_wconf 89' lang='lat' dir='ltr'>multiplicantur</span> <span class='ocrx_word' id='word_1_623' title='bbox 404 4622 439 4676; x_wconf 91' lang='lat' dir='ltr'>ad</span> <span class='ocrx_word' id='word_1_624' title='bbox 448 4637 516 4676; x_wconf 90' lang='lat' dir='ltr'>usus</span> <span class='ocrx_word' id='word_1_625' title='bbox 525 4620 681 4686; x_wconf 87' lang='lat' dir='ltr'>hominum,</span> <span class='ocrx_word' id='word_1_626' title='bbox 690 4626 719 4675; x_wconf 87' lang='lat' dir='ltr'>et</span> <span class='ocrx_word' id='word_1_627' title='bbox 728 4621 787 4693; x_wconf 90' lang='lat' dir='ltr'>ipss</span> <span class='ocrx_word' id='word_1_628' title='bbox 797 4620 931 4693; x_wconf 76' lang='lat' dir='ltr'>pracepit</span> <span class='ocrx_word' id='word_1_629' title='bbox 970 4628 1153 4700; x_wconf 88' lang='lat' dir='ltr'>pugnandum</span> <span class='ocrx_word' id='word_1_630' title='bbox 1164 4643 1214 4698; x_wconf 92' lang='lat' dir='ltr'>per</span> <span class='ocrx_word' id='word_1_631' title='bbox 1221 4627 1416 4682; x_wconf 85' lang='lat' dir='ltr'>Deum.Arma</span> <span class='ocrx_word' id='word_1_632' title='bbox 1424 4643 1492 4697; x_wconf 88' lang='lat' dir='ltr'>ergo</span> <span class='ocrx_word' id='word_1_633' title='bbox 1502 4629 1688 4699; x_wconf 85' lang='lat' dir='ltr'>apostolorum</span> <span class='ocrx_word' id='word_1_634' title='bbox 1694 4620 1737 4695; x_wconf 76' lang='lat' dir='ltr'>qul·</span> 
     </span>
     <span class='ocr_line' id='line_1_51' title="bbox 132 4706 1738 4788; baseline 0 -20"><span class='ocrx_word' id='word_1_635' title='bbox 132 4714 167 4770; x_wconf 93' lang='lat' dir='ltr'>de</span> <span class='ocrx_word' id='word_1_636' title='bbox 180 4713 224 4770; x_wconf 94' lang='lat' dir='ltr'>his</span> <span class='ocrx_word' id='word_1_637' title='bbox 237 4712 446 4768; x_wconf 88' lang='lat' dir='ltr'>communicare</span> <span class='ocrx_word' id='word_1_638' title='bbox 455 4709 555 4782; x_wconf 88' lang='lat' dir='ltr'>eisqui</span> <span class='ocrx_word' id='word_1_639' title='bbox 569 4709 850 4780; x_wconf 89' lang='lat' dir='ltr'>indigent,debemus</span> <span class='ocrx_word' id='word_1_640' title='bbox 860 4710 928 4765; x_wconf 86' lang='lat' dir='ltr'>dare</span> <span class='ocrx_word' id='word_1_641' title='bbox 969 4716 1021 4771; x_wconf 77' lang='lat' dir='ltr'>bus</span> <span class='ocrx_word' id='word_1_642' title='bbox 1036 4714 1197 4771; x_wconf 83' lang='lat' dir='ltr'>militabant</span> <span class='ocrx_word' id='word_1_643' title='bbox 1219 4721 1316 4770; x_wconf 85' lang='lat' dir='ltr'>contra</span> <span class='ocrx_word' id='word_1_644' title='bbox 1330 4715 1523 4787; x_wconf 86' lang='lat' dir='ltr'>philosophos,</span> <span class='ocrx_word' id='word_1_645' title='bbox 1539 4715 1653 4771; x_wconf 79' lang='lat' dir='ltr'>uerbum</span> <span class='ocrx_word' id='word_1_646' title='bbox 1665 4706 1738 4788; x_wconf 81' lang='lat' dir='ltr'>pradi-</span> 
     </span>
     <span class='ocr_line' id='line_1_52' title="bbox 132 4797 1784 4885; baseline -0.001 -26"><span class='ocrx_word' id='word_1_647' title='bbox 132 4805 187 4860; x_wconf 89' lang='lat' dir='ltr'>ista</span> <span class='ocrx_word' id='word_1_648' title='bbox 195 4802 363 4875; x_wconf 88' lang='lat' dir='ltr'>temporalia</span> <span class='ocrx_word' id='word_1_649' title='bbox 374 4806 407 4858; x_wconf 91' lang='lat' dir='ltr'>ut</span> <span class='ocrx_word' id='word_1_650' title='bbox 419 4816 581 4856; x_wconf 89' lang='lat' dir='ltr'>mereamur</span> <span class='ocrx_word' id='word_1_651' title='bbox 587 4798 715 4870; x_wconf 89' lang='lat' dir='ltr'>accipere</span> <span class='ocrx_word' id='word_1_652' title='bbox 728 4799 930 4854; x_wconf 82' lang='lat' dir='ltr'>aeternazsicut</span> <span class='ocrx_word' id='word_1_653' title='bbox 968 4804 1088 4860; x_wconf 88' lang='lat' dir='ltr'>cationis</span> <span class='ocrx_word' id='word_1_654' title='bbox 1103 4809 1165 4858; x_wconf 91' lang='lat' dir='ltr'>erat</span> <span class='ocrx_word' id='word_1_655' title='bbox 1177 4804 1213 4859; x_wconf 94' lang='lat' dir='ltr'>de</span> <span class='ocrx_word' id='word_1_656' title='bbox 1225 4818 1281 4875; x_wconf 89' lang='lat' dir='ltr'>quo</span> <span class='ocrx_word' id='word_1_657' title='bbox 1292 4803 1360 4858; x_wconf 90' lang='lat' dir='ltr'>alibi</span> <span class='ocrx_word' id='word_1_658' title='bbox 1370 4803 1474 4859; x_wconf 90' lang='lat' dir='ltr'>dicitur</span> <span class='ocrx_word' id='word_1_659' title='bbox 1490 4821 1496 4856; x_wconf 76' lang='grc' dir='ltr'><strong>ε</strong></span> <span class='ocrx_word' id='word_1_660' title='bbox 1512 4805 1547 4859; x_wconf 82' lang='lat' dir='ltr'>lit</span> <span class='ocrx_word' id='word_1_661' title='bbox 1562 4807 1669 4873; x_wconf 74' lang='lat' dir='ltr'>gladius</span> <span class='ocrx_word' id='word_1_662' title='bbox 1679 4797 1737 4871; x_wconf 70' lang='lat' dir='ltr'>spiti-</span> <span class='ocrx_word' id='word_1_663' title='bbox 1782 4872 1784 4885; x_wconf 43' lang='grc' dir='ltr'>Ι</span> 
     </span>
     <span class='ocr_line' id='line_1_53' title="bbox 133 4887 1784 4964; baseline -0.001 -18"><span class='ocrx_word' id='word_1_664' title='bbox 133 4891 248 4964; x_wconf 90' lang='lat' dir='ltr'>plurimi</span> <span class='ocrx_word' id='word_1_665' title='bbox 273 4897 435 4947; x_wconf 90' lang='lat' dir='ltr'>sanctorum</span> <span class='ocrx_word' id='word_1_666' title='bbox 463 4890 600 4955; x_wconf 83' lang='lat' dir='ltr'>iecerunt,</span> <span class='ocrx_word' id='word_1_667' title='bbox 631 4887 797 4959; x_wconf 81' lang='lat' dir='ltr'>intorques</span> <span class='ocrx_word' id='word_1_668' title='bbox 819 4894 928 4960; x_wconf 87' lang='lat' dir='ltr'>partem</span> <span class='ocrx_word' id='word_1_669' title='bbox 970 4901 1014 4949; x_wconf 88' lang='lat' dir='ltr'>tus</span> <span class='ocrx_word' id='word_1_670' title='bbox 1024 4895 1097 4962; x_wconf 86' lang='lat' dir='ltr'>quod</span> <span class='ocrx_word' id='word_1_671' title='bbox 1109 4899 1147 4947; x_wconf 91' lang='lat' dir='ltr'>est</span> <span class='ocrx_word' id='word_1_672' title='bbox 1160 4895 1275 4947; x_wconf 85' lang='lat' dir='ltr'>uerbum</span> <span class='ocrx_word' id='word_1_673' title='bbox 1286 4894 1336 4948; x_wconf 84' lang='lat' dir='ltr'>llei</span> <span class='ocrx_word' id='word_1_674' title='bbox 1348 4893 1458 4962; x_wconf 74' lang='lat' dir='ltr'>(Epiros.</span> <span class='ocrx_word' id='word_1_675' title='bbox 1474 4892 1525 4964; x_wconf 84' lang='grc' dir='ltr'>ιιι).</span> <span class='ocrx_word' id='word_1_676' title='bbox 1541 4893 1640 4949; x_wconf 81' lang='lat' dir='ltr'>Virtus</span> <span class='ocrx_word' id='word_1_677' title='bbox 1651 4897 1735 4964; x_wconf 75' lang='lat' dir='ltr'>quoqtt</span> <span class='ocrx_word' id='word_1_678' title='bbox 1781 4888 1784 4915; x_wconf 76' lang='lat'><strong>¹</strong></span> 
     </span>
     <span class='ocr_line' id='line_1_54' title="bbox 132 4976 1777 5052; baseline -0.001 -19"><span class='ocrx_word' id='word_1_679' title='bbox 132 4978 222 5035; x_wconf 78' lang='lat' dir='ltr'>beata</span> <span class='ocrx_word' id='word_1_680' title='bbox 242 4979 478 5034; x_wconf 88' lang='lat' dir='ltr'>remunerationis</span> <span class='ocrx_word' id='word_1_681' title='bbox 499 4977 678 5034; x_wconf 89' lang='lat' dir='ltr'>beatissimus</span> <span class='ocrx_word' id='word_1_682' title='bbox 703 4983 813 5048; x_wconf 88' lang='lat' dir='ltr'>martyr</span> <span class='ocrx_word' id='word_1_683' title='bbox 825 4976 929 5032; x_wconf 87' lang='lat' dir='ltr'>Christi</span> <span class='ocrx_word' id='word_1_684' title='bbox 970 4983 1171 5038; x_wconf 82' lang='lat' dir='ltr'>miraculorum</span> <span class='ocrx_word' id='word_1_685' title='bbox 1185 4980 1297 5052; x_wconf 83' lang='lat' dir='ltr'>gladius</span> <span class='ocrx_word' id='word_1_686' title='bbox 1308 4987 1371 5036; x_wconf 90' lang='lat' dir='ltr'>erat</span> <span class='ocrx_word' id='word_1_687' title='bbox 1384 4980 1619 5037; x_wconf 77' lang='lat' dir='ltr'>illorumcontra</span> <span class='ocrx_word' id='word_1_688' title='bbox 1628 4982 1735 5037; x_wconf 61' lang='lat' dir='ltr'>murone!</span> <span class='ocrx_word' id='word_1_689' title='bbox 1774 5038 1777 5043; x_wconf 54' lang='grc'>,</span> 
     </span>
     <span class='ocr_line' id='line_1_55' title="bbox 133 5061 1735 5140; baseline 0 -18"><span class='ocrx_word' id='word_1_690' title='bbox 133 5067 302 5122; x_wconf 87' lang='lat' dir='ltr'>Laurentius</span> <span class='ocrx_word' id='word_1_691' title='bbox 312 5067 479 5139; x_wconf 90' lang='lat' dir='ltr'>obtinet,qni</span> <span class='ocrx_word' id='word_1_692' title='bbox 489 5085 571 5123; x_wconf 88' lang='lat' dir='ltr'>verus</span> <span class='ocrx_word' id='word_1_693' title='bbox 585 5067 762 5139; x_wconf 88' lang='lat' dir='ltr'>dispensator</span> <span class='ocrx_word' id='word_1_694' title='bbox 781 5072 929 5137; x_wconf 89' lang='lat' dir='ltr'>tempora·</span> <span class='ocrx_word' id='word_1_695' title='bbox 970 5088 1036 5126; x_wconf 87' lang='lat' dir='ltr'>rero</span> <span class='ocrx_word' id='word_1_696' title='bbox 1048 5069 1186 5133; x_wconf 89' lang='lat' dir='ltr'>oratione,</span> <span class='ocrx_word' id='word_1_697' title='bbox 1198 5067 1315 5140; x_wconf 84' lang='lat' dir='ltr'>jejuniis</span> <span class='ocrx_word' id='word_1_698' title='bbox 1331 5073 1360 5123; x_wconf 89' lang='lat' dir='ltr'>et</span> <span class='ocrx_word' id='word_1_699' title='bbox 1370 5067 1471 5138; x_wconf 78' lang='lat' dir='ltr'>vigiliis</span> <span class='ocrx_word' id='word_1_700' title='bbox 1494 5061 1735 5140; x_wconf 75' lang='lat' dir='ltr'>pugnabanteddl·</span> 
     </span>
     <span class='ocr_line' id='line_1_56' title="bbox 134 5145 1735 5225; baseline -0.004 -15"><span class='ocrx_word' id='word_1_701' title='bbox 134 5156 204 5211; x_wconf 89' lang='lat' dir='ltr'>lium</span> <span class='ocrx_word' id='word_1_702' title='bbox 219 5155 379 5210; x_wconf 81' lang='lat' dir='ltr'>divitiarum</span> <span class='ocrx_word' id='word_1_703' title='bbox 392 5155 525 5223; x_wconf 81' lang='lat' dir='ltr'>existens,</span> <span class='ocrx_word' id='word_1_704' title='bbox 535 5155 639 5211; x_wconf 89' lang='lat' dir='ltr'>meruit</span> <span class='ocrx_word' id='word_1_705' title='bbox 649 5155 791 5225; x_wconf 88' lang='lat' dir='ltr'>possidere</span> <span class='ocrx_word' id='word_1_706' title='bbox 799 5155 928 5210; x_wconf 77' lang='lat' dir='ltr'>celestes</span> <span class='ocrx_word' id='word_1_707' title='bbox 969 5163 1150 5216; x_wconf 83' lang='lat' dir='ltr'>structionem</span> <span class='ocrx_word' id='word_1_708' title='bbox 1156 5145 1735 5224; x_wconf 79' lang='lat' dir='ltr'>munitionum,subaudisdamonometpii·</span> 
     </span>
     <span class='ocr_line' id='line_1_57' title="bbox 135 5242 1733 5318; baseline 0 -19"><span class='ocrx_word' id='word_1_709' title='bbox 135 5249 165 5299; x_wconf 90' lang='lat' dir='ltr'>et</span> <span class='ocrx_word' id='word_1_710' title='bbox 177 5248 297 5298; x_wconf 78' lang='lat' dir='ltr'>aternus</span> <span class='ocrx_word' id='word_1_711' title='bbox 312 5248 396 5313; x_wconf 90' lang='lat' dir='ltr'>atque</span> <span class='ocrx_word' id='word_1_712' title='bbox 406 5243 650 5299; x_wconf 85' lang='lat' dir='ltr'>immarcessibiles</span> <span class='ocrx_word' id='word_1_713' title='bbox 660 5260 787 5299; x_wconf 90' lang='lat' dir='ltr'>coronas.</span> <span class='ocrx_word' id='word_1_714' title='bbox 969 5248 1163 5318; x_wconf 85' lang='lat' dir='ltr'>losoplrorum,</span> <span class='ocrx_word' id='word_1_715' title='bbox 1177 5250 1206 5300; x_wconf 91' lang='lat' dir='ltr'>et</span> <span class='ocrx_word' id='word_1_716' title='bbox 1220 5261 1318 5301; x_wconf 89' lang='lat' dir='ltr'>sumus</span> <span class='ocrx_word' id='word_1_717' title='bbox 1337 5261 1389 5300; x_wconf 92' lang='lat' dir='ltr'>nos</span> <span class='ocrx_word' id='word_1_718' title='bbox 1412 5244 1457 5300; x_wconf 88' lang='lat' dir='ltr'>his</span> <span class='ocrx_word' id='word_1_719' title='bbox 1476 5247 1581 5317; x_wconf 88' lang='lat' dir='ltr'>parati,</span> <span class='ocrx_word' id='word_1_720' title='bbox 1600 5242 1733 5302; x_wconf 71' lang='lat' dir='ltr'>destruentil</span> 
     </span>
    </p>
   </div>
   <div class='ocr_carea' id='block_1_3' title="bbox 134 5318 1784 5584">
    <p class='ocr_par' dir='ltr' id='par_1_3' title="bbox 134 5318 1784 5584">
     <span class='ocr_line' id='line_1_58' title="bbox 172 5318 1734 5405; baseline -0.004 -14"><span class='ocrx_word' id='word_1_721' title='bbox 172 5335 203 5391; x_wconf 83' lang='lat' dir='ltr'>lit</span> <span class='ocrx_word' id='word_1_722' title='bbox 218 5336 250 5387; x_wconf 88' lang='lat' dir='ltr'>in</span> <span class='ocrx_word' id='word_1_723' title='bbox 264 5333 391 5386; x_wconf 73' lang='lat' dir='ltr'>uentribus</span> <span class='ocrx_word' id='word_1_724' title='bbox 406 5337 563 5401; x_wconf 84' lang='lat' dir='ltr'>locupletati</span> <span class='ocrx_word' id='word_1_725' title='bbox 580 5341 609 5389; x_wconf 88' lang='lat' dir='ltr'>et</span> <span class='ocrx_word' id='word_1_726' title='bbox 623 5335 722 5390; x_wconf 80' lang='lat' dir='ltr'>divites</span> <span class='ocrx_word' id='word_1_727' title='bbox 737 5335 827 5389; x_wconf 81' lang='lat' dir='ltr'>effecti</span> <span class='ocrx_word' id='word_1_728' title='bbox 841 5336 929 5389; x_wconf 76' lang='lat' dir='ltr'>obacro·</span> <span class='ocrx_word' id='word_1_729' title='bbox 969 5338 1085 5390; x_wconf 83' lang='lat' dir='ltr'>consitio</span> <span class='ocrx_word' id='word_1_730' title='bbox 1099 5333 1339 5405; x_wconf 89' lang='lat' dir='ltr'>philosophorum,</span> <span class='ocrx_word' id='word_1_731' title='bbox 1359 5337 1389 5387; x_wconf 90' lang='lat' dir='ltr'>et</span> <span class='ocrx_word' id='word_1_732' title='bbox 1402 5332 1521 5388; x_wconf 88' lang='lat' dir='ltr'>consilia</span> <span class='ocrx_word' id='word_1_733' title='bbox 1533 5318 1734 5397; x_wconf 65' lang='lat' dir='ltr'>aunonensi</span> 
     </span>
     <span class='ocr_line' id='line_1_59' title="bbox 134 5419 1734 5496; baseline -0.003 -17"><span class='ocrx_word' id='word_1_734' title='bbox 134 5426 202 5479; x_wconf 84' lang='lat' dir='ltr'>dctis</span> <span class='ocrx_word' id='word_1_735' title='bbox 217 5423 249 5476; x_wconf 88' lang='lat' dir='ltr'>in</span> <span class='ocrx_word' id='word_1_736' title='bbox 263 5435 372 5474; x_wconf 87' lang='lat' dir='ltr'>omnem</span> <span class='ocrx_word' id='word_1_737' title='bbox 391 5423 670 5490; x_wconf 82' lang='lat' dir='ltr'>simpticitatcm,qua</span> <span class='ocrx_word' id='word_1_738' title='bbox 684 5423 850 5494; x_wconf 87' lang='lat' dir='ltr'>simplicitas</span> <span class='ocrx_word' id='word_1_739' title='bbox 871 5438 930 5491; x_wconf 89' lang='lat' dir='ltr'>ope·</span> <span class='ocrx_word' id='word_1_740' title='bbox 968 5420 1317 5496; x_wconf 87' lang='lat' dir='ltr'>inspirabantincordibus</span> <span class='ocrx_word' id='word_1_741' title='bbox 1325 5419 1734 5495; x_wconf 76' lang='lat' dir='ltr'>penecuurumpeneeuueru</span> 
     </span>
     <span class='ocr_line' id='line_1_60' title="bbox 135 5498 1784 5584; baseline -0.002 -13"><span class='ocrx_word' id='word_1_742' title='bbox 135 5518 219 5571; x_wconf 87' lang='lat' dir='ltr'>retur</span> <span class='ocrx_word' id='word_1_743' title='bbox 227 5512 447 5580; x_wconf 74' lang='lat' dir='ltr'>decorationem</span> <span class='ocrx_word' id='word_1_744' title='bbox 453 5509 645 5580; x_wconf 84' lang='lat' dir='ltr'>actionemper</span> <span class='ocrx_word' id='word_1_745' title='bbox 658 5527 716 5579; x_wconf 87' lang='lat' dir='ltr'>uos,</span> <span class='ocrx_word' id='word_1_746' title='bbox 728 5512 777 5584; x_wconf 91' lang='lat' dir='ltr'>qui</span> <span class='ocrx_word' id='word_1_747' title='bbox 786 5512 848 5582; x_wconf 88' lang='lat' dir='ltr'>ejus</span> <span class='ocrx_word' id='word_1_748' title='bbox 860 5527 929 5583; x_wconf 83' lang='lat' dir='ltr'>prae-</span> <span class='ocrx_word' id='word_1_749' title='bbox 969 5517 1068 5571; x_wconf 87' lang='lat' dir='ltr'>contra</span> <span class='ocrx_word' id='word_1_750' title='bbox 1077 5527 1128 5566; x_wconf 93' lang='lat' dir='ltr'>nos</span> <span class='ocrx_word' id='word_1_751' title='bbox 1136 5510 1264 5578; x_wconf 87' lang='lat' dir='ltr'>excitari,</span> <span class='ocrx_word' id='word_1_752' title='bbox 1276 5516 1306 5568; x_wconf 92' lang='lat' dir='ltr'>et</span> <span class='ocrx_word' id='word_1_753' title='bbox 1321 5511 1502 5568; x_wconf 83' lang='lat' dir='ltr'>destruentes</span> <span class='ocrx_word' id='word_1_754' title='bbox 1515 5526 1625 5568; x_wconf 86' lang='lat' dir='ltr'>omnem</span> <span class='ocrx_word' id='word_1_755' title='bbox 1636 5500 1735 5566; x_wconf 72' lang='lat' dir='ltr'>atand-</span> <span class='ocrx_word' id='word_1_756' title='bbox 1781 5498 1784 5567; x_wconf 80' lang='lat' dir='ltr'>i</span> 
     </span>
    </p>
   </div>
   <div class='ocr_carea' id='block_1_4' title="bbox 0 0 1917 6100">
    <p class='ocr_par' dir='ltr' id='par_1_4' title="bbox 0 0 1917 6100">
     <span class='ocr_line' id='line_1_61' title="bbox 0 0 1917 6100; baseline 0 0"><span class='ocrx_word' id='word_1_757' title='bbox 0 0 1917 6100; x_wconf 95' lang='lat' dir='ltr'> </span> 
     </span>
    </p>
   </div>
  </div>
 </body>
</html>
