3840 6098
135 242 187 301 407
362 246 551 303 HAYMONIS
567 248 809 303 ttntnansmtt.
828 248 939 304 nrtsc.
956 249 1035 305 OPP.
1053 251 1144 306 PARS
1159 252 1181 307 l.
1200 282 1232 292 -
1249 250 1436 310 ΟΟΜΜΕΝΤ.
1452 250 1544 307 mat..
1720 247 1774 309 ⁴08

134 369 385 439 paradisicomede,
395 371 611 443 delignoantem
621 371 743 426 scientiar
753 370 817 425 bom
826 378 854 426 et
864 371 929 426 mali
940 378 961 433 A
973 389 1059 428 unum
1075 382 1246 445 peccantem,
1261 374 1290 430 id
1304 381 1346 430 est
1360 393 1409 448 per
1421 374 1520 439 Adam,
1531 373 1607 430 venit
1620 389 1698 431 mors
1714 392 1720 427 :
1735 373 1776 429 ita

136 474 172 512 ne
186 461 384 522 comedasetc.
399 462 474 526 (ch.
484 465 525 525 nl.
536 462 588 517 lile
601 478 665 515 rero
680 461 708 514 in
717 461 931 516 sirnilitadinem
974 462 1115 515 etdonum
1124 463 1222 532 gratiae
1238 463 1312 517 verrit
1325 461 1538 534 perChristum.
1549 464 1776 532 lt'amjude’cium

136 548 202 603 Adae
208 565 263 602 non
273 549 934 622 peccat,quinequelegemnatumlemhabetne·
974 551 1085 618 quirum
1099 567 1132 605 ec
1145 568 1202 606 uno
1216 553 1247 605 in
1261 544 1630 622 cortdemn'otioaern,grutio
1639 557 1734 606 autem
1744 567 1778 607 ex

138 654 192 707 que
207 654 269 693 cum
286 638 379 693 studio
395 644 499 709 peccat.
517 640 571 707 Oai
590 645 629 693 est
641 641 733 706 sorano
754 642 857 707 futuri.
875 641 933 695 Hoc
974 642 1071 693 multis
1081 640 1188 694 delictis
1198 644 1229 694 ia
1237 642 1479 709 justificationem.
1491 639 1643 706 Iudicium,
1658 638 1779 695 siveda·

136 724 285 797 tripliciter
292 733 384 798 potest
393 727 612 798 intelligendam
625 729 673 800 qui
683 734 828 798 peccatum
838 729 936 784 attulit
975 729 1091 790 mantio.
1103 745 1135 784 ex
1144 745 1201 784 uno
1210 729 1486 799 homine‚Adam,rel
1496 746 1552 786 uno
1562 734 1676 803 peccato
1687 727 1778 801 origi·

137 815 252 880 mundo,
268 816 411 888 exemplar
425 817 482 871 sire
496 816 585 870 forma
596 823 639 871 est
652 817 739 871 tutari
753 816 833 883 Adae,
849 818 875 870 irl
892 825 936 872 est
975 819 1033 873 nali
1046 818 1166 873 venitin
1181 819 1444 875 condemnationem
1456 819 1583 874 omnium
1602 819 1753 874 homiuum
1769 836 1777 872 ε

137 903 250 969 Christi,
264 906 330 976 quia
345 906 418 961 sicut
428 923 459 960 er
469 905 578 975 virgine
587 906 717 961 termille
731 905 821 962 sactus
830 912 883 973 est,
895 907 935 961 ita
974 907 1067 980 gratia
1081 911 1176 963 autem
1191 908 1297 963 Christi
1312 925 1367 980 qua
1382 907 1463 963 nobis
1483 908 1572 980 gratia
1593 907 1782 964 dimittuntur

137 991 267 1048 Christus
276 1009 310 1048 en
320 994 428 1065 virgine
439 993 531 1048 Maria
545 999 689 1049 natusest.
701 994 751 1048 Vel
766 995 936 1050 econtrario
976 1001 1098 1066 peccata,
1114 995 1142 1050 in
1154 996 1386 1067 justificationem
1398 997 1523 1052 lideiium
1537 996 1615 1052 venit
1628 1013 1662 1051 ex
1677 996 1780 1052 multia

137 1087 226 1152 parte,
239 1082 324 1137 aliter
331 1083 468 1155 accipitur
479 1088 564 1155 caput
577 1084 783 1155 peu-athalitor
796 1089 881 1155 caput
891 1086 935 1156 ju·
975 1085 1084 1140 delictis
1099 1102 1162 1156 quae
1176 1092 1237 1156 post
1259 1086 1396 1157 originale
1416 1092 1562 1157 peccatum
1579 1085 1677 1141 addita
1701 1090 1780 1142 sunt.

137 1170 221 1226 stitiae
233 1190 239 1224 z
251 1172 318 1242 quia
329 1172 500 1227 sicutAdarn
512 1178 655 1243 peecatum
667 1172 935 1245 attulitetmortem,
978 1174 1012 1229 Et
1027 1180 1070 1228 est
1083 1190 1184 1229 sensus
1200 1193 1206 1225 τ
1220 1175 1371 1230 Damnatio
1385 1176 1462 1230 venit
1475 1192 1508 1230 ex
1522 1191 1579 1230 nno
1592 1175 1720 1238 homine,
1737 1174 1783 1231 vel

137 1259 179 1315 ita
192 1261 319 1316 Christus
331 1261 563 1331 jhstisreationcm
574 1268 603 1316 et
618 1262 714 1316 viteam.
731 1263 821 1317 Aliter
836 1281 841 1317 :
857 1263 887 1317 Si
897 1263 937 1319 sic
977 1279 1034 1317 uno
1049 1270 1162 1334 peccato
1177 1264 1318 1334 originali,
1338 1264 1368 1318 in
1384 1264 1646 1319 condemnationem
1663 1263 1784 1335 genecio

138 1348 302 1414 dixerimus,
318 1351 365 1420 qui
379 1357 422 1404 est
432 1350 645 1407 formasuturis.
660 1356 693 1406 ut
705 1352 818 1424 quidam
829 1352 937 1408 codices
978 1352 1299 1423 humanigratiaautem
1309 1353 1412 1408 Christi
1424 1353 1500 1408 venit
1509 1353 1538 1408 in
1544 1353 1782 1425 justificationem

139 1438 254 1503 habent,
272 1440 325 1494 erit
341 1456 440 1495 sensns
457 1459 463 1494 :
484 1442 633 1512 Exemplar
646 1448 690 1497 est
702 1442 804 1497 tuturis
819 1444 938 1514 posteris
980 1442 1132 1496 electorum
1148 1458 1181 1496 ex
1195 1442 1290 1497 multis
1305 1442 1425 1507 delictis,
1441 1442 1469 1497 id
1485 1449 1528 1497 est
1543 1443 1577 1496 ad
1588 1442 1641 1497 hoc
1652 1441 1741 1507 venit,
1749 1447 1785 1497 ut

140 1529 198 1584 auis
212 1529 241 1583 in
258 1535 381 1599 peccato,
398 1529 463 1601 quia
473 1531 546 1585 sicut
565 1531 612 1584 illa
627 1538 757 1602 peccator
770 1536 799 1586 ot
812 1532 938 1587 mortalis
980 1546 1034 1585 non
1049 1531 1139 1585 solum
1152 1529 1187 1585 ab
1202 1530 1249 1585 illo
1260 1547 1316 1586 uno
1331 1531 1473 1602 originali,
1484 1531 1535 1586 sed
1544 1531 1630 1585 etiam
1638 1530 1675 1585 ab
1687 1530 1783 1585 omni·

140 1618 257 1683 exstitit,
273 1619 314 1672 ita
329 1634 426 1674 omnes
442 1620 546 1690 posteri
565 1622 626 1691 ejus
642 1627 804 1692 peccatores
818 1626 847 1676 et
861 1638 937 1675 ntor·
979 1620 1032 1674 bus
1042 1619 1198 1675 actualibus
1208 1636 1259 1674 nos
1266 1619 1437 1691 justificaret
1452 1639 1458 1673 :
1474 1619 1594 1692 ideoque
1607 1619 1692 1674 aliter
1706 1619 1786 1674 veuit

140 1707 211 1761 tales
218 1707 277 1761 nati
289 1713 355 1762 sunt
365 1713 393 1762 et
403 1717 557 1764 nascuntur
566 1710 700 1780 quotidie,
709 1710 873 1765 transducto
883 1709 937 1764 ori-
947 1729 970 1789 B
979 1715 1134 1783 peccatum,
1148 1710 1231 1765 aliter
1242 1710 1344 1781 gratia.
1360 1709 1612 1773 Considerandum,
1635 1709 1706 1780 quia
1719 1724 1785 1764 curn

139 1794 226 1865 ginali
241 1801 353 1865 peccato
377 1796 406 1851 in
426 1803 563 1868 posteros,
585 1804 617 1853 ut
639 1798 740 1853 beatus
763 1798 937 1870 Augustinus
980 1798 1047 1853 dicit
1058 1798 1194 1868 judicium
1214 1798 1307 1854 venire
1320 1815 1353 1853 ex
1368 1814 1424 1854 uno
1437 1797 1551 1852 homine
1562 1797 1592 1852 in
1608 1797 1786 1852 condemna·

140 1882 217 1947 dicit,
233 1900 283 1954 per
296 1885 552 1957 concupiscentiam
577 1888 677 1953 coitus,
693 1888 743 1942 sed
757 1904 807 1959 per
819 1889 940 1959 gratiam
980 1887 1096 1953 tionem,
1108 1888 1232 1958 loquitur
1245 1893 1343 1942 contra
1357 1887 1532 1957 Pelagianos,
1548 1885 1596 1957 qui
1609 1890 1721 1957 negant
1732 1884 1787 1941 ori·

139 1971 252 2028 Domini
265 1973 354 2028 nostri
368 1976 434 2030 Jesu
454 1975 558 2030 Christi
579 1975 763 2031 liberantura
778 1977 899 2047 peccatis
913 1981 943 2031 et
981 1977 1226 2048 ginalepeccatnm
1236 1976 1310 2031 trahi
1321 1976 1356 2030 ab
1366 1974 1521 2031 insentibus
1534 1975 1648 2047 quando
1657 1990 1787 2031 nascun-

141 2067 233 2117 morte
245 2067 350 2118 aeterna
359 2082 364 2117 ι
373 2063 446 2119 sicut
458 2065 532 2119 enim
548 2065 643 2119 nullus
657 2066 741 2120 homo
750 2071 827 2121 extra
838 2066 938 2133 Adam,
982 2066 1171 2130 tur,dicentes
1183 2085 1189 2119 z
1200 2066 1266 2137 quia
1280 2082 1335 2120 non
1351 2082 1401 2137 per
1415 2065 1552 2136 originem
1558 2064 1627 2119 illud
1635 2070 1786 2135 peccatum

140 2150 169 2204 id
184 2156 228 2206 est
242 2156 320 2206 extra
334 2154 496 2224 progeniem
511 2154 595 2217 illius,
616 2156 656 2209 ita
671 2155 764 2210 nullus
780 2161 858 2209 extra
875 2171 939 2226 pcc·
981 2154 1112 2219 trahitur,
1124 2155 1172 2209 sed
1182 2154 1435 2226 perimitationem,
1453 2154 1526 2225 quod
1546 2153 1662 2209 omuino
1677 2153 1784 2209 falsum

140 2245 234 2295 catum
248 2242 324 2296 illius
336 2247 440 2312 praeter
454 2243 607 2299 Christum.
981 2249 1033 2298 est.
1049 2243 1078 2298 Si
1093 2244 1168 2299 enim
1194 2244 1235 2297 ita
1256 2249 1339 2309 esset,
1355 2249 1388 2298 ut
1400 2242 1442 2297 illi
1455 2242 1587 2306 delirant,
1602 2257 1788 2314 nequaquam

63 2400 67 2411 Ι
176 2330 229 2386 Sed
241 2347 298 2385 aon
312 2334 383 2385 sicut
394 2333 535 2395 delictum,
547 2333 623 2397 Adae,
636 2339 676 2389 ito
686 2341 711 2388 ct
721 2337 825 2389 clourtm
836 2337 941 2404 justit·
981 2332 1118 2387 Dominus
1129 2349 1259 2403 expresse
1269 2332 1298 2387 in
1312 2332 1461 2403 Evangelio
1470 2332 1577 2387 diceret
1587 2351 1593 2385 :
1605 2331 1638 2388 Si
1648 2335 1715 2401 quis
1729 2347 1788 2386 aon

142 2421 269 2484 cottonis,
283 2418 336 2474 hoc
346 2426 388 2474 est
399 2422 490 2492 majus
500 2422 554 2476 tuit
565 2422 668 2477 donum
681 2423 853 2494 Christi,quo
861 2423 941 2479 nobis
972 2426 1096 2476 -renatus
1103 2423 1191 2489 fuerit
1201 2438 1235 2475 ea
1243 2438 1316 2491 aqua
1327 2427 1351 2476 ct
1363 2422 1477 2492 Spiritu
1486 2427 1589 2484 sancto,
1598 2421 1789 2476 nonintroba't

142 2507 799 2583 remissiopeccatorumrenit,quampeccatum
812 2513 943 2584 Adaper
983 2512 1145 2577 teregnum
1160 2515 1289 2565 calorum
1308 2513 1401 2579 (loon.
1424 2512 1479 2574 ιιι).
1504 2507 1539 2565 Ιιι
1553 2509 1649 2564 Veteri
1672 2524 1789 2582 quoque

143 2596 218 2668 quod
230 2597 305 2652 venit
322 2614 406 2652 mors.
419 2599 454 2654 Et
477 2598 540 2670 plus
555 2601 701 2670 praevaluit
712 2601 823 2671 justitia
838 2602 943 2657 Christi
981 2599 1164 2654 Testamenta
1192 2615 1370 2671 nequaquam
1399 2599 1506 2653 diceret
1521 2617 1527 2653 :
1542 2598 1683 2653 Masculus
1707 2601 1790 2668 eujus

142 2687 173 2741 in
183 2687 374 2757 justificando,
390 2705 475 2759 qnam
489 2696 633 2760 peccatum
650 2691 716 2746 Adra
728 2691 756 2745 in
772 2691 941 2746 occidendo:
983 2705 1048 2743 coro
1070 2691 1235 2743 rheumata
1251 2705 1307 2742 non
1321 2689 1419 2756 suerit,
1437 2688 1540 2757 peribit
1558 2688 1590 2741 de
1609 2689 1714 2757 populo
1727 2703 1789 2754 suo,

143 2776 275 2848 quoniam
291 2777 320 2831 in
335 2777 379 2832 his
391 2777 439 2849 qui
452 2795 502 2849 per
516 2778 657 2834 Christum
673 2779 861 2847 redimuntur,
875 2785 944 2835 tem·
985 2780 1052 2845 quio
1066 2784 1178 2846 pactum
1199 2793 1292 2832 aarum
1315 2780 1434 2832 irritum
1454 2778 1519 2844 fecit
1539 2777 1615 2845 (Gen.
1638 2776 1716 2841 xant,
1732 2791 1792 2832 non

143 2866 462 2938 pomtitervaletsorma
474 2867 572 2922 mortis
587 2869 736 2923 exAdam:
750 2869 944 2924 lormaautem
986 2882 1036 2937 ρει
1047 2883 1086 2932 se,
1103 2866 1151 2920 sed
1167 2865 1195 2921 in
1209 2871 1288 2937 patre
1303 2882 1354 2921 suo
1369 2866 1460 2921 Adam
1477 2866 1505 2920 in
1517 2864 1657 2937 paradiso.

142 2955 207 3009 vitae
217 2954 319 3009 valebit
328 2955 499 3011 inaeternum
511 2975 561 3028 per
571 2958 723 3012 Christum.
733 2959 764 3015 Si
774 2962 846 3012 enim
859 2962 945 3013 rantes
953 3003 978 3067 c
1023 2955 1056 3010 Si
1070 2957 1146 3009 onim
1160 2959 1246 3009 unius
1262 2956 1384 3011 lerninis
1395 2957 1492 3009 delicto
1507 2971 1581 3009 mors
1596 2956 1726 3022 regnauit
1739 2968 1792 3023 per

146 3041 356 3108 maalainhdae,
365 3046 461 3098 delicto
473 3046 599 3101 nnrltind
612 3052 655 3101 cst
664 3047 870 3115 electi,rnortut
879 3051 945 3100 sunt
986 3059 1088 3109 annea,
1104 3046 1191 3098 mutto
1208 3048 1296 3112 tnagis
1310 3043 1792 3112 ebertrannopretteaoaottonau

145 3130 350 3202 temporaliter,
367 3135 455 3187 andto
466 3136 555 3201 arogis
567 3138 662 3201 prolia
677 3136 733 3197 Dei,
746 3152 802 3206 qua
815 3134 895 3189 nobis
905 3135 946 3189 di·
984 3134 1099 3201 tarsenae
1109 3136 1271 3202 accipientes
1278 3137 1308 3186 in
1315 3135 1402 3186 or'tom
1415 3133 1572 3200 regnabunt
1584 3147 1634 3200 per
1644 3149 1739 3187 unum
1748 3132 1793 3186 Ιε-

145 3221 299 3276 mittuntur
308 3227 457 3292 peccatam
467 3223 571 3276 dentem
583 3223 704 3295 Spiritus
714 3224 805 3278 sancti
817 3227 945 3292 ingratia
986 3238 1048 3275 sarm
1063 3225 1214 3278 Christum.
1229 3222 1263 3276 Et
1273 3228 1314 3276 est
1326 3237 1425 3276 sensus
1445 3239 1451 3274 ι
1469 3221 1498 3276 Si
1513 3237 1564 3292 pro
1579 3220 1683 3275 delicto
1703 3220 1791 3275 unitae

145 3315 234 3365 anien
247 3312 367 3365 hominis
379 3312 441 3364 lesu
450 3311 554 3367 Christi
560 3315 589 3364 r'n
599 3311 944 3378 ptrrresaoondaeohtutti
986 3309 1188 3374 bominisAdae,
1197 3309 1272 3381 quod
1287 3326 1337 3381 per
1351 3324 1440 3365 unum
1450 3309 1592 3363 hominem
1603 3308 1696 3363 Adam
1702 3308 1791 3370 venit,

147 3405 176 3455 et
189 3400 283 3471 plures
296 3398 332 3453 ad
347 3400 450 3453 electos
464 3399 634 3454 referuntur.
646 3417 696 3455 nec
707 3406 750 3455 est
761 3401 942 3472 comparatio,
987 3414 1062 3452 mors
1076 3399 1201 3469 corporis
1215 3405 1244 3452 et
1255 3398 1490 3469 anirnaeregnavit
1503 3396 1711 3468 temporaliter,
1719 3396 1791 3453 etad

148 3489 223 3561 quod
238 3489 306 3542 dicit
316 3489 420 3559 plures,
432 3488 497 3558 quia
509 3489 603 3558 plures
612 3496 676 3543 seret
690 3489 800 3560 reprobi
808 3489 855 3562 qai
867 3490 945 3545 dam·
985 3493 1097 3558 tempus
1113 3488 1141 3543 in
1156 3488 1251 3543 electis
1262 3489 1352 3543 multo
1363 3487 1452 3558 magis
1461 3485 1622 3558 regnabunt
1634 3485 1678 3542 illi
1693 3485 1725 3541 in
1735 3486 1795 3541 vita

148 3578 300 3640 nabuntur,
312 3594 396 3648 quarn
408 3577 465 3631 sint
471 3578 540 3646 justi
549 3578 596 3649 qui
607 3579 799 3647 salvabuntur,
811 3579 859 3633 scd
869 3580 948 3634 abso·
987 3582 1102 3641 aeterna,
1122 3578 1291 3649 accipientes
1310 3579 1468 3648 pertesum
1483 3574 1627 3631 Christum
1642 3574 1811 3631 abundan-'

148 3668 207 3722 lute
223 3667 344 3738 positum
354 3667 557 3737 estlungatnr
571 3673 599 3721 et
613 3668 665 3722 hoc
680 3686 724 3722 me
737 3669 763 3722 lo
776 3669 822 3724 :Si
832 3674 948 3740 propter
988 3667 1067 3733 tiam,
1083 3666 1170 3722 idest
1187 3666 1390 3738 plenitudinem
1405 3665 1514 3736 matie,
1531 3680 1587 3735 qua
1605 3663 1796 3720 dimittuntur

149 3757 234 3811 unius
247 3755 370 3809 hominis
385 3754 518 3809 delictum
530 3758 606 3813 Adae.
618 3774 674 3811 non
694 3760 785 3812 solnm
797 3757 908 3829 reprobi
919 3763 948 3813 et
988 3762 1114 3826 peccata.
1129 3762 1158 3809 et
1169 3755 1373 3827 plenitudinem
1392 3753 1600 3817 dominationis,
1616 3753 1646 3808 id
1660 3759 1707 3808 est
1720 3754 1797 3809 dona

150 3843 269 3898 nimium
289 3848 459 3914 peccatores,
478 3845 527 3900 sen
542 3846 627 3900 etiam
652 3846 731 3901 electi
754 3847 859 3902 mortui
882 3853 951 3901 sunt
990 3845 1111 3916 Spiritus
1119 3844 1207 3899 sancti
1219 3860 1280 3914 quae
1291 3844 1386 3898 electis
1394 3843 1543 3905 donantur,
1556 3841 1670 3914 quando
1681 3841 1796 3897 illisda·

149 3932 344 4004 temporaliter
352 3949 478 4005 corpore,
487 3951 542 3990 non
551 3936 656 4001 anima,
667 3935 853 4006 multomagis
863 3934 950 3991 abun·
988 3939 1036 3988 tur
1050 3949 1101 4004 per
1115 3932 1250 4004 Spiritum
1265 3947 1357 3986 sermo
1372 3931 1527 4001 sapientia,
1548 3935 1578 3984 et
1597 3934 1703 3985 caetera
1718 3930 1795 3986 done

150 4021 261 4077 daritet
275 4022 362 4078 creuit
371 4024 464 4095 gratia
475 4024 572 4083 Dei.et
581 4025 685 4081 donum
697 4031 875 4101 pergratiam
884 4025 948 4080 lesu
989 4022 1108 4093 singulis
1122 4022 1295 4081 dividuntur,
1307 4021 1475 4092 accipientes
1490 4019 1576 4075 etIarn
1583 4018 1796 4090 plenitudinem

150 4111 256 4168 Christi
269 4111 296 4165 in
308 4111 412 4183 plures,
423 4113 450 4167 id
462 4113 542 4167 estin
554 4113 666 4177 electos,
680 4113 709 4168 in
720 4113 772 4168 hoc
785 4114 858 4167 enim
874 4113 945 4184 plns,
987 4111 1115 4182 justitiae,
1135 4111 1164 4165 id
1187 4113 1230 4164 est
1245 4125 1344 4164 omnes
1363 4109 1491 4175 virtutes,
1514 4114 1547 4162 ut
1571 4111 1636 4179 post
1658 4106 1797 4179 baptismi

150 4201 209 4254 aive
225 4201 417 4269 multomagis
436 4200 588 4255 abundarit
607 4201 710 4272 gratia,
724 4202 752 4256 id
767 4208 811 4256 est
822 4202 948 4256 remissio
989 4201 1109 4270 gratiam
1123 4201 1200 4270 juste
1213 4205 1365 4269 sancteque
1376 4198 1509 4255 vivamus.
1526 4197 1555 4252 Si
1571 4196 1648 4251 enim
1664 4196 1796 4252 moriun-

149 4293 328 4358 peccatorum
342 4289 371 4342 in
385 4288 497 4352 electos,
519 4305 603 4359 quarn
628 4295 773 4360 peccatum
789 4307 795 4342 :
812 4289 881 4360 quia
894 4304 949 4344 non
960 4287 1040 4345 Dtur
1054 4290 1136 4343 electi
1148 4288 1342 4359 temporaliter
1352 4293 1467 4358 propter
1484 4285 1621 4356 originale
1633 4291 1795 4357 peccatum,

151 4374 243 4430 solum
269 4374 337 4429 illud
362 4380 507 4446 peccatum
530 4377 676 4447 originale,
698 4378 901 4449 propterquod
921 4379 949 4433 in
993 4384 1087 4432 tamen
1102 4377 1286 4450 pergratiam
1302 4376 1408 4431 Christi
1433 4375 1576 4446 accipiunt
1588 4374 1678 4429 vitam
1692 4374 1798 4447 sempi-

150 4468 271 4518 mortem
282 4463 383 4518 animae
397 4469 425 4517 et
437 4465 686 4535 corporisruimus,
700 4465 747 4519 sed
763 4466 847 4520 etiam
856 4467 951 4521 onmia
992 4473 1112 4531 ternam,
1125 4465 1172 4519 ubi
1189 4464 1347 4535 regnabunt
1360 4481 1424 4520 cum
1439 4465 1510 4547 ipso.

151 4552 274 4607 actualia
283 4552 399 4608 abstulit
412 4554 442 4608 in
459 4553 564 4619 electis,
573 4560 602 4609 et
613 4554 729 4625 insuper
742 4554 857 4610 donarit
865 4556 949 4611 vitam
1027 4557 1119 4623 Igitur
1133 4557 1204 4607 sicut
1215 4570 1265 4622 per
1278 4554 1503 4607 uninsdetictum
1515 4555 1547 4606 in
1561 4566 1654 4605 omncs
1668 4552 1797 4607 leominee

149 4640 212 4696 aine
227 4641 283 4698 line
298 4657 470 4697 mansuram.
990 4645 1284 4699 incondemnotr'onom
1300 4645 1407 4706 mortis,
1418 4643 1603 4710 superentur
1611 4643 1798 4709 justittbma'n

186 4733 220 4788 Et
231 4749 288 4788 ιιοιι
302 4735 373 4787 sicut
384 4748 436 4802 per
451 4748 540 4787 tanum
555 4738 705 4802 pecccatum.
720 4731 853 4786 subaudis
862 4733 949 4804 origi·
991 4749 1084 4787 ornnes
1097 4733 1220 4786 ltornines
1235 4734 1266 4784 iu
1274 4733 1503 4799 justificationem
1526 4732 1598 4791 uite,
1614 4728 1644 4783 id
1663 4734 1709 4784 est
1724 4729 1799 4785 sicut

150 4821 224 4887 nale,
239 4822 315 4877 vonit
326 4839 411 4888 mors,
423 4824 464 4876 ito
476 4827 500 4876 ot
514 4824 630 4885 (terrram,
646 4820 781 4877 subaudis
794 4823 893 4892 gratiae
907 4838 950 4876 ve·
992 4836 1043 4893 per
1057 4820 1141 4875 nnius
1155 4819 1278 4874 hominis
1292 4819 1426 4874 delictum
1443 4819 1473 4874 in
1488 4834 1585 4873 omnes
1599 4816 1733 4872 homines
1745 4832 1797 4889 ge·

150 4910 203 4974 nit,
220 4912 295 4982 quod
316 4917 359 4965 est
373 4911 467 4966 dicere
482 4930 488 4965 :
505 4911 595 4966 Aliter
616 4916 702 4982 atque
723 4910 759 4965 ad
777 4910 855 4964 aliud
876 4911 951 4965 venit
991 4908 1127 4964 nataliter
1137 4908 1165 4961 in
1180 4907 1443 4962 condemnationem
1459 4905 1535 4959 venit
1558 4920 1635 4959 mors
1650 4909 1681 4960 at
1697 4920 1798 4977 pecca·

150 5005 294 5068 peccatum
309 5000 386 5060 Ada.
397 5006 427 5055 et
437 5000 520 5055 aliter
532 5001 661 5072 atquead
672 4999 748 5054 aliud
758 5000 949 5054 venitdonum
991 5004 1064 5058 tum,
1074 4997 1148 5051 sicet
1155 5012 1206 5067 per
1214 4995 1296 5050 unius
1305 4994 1428 5049 hominis
1438 4994 1589 5065 justitiam,
1610 4992 1639 5047 id
1658 4999 1705 5049 est
1715 4993 1798 5049 Chri·

151 5085 265 5140 Christi.
282 5087 430 5143 Peccatum
451 5089 527 5143 enim
544 5091 611 5143 Adoe
629 5089 706 5143 venit
721 5105 771 5159 per
784 5086 949 5143 inobedien-
992 5087 1038 5146 eti,
1056 5085 1084 5140 in
1104 5101 1202 5139 omnes
1215 5084 1344 5139 homines
1360 5085 1464 5138 electos
1483 5087 1511 5137 et
1529 5081 1748 5153 predestinatos
1762 5082 1798 5139 ad

149 5174 219 5229 tiam
234 5180 391 5230 utmortem
403 5177 517 5231 afferret
528 5197 533 5231 :
546 5175 861 5246 donumautemgratiae
871 5176 950 5230 Chri-
991 5175 1078 5229 sitam
1095 5177 1228 5228 aternam
1241 5172 1317 5226 venit
1325 5170 1418 5242 gratia
1432 5172 1462 5225 in
1474 5169 1711 5240 Justidcationem
1724 5170 1797 5226 ritae.

149 5262 186 5318 sti
200 5264 276 5318 venit
297 5281 349 5335 per
370 5264 558 5322 obedientiam
576 5286 582 5320 :
599 5284 657 5338 qua
679 5265 812 5320 obediens
825 5263 878 5318 luit
892 5264 949 5319 Deo
1028 5264 1187 5319 Sicutent'm
1199 5277 1248 5330 ρει
1262 5257 1798 5325 ιἠοὸεάιεηιίαιιιιιιιὶιιε1ιοιηιήε“ε,Αάε,

148 5351 226 5408 Petri
250 5359 283 5408 ut
308 5370 364 5409 non
387 5355 478 5411 solum
499 5357 646 5428 originale,
672 5355 721 5408 sed
746 5354 831 5407 etiam
855 5352 950 5407 omnia
990 5357 1140 5421 peccatores
1157 5353 1301 5404 constituti
1314 5353 1380 5401 sunt
1395 5350 1488 5412 rarrttr‘,
1504 5346 1533 5400 id
1547 5351 1591 5399 est
1604 5360 1691 5399 omne
1706 5361 1800 5417 genua

147 5442 269 5496 actualia
292 5444 424 5499 auferret.
450 5444 522 5509 Quid
545 5446 678 5502 delictum
698 5443 783 5497 suerit
797 5459 847 5512 per
862 5458 950 5496 unum
992 5442 1158 5503 hamanum,
1175 5439 1249 5510 quod
1264 5439 1292 5492 in
1306 5436 1409 5492 lumbis
1423 5436 1490 5490 Adae
1502 5440 1573 5496 erat,
1586 5437 1628 5488 r'ta
1642 5450 1696 5503 per
1709 5439 1801 5491 uatus

145 5538 317 5602 peccantem,
334 5531 374 5592 ita
388 5532 443 5593 erit
455 5533 682 5606 intelligendum.
695 5532 729 5589 Et
743 5526 800 5591 iton
815 5530 887 5591 sicut
901 5546 952 5608 per
993 5531 1114 5587 bornr'nts
1127 5529 1318 5586 obedientiam,
1335 5524 1363 5578 id
1381 5530 1424 5579 est
1443 5522 1558 5588 Christi,
1579 5538 1637 5594 qua
1659 5522 1717 5579 luit
1728 5521 1801 5581 obe·
