3818 6104
268 272 459 336 expostulo
479 272 519 335 nt
538 272 615 334 uer:
638 272 669 336 S.
688 269 807 331 PAULI.
825 299 857 316 -
877 270 917 328 IN
936 268 1048 331 EPlS'l'.
1068 270 1094 331 Il
1111 272 1161 333 AD
1181 271 1263 335 COR.
1532 280 1586 342 ffid

101 412 241 466 somnum
251 404 424 478 superbiam,
435 405 609 459 extollentem
620 402 839 462 seadoer-Atur
851 400 881 456 in
896 416 988 457 sensu.
1006 401 1111 458 Verum
1133 407 1177 459 est
1195 417 1307 476 quoque
1324 405 1398 477 quod
1419 405 1479 478 ipse
1493 408 1584 466 dixit:

101 501 158 554 ium
172 500 222 554 Dei
235 502 265 551 et
279 511 378 550 sumus
392 510 443 547 nos
457 495 607 561 redigentes
622 495 653 546 in
667 494 752 562 eapti·
792 489 827 544 Et
841 489 864 543 si
877 489 1025 562 imperitus
1038 508 1101 549 sum
1119 505 1259 560 sermone,
1275 494 1324 548 sed
1339 510 1395 548 non
1410 495 1538 551 seientia.

101 603 188 643 musra
202 589 372 641 intellectum
383 583 532 638 bominum
544 585 576 636 in
590 583 745 650 obsequium
825 579 878 644 Qui
895 581 1046 646 clamator,
1066 583 1098 635 tn
1107 582 1226 637 donnino
1236 585 1382 650 glorietur.
1395 583 1499 640 Beatus
1511 587 1587 659 Apo·

101 676 112 731 l
125 682 170 731 est
182 675 211 729 in
223 674 364 729 culturam
380 675 409 727 et
419 671 583 742 religionem
599 670 669 737 ejus.
689 666 749 722 Ista
789 665 878 720 stolus
889 666 980 722 sciens
989 668 1084 723 omnia
1093 669 1166 724 bona
1179 685 1231 724 nos
1244 685 1262 724 a
1273 670 1331 726 Deo
1341 670 1445 728 habere
1459 691 1589 746 quacun-

108 763 248 820 inbonam
265 768 373 834 partem
385 766 429 815 est
436 755 749 831 accipienda.Diabolus
790 769 844 824 que
867 753 971 810 habere
985 772 1145 827 possumus,
1159 757 1217 812 aire
1232 757 1261 813 in
1282 766 1393 826 natura,
1408 762 1476 832 quia
1490 763 1587 820 abillo

101 853 231 909 suasione
255 849 404 922 captivavit
433 848 555 920 primum
586 845 747 909 hominem,
790 843 856 897 sacti
866 845 1034 910 sumussire
1048 846 1077 901 in
1090 847 1334 912 iustituto‚sivein
1350 850 1426 904 omni
1444 868 1589 909 conversa·

101 941 159 997 lum
176 941 230 995 sibi
243 939 378 1003 subdidit,
393 941 423 991 et
444 941 543 1008 postea
561 952 643 991 omne
661 950 750 1006 genus
791 932 868 986 tione
881 938 979 989 sancta
993 934 1022 988 in
1037 935 1102 1002 tide,
1118 935 1148 990 in
1163 953 1221 1007 spe,
1245 937 1274 991 in
1299 938 1446 1008 charitate,
1462 941 1492 997 in
1507 943 1588 999 bonis

101 1034 183 1098 itum,
199 1034 232 1084 ut
242 1029 317 1083 idola
326 1027 352 1082 ci
362 1025 495 1082 suaderet
504 1025 623 1080 adorare
631 1040 681 1095 pro
691 1023 749 1078 Deo
790 1021 930 1091 operibus,
947 1021 975 1077 iu
987 1023 1107 1093 justitia,
1124 1027 1153 1078 in
1174 1025 1276 1080 timore
1290 1026 1341 1081 Dei
1363 1033 1512 1101 totumque
1525 1048 1587 1089 esse

112 1119 203 1191 ipsam
213 1117 405 1187 captiuitatem
420 1113 536 1168 humani
544 1112 748 1184 generisquam
791 1110 909 1165 exilius
923 1110 1004 1165 donis
1018 1113 1079 1166 sine
1104 1113 1200 1183 aliquo
1215 1119 1312 1169 nostro
1336 1118 1448 1186 merito,
1471 1119 1588 1177 abstulit

101 1206 326 1280 mptivai·emtad
337 1208 467 1266 mortem,
483 1201 601 1274 apostoli
614 1215 751 1273 perarma
789 1199 908 1270 gloriam
914 1198 1066 1255 humanam
1078 1207 1107 1257 et
1116 1201 1345 1275 superbiamque
1359 1221 1389 1261 se
1402 1208 1587 1267 dicuntmulti

101 1297 160 1353 onis
171 1302 200 1352 et
212 1297 344 1351 virtutem
355 1293 555 1348 miraculorum
570 1288 750 1362 captivabant
790 1303 808 1341 a
822 1303 852 1341 se
866 1288 981 1359 suisque
993 1289 1101 1344 meritis
1119 1289 1223 1345 habere
1234 1293 1308 1362 quod
1326 1293 1441 1364 habent,
1453 1303 1482 1352 et
1495 1298 1563 1355 dicit
1579 1319 1585 1355 :

101 1401 148 1442 um
159 1390 188 1440 st
201 1383 235 1438 ad
250 1384 335 1438 vitam
349 1387 495 1437 aetcruam.
504 1380 576 1434 Nam
585 1379 658 1433 sicut
667 1376 752 1448 quili·
793 1374 847 1438 Qui
860 1376 1105 1447 gloriaturinfide,
1120 1377 1150 1433 in
1163 1380 1370 1450 praedicatione,
1382 1383 1411 1438 in
1423 1385 1525 1442 virtute
1535 1388 1591 1444 mi·

101 1480 169 1530 ator
183 1478 312 1529 terrenus
327 1476 420 1525 armat
444 1469 549 1523 milites
562 1484 637 1533 suos,
654 1470 687 1521 ut
703 1481 753 1537 per
793 1465 953 1521 iraculorum
963 1468 1051 1521 autin
1061 1467 1235 1539 aliquobono
1254 1471 1327 1541 quod
1347 1471 1441 1541 lmbet,
1455 1492 1512 1531 non
1522 1477 1590 1533 inse

101 1568 158 1634 rget
172 1561 223 1616 sibi
234 1577 330 1631 mgna,
339 1559 477 1629 regiones,
494 1564 522 1612 et
536 1554 702 1627 provinciam
713 1554 752 1608 ita
793 1553 992 1623 glorietur,sed
1001 1555 1031 1609 in
1043 1555 1255 1623 Domino,idest
1266 1559 1301 1613 ad
1309 1560 1428 1630 gloriam
1438 1564 1490 1620 Dei
1499 1569 1591 1622 totum

101 1651 220 1706 armavit
234 1649 337 1703 milites
351 1663 417 1702 suos
431 1646 572 1717 apostolos
581 1642 754 1717 spiritalibus
795 1641 907 1709 reserat,
923 1648 952 1697 et
965 1644 1001 1698 de
1013 1643 1088 1699 illius
1098 1645 1197 1715 gratiae
1211 1652 1323 1718 reputet
1335 1665 1352 1703 a
1368 1667 1424 1722 quo
1439 1655 1545 1726 accepit
1557 1657 1593 1711 il-

113 1756 165 1812 per
178 1739 242 1794 illos
257 1737 382 1793 subdidit
397 1735 450 1790 sibi
460 1751 532 1806 pene
541 1749 638 1788 omnes
644 1737 752 1803 gentes.
763 1718 854 1785 Blud.
868 1731 905 1786 Ut
917 1747 986 1802 ergo
995 1749 1129 1800 essemus,
1142 1734 1193 1789 Dei
1208 1735 1400 1794 misericordia
1412 1747 1467 1800 est.
1487 1742 1559 1814 Ergo
1568 1745 1592 1801 si

101 1845 173 1885 inor
184 1830 310 1882 babentes
325 1830 356 1880 ia
370 1828 509 1894 prorupta,
526 1824 555 1878 id
567 1823 650 1878 estin
665 1821 756 1877 mani-
796 1819 911 1874 omniuo
925 1819 1115 1876 nihileramus
1128 1828 1278 1894 antequam
1292 1842 1427 1894 essemus,
1443 1831 1514 1885 nibil
1526 1848 1593 1903 pro-

101 1921 195 1972 untate
213 1918 310 1970 alcisci
329 1931 437 1969 onlnem
453 1914 756 1979 inobedientissimus
797 1907 953 1964 meruimus
960 1910 1130 1981 apadDeum
1138 1916 1171 1967 ut
1183 1916 1399 1972 emanuel-'ecit
1411 1934 1463 1973 nos
1479 1926 1594 1977 utesso·

101 2009 174 2061 uerit
188 2010 278 2059 oestro
292 2005 454 2058 obedientia.
467 2002 526 2056 lloc
544 2001 584 2056 ito
598 2006 642 2055 est
655 1999 757 2055 distin·
797 1997 1040 2063 asserionem
1051 1999 1429 2071 nosipseatboniessemus.
1441 2007 1524 2064 Dedit
1534 2010 1594 2082 ipse

108 2100 137 2150 et
150 2100 248 2165 postea
259 2093 332 2163 quod
343 2090 757 2164 sequiturinterendum.Etpo·
797 2086 878 2142 nobis
894 2092 925 2142 ut
939 2087 1036 2154 simus,
1051 2094 1080 2144 et
1096 2090 1190 2161 potuit
1203 2091 1276 2145 alius
1291 2091 1359 2146 dare
1373 2101 1406 2149 ut
1415 2095 1480 2152 boni
1493 2097 1592 2156 simus.

101 2183 177 2238 {citer
186 2182 315 2251 intelligi,
330 2181 358 2234 id
372 2185 414 2234 est
426 2179 577 2234 utdicatur
586 2179 758 2234 bancvolun-
799 2173 828 2228 Si
842 2174 901 2245 ipse
916 2173 996 2229 dedit
1005 2180 1037 2230 ut
1047 2175 1145 2242 simus,
1161 2182 1190 2232 et
1203 2178 1275 2233 alius
1285 2179 1362 2234 dedit
1376 2185 1408 2236 ut
1418 2181 1483 2238 boni
1494 2183 1594 2251 simus,

101 2270 206 2337 bemus,
229 2275 261 2324 ut
282 2269 435 2323 ulciscatur
456 2274 551 2322 restra
569 2266 759 2322 inobedientia
799 2262 899 2318 melior
913 2269 956 2318 est
970 2263 1018 2318 ille
1041 2264 1090 2335 qui
1105 2264 1174 2320 mihi
1188 2266 1267 2321 dedit
1280 2273 1313 2322 ut
1327 2267 1417 2326 bonus
1433 2271 1497 2338 sim,
1511 2290 1597 2345 quam

101 2366 200 2416 clauus
220 2358 360 2413 habuistis
373 2373 424 2428 per
444 2355 632 2411 obedientiam
644 2355 756 2410 bonam.
799 2350 846 2405 illc
857 2350 905 2421 qui
920 2350 989 2406 mibi
1003 2352 1081 2406 dedit
1094 2357 1127 2406 ut
1143 2352 1207 2408 sim.
1224 2354 1312 2410 Porro
1324 2358 1391 2429 quia
1408 2374 1492 2415 nemo
1504 2361 1534 2415 in
1547 2361 1600 2416 mi·

101 2452 134 2505 im
159 2448 316 2502 vindicatur
342 2452 371 2501 et
397 2445 542 2500 ulciscitur
568 2444 759 2499 inobedientia
799 2438 951 2494 sericordia
969 2439 1083 2509 largior,
1099 2457 1184 2512 quam
1211 2442 1259 2498 ille
1287 2461 1304 2498 a
1327 2462 1382 2517 quo
1396 2449 1554 2521 accepimus
1567 2455 1600 2506 ut

101 2537 316 2610 isuperpouitur
330 2535 498 2590 obedientia.
510 2534 614 2589 Aliter:
623 2534 701 2587 Hanc
715 2549 760 2587 uo·
800 2543 937 2595 essemus,
952 2526 1050 2582 abillo
1065 2530 1224 2601 accepimus
1238 2537 1271 2587 ut
1290 2532 1356 2588 boni
1369 2552 1511 2606 essemus,
1533 2555 1601 2611 qua-

101 2626 230 2698 ‚inquin
246 2625 392 2681 habemus.
404 2629 507 2679 etcum
521 2621 760 2694 vosimplereritis
800 2622 916 2689 propter
941 2633 1039 2671 omnes
1068 2618 1202 2674 debemus
1223 2637 1288 2676 eum
1314 2623 1465 2681 Psalmista
1485 2626 1596 2684 dicere:

101 2714 284 2772 obedientiam
292 2713 339 2785 qui
350 2712 530 2784 perfectiores
538 2710 652 2766 etbonae
662 2710 761 2764 velun·
801 2706 872 2759 Deus
886 2720 973 2773 metes,
989 2708 1180 2762 ’'istm'wr‘lfss
1194 2724 1255 2763 ’Μ
1266 2712 1349 2778 (Pfflb
1369 2717 1456 2772 suu.)

101 2821 123 2872 Β,
141 2803 280 2874 nobisque
290 2802 319 2856 in
338 2801 468 2856 omnibus
481 2799 599 2857 obedit„
614 2817 619 2853 :
634 2804 702 2854 pun,
714 2799 759 2852 ul.
829 2794 977 2849 lioneuim
987 2798 1037 2862 qai
1045 2798 1165 2864 seipsam
1175 2799 1598 2872 commendatilteprobatusest:

101 2893 211 2949 illorum
221 2891 411 2945 inobedientia
421 2907 472 2961 per
484 2905 545 2953 nos,
555 2889 603 2959 qui
616 2886 759 2957 dedignati
799 2885 846 2937 sed
854 2897 934 2952 quern
945 2884 1014 2938 Deus
1023 2885 1424 2945 coturrtendat.commendatio
1433 2891 1601 2966 plerumque

101 2982 188 3038 fiscum
205 2979 310 3051 aliquid
323 2979 435 3034 mittere
456 2976 569 3042 sanctis,
584 2976 632 3047 qui
651 2980 718 3030 sunt
730 2975 760 3030 in
800 2986 852 3042 pro
866 2971 950 3025 laude
963 2971 1086 3042 ponitur,
1103 2972 1177 3027 sicut
1189 2973 1218 3028 in
1231 2975 1284 3030 isto
1297 2977 1369 3045 loco,
1381 2983 1411 3034 et
1423 2979 1489 3035 alibi
1504 2981 1600 3038 ubidi-

101 3070 176 3137 rmis,
193 3075 226 3124 ut
240 3074 335 3123 esseut
359 3067 511 3140 participes
525 3071 681 3120 vestrorum
696 3080 760 3119 mu·
769 3031 791 3092 G
801 3059 839 3114 cit
849 3059 923 3114 idern
937 3059 1106 3131 Apostolus:
1123 3061 1179 3129 lieo
1192 3062 1275 3117 debui
1282 3080 1300 3118 a
1324 3067 1398 3121 robis
1411 3071 1602 3125 minuendam·

802 3149 842 3219 (ll
855 3148 914 3204 tor.
932 3147 990 3219 nu),
1005 3147 1034 3202 id
1050 3153 1093 3203 est
1116 3149 1237 3217 laudari,
1252 3157 1282 3206 et
1299 3168 1356 3208 non
1371 3158 1604 3214 commendamus

101 3250 228 3305 murdrum
243 3249 343 3317 factem
355 3250 430 3308 sunt,
447 3246 533 3300 uidete
550 3243 578 3299 id
594 3249 638 3298 est
653 3259 714 3314 qum
732 3243 761 3297 in
802 3253 854 3292 nos
867 3235 954 3304 vobis,
970 3236 1000 3290 id
1012 3243 1054 3292 est
1067 3254 1123 3293 non
1136 3237 1285 3295 laudamus
1300 3257 1351 3297 nos
1369 3244 1445 3316 apud
1456 3262 1515 3302 vos.
1530 3249 1602 3303 Pro·

101 3337 265 3394 sulcantur
279 3353 296 3390 a
310 3335 391 3391 nobis
401 3335 430 3390 in
445 3333 638 3407 superioribus
652 3339 681 3387 et
694 3332 762 3387 inse·
802 3325 885 3381 batus
899 3331 994 3381 autem
1009 3326 1084 3382 idem
1096 3333 1141 3383 est
1156 3333 1186 3383 et
1198 3329 1304 3400 probus
1328 3338 1356 3386 et
1370 3332 1529 3405 laudabilis,
1544 3335 1602 3392 siro

101 3442 147 3483 ros
159 3426 310 3496 intelligite
330 3431 358 3480 et
372 3424 545 3496 perpendite.
802 3414 886 3469 laude
911 3414 1021 3485 diguus.
1038 3417 1110 3479 Nou,
1125 3417 1217 3488 iuquit
1230 3419 1391 3490 Apostolus,
1413 3428 1464 3493 qui
1481 3427 1602 3495 seipsam

101 3532 139 3571 stu
153 3531 209 3569 uon
220 3512 762 3581 existimer,snbaodisavobistanqaam
802 3505 1018 3559 commendaret
1036 3505 1135 3559 laudat
1156 3506 1232 3578 apud
1246 3507 1383 3577 homiues,
1402 3514 1449 3566 ille
1468 3515 1602 3582 probatus

101 3620 122 3659 ,3
135 3604 242 3667 polens,
256 3617 306 3672 per
320 3603 456 3671 Epaioi„
470 3602 690 3671 igtag‚qu0n,·am
699 3601 763 3671 qus.
804 3597 854 3657 est,
869 3591 927 3645 sire
938 3591 1021 3647 leude
1035 3592 1138 3664 dignus
1151 3600 1202 3660 cst,
1218 3595 1284 3666 quia
1301 3613 1401 3653 uanam
1415 3599 1536 3669 gloriam
1550 3617 1602 3672 pa·

102 3693 173 3757 tola,
184 3691 424 3762 inquiunt,praues
440 3695 505 3745 sant
515 3689 545 3744 in
558 3689 761 3745 correctionem
802 3680 874 3734 titur
888 3698 894 3734 :
909 3681 955 3734 sed
964 3696 1043 3750 quem
1054 3682 1124 3735 Deus
1137 3685 1320 3754 resumendat,
1331 3684 1360 3739 id
1374 3692 1417 3742 est
1431 3686 1601 3744 laudabilem

101 3779 129 3835 in
141 3778 335 3835 observatione
347 3797 354 3846 3
365 3780 511 3848 prasentia
523 3784 615 3833 autem
629 3780 761 3847 corporis,
802 3767 905 3837 reddit,
920 3768 968 3823 ille
980 3768 1064 3823 laude
1077 3774 1120 3824 est
1133 3769 1245 3841 dignus,

101 3884 155 3925 una
168 3868 244 3923 illius
259 3868 288 3921 in
301 3867 451 3939 prasentia
463 3867 565 3939 posita,
580 3869 695 3935 infirmo
705 3866 762 3921 sire
1106 3912 1223 3971 CAPUT
1240 3916 1279 3972 XI

101 3999 103 4008 i
119 3961 173 4023 est,
186 3962 209 4011 et
223 3972 314 4011 sermo
326 3957 403 4011 illius
417 3957 629 4026 contemptibilis
642 3955 700 4009 sirc
714 3953 763 4009 de·
1283 3956 1288 3970 ¹

101 4062 118 4102 s.
132 4044 172 4101 Ex
187 4061 308 4117 persona
317 4045 504 4116 quorumdam
514 4043 650 4115 loquitur,
661 4043 710 4115 qui
723 4048 765 4098 ta·
825 4034 935 4092 Utinam
948 4041 1120 4093 sustineretis
1129 4042 1519 4116 modicamqatdtnstpienus
1525 4050 1620 4109 mee?

101 4135 195 4191 sntdc
210 4135 268 4201 illo,
285 4141 313 4189 et
324 4134 387 4190 ideo
401 4134 477 4202 dicit,
499 4133 764 4203 quoniamquidem,
807 4125 989 4183 Venientibus
998 4129 1251 4201 pseudo—apostolis
1260 4133 1295 4187 ad
1307 4133 1467 4192 Corinthios
1476 4141 1601 4211 postdis·

102 4266 110 4289 ‚
125 4224 179 4281 ini,
806 4232 916 4272 cessum
925 4218 1063 4290 Apostoli,
1075 4222 1105 4273 et
1117 4218 1274 4277 dicentibus
1283 4224 1449 4297 Apostolum
1468 4245 1525 4285 uon
1539 4246 1601 4288 esse

101 4315 152 4369 rim
166 4312 248 4384 quasi
262 4327 319 4367 non
332 4311 468 4367 habentes
478 4313 646 4382 potestatem
655 4308 763 4381 pertin·
806 4323 824 4361 a
838 4306 895 4361 Deo
906 4306 1035 4375 missum,
1052 4308 1119 4380 quia
1134 4323 1191 4365 non
1209 4311 1302 4367 tuerat
1325 4329 1343 4368 a
1362 4315 1474 4372 Christo
1487 4325 1601 4377 vocatus

111 4416 172 4467 ros,
184 4400 214 4455 in
229 4399 430 4472 praedicatione
437 4400 704 4469 superexstendimus
715 4412 763 4451 nos
772 4392 871 4451 Dante
880 4396 942 4466 ejus
951 4397 1154 4465 ascensionem,
1162 4414 1213 4454 nec
1221 4400 1256 4455 ab
1265 4401 1313 4457 illo
1324 4403 1602 4481 edoctus,insuperet

101 4489 241 4560 dausque
252 4489 286 4543 ud
297 4505 345 4543 vos
357 4507 362 4542 :
374 4505 459 4557 usqtec
468 4486 766 4556 odooseuimpcrcent-
806 4484 947 4540 contraria
961 4486 1127 4558 predicaret
1142 4488 1333 4559 predicationi
1353 4494 1472 4551 aliorum
1494 4504 1603 4570 aposto·

101 4577 215 4634 licando
224 4578 406 4648 Evangelium
417 4576 521 4632 Christi
530 4575 565 4630 ad
576 4575 764 4631 Hierusalem.
806 4575 982 4647 lorum,quos
991 4591 1109 4647 magnos
1122 4580 1265 4649 apostolos
1279 4582 1423 4650 uocabant,
1439 4592 1602 4645 averterunt

101 4683 111 4723 s
133 4667 220 4723 etiam
246 4683 319 4736 spem
341 4666 370 4719 in
392 4664 565 4720 abundantia
583 4665 648 4732 fidei
661 4667 762 4725 uestra,
805 4664 943 4736 plurimos
952 4663 987 4719 ab
1001 4667 1239 4738 amoreApostoli,
1254 4685 1324 4739 quos
1334 4670 1369 4724 ad
1383 4688 1507 4728 amorem
1518 4693 1600 4733 suum

110 4757 174 4825 etto,
188 4755 322 4812 subaudis
332 4756 400 4820 loca,
417 4756 674 4822 evangeliumque
687 4752 766 4806 altra
806 4758 953 4809 traxerunt
965 4754 1090 4810 dicentes
1100 4771 1130 4810 se
1145 4772 1206 4810 esse
1220 4757 1321 4811 missos
1335 4773 1352 4811 a
1367 4761 1476 4831 magnis
1486 4769 1599 4835 aposto-

101 4890 103 4897 ,
118 4849 287 4900 nontamen
301 4842 521 4913 habemusspem
535 4857 627 4912 neque
641 4840 765 4894 rotums-
806 4841 850 4909 lis,
865 4859 883 4896 a
894 4843 989 4910 Petro,
1006 4843 1132 4909 Andrea,
1149 4844 1164 4898 J
1167 4843 1262 4910 ncobo,
1279 4846 1441 4917 ceterisque
1454 4853 1600 4922 apostolis.

101 4934 156 4987 iare·
169 4935 203 4986 in
215 4935 309 4986 altena
324 4936 431 5000 reputo,
446 4931 475 4985 id
489 4929 575 4985 estin
590 4929 635 4983 bis
654 4927 701 5000 qui
716 4945 767 5000 per
807 4932 958 5002 Apostolus
968 4948 1036 5002 ergo
1050 4932 1145 4987 rolens
1161 4948 1208 4986 eos
1222 4932 1324 4986 iterum
1340 4934 1376 4988 ab
1394 4951 1489 4994 amore
1504 4957 1602 5000 eorum

101 5019 325 5092 praedicationem
336 5019 525 5085 crediderunt,
537 5019 698 5090 stragulam
709 5017 767 5073 sive
807 5035 949 5091 separare,
963 5026 993 5075 st
1004 5020 1039 5074 ad
1051 5034 1133 5074 suum
1144 5022 1334 5093 revocare,qui
1344 5023 1428 5080 sidem
1439 5027 1605 5105 Christipri-

101 5126 170 5165 nem
192 5109 259 5164 tidei
272 5114 467 5180 perceperunt,
483 5124 575 5178 neque
599 5108 628 5162 in
642 5107 686 5162 his
699 5107 768 5163 loeis
808 5108 1604 5179 musinillorumcordibusinfixerat,luudabatsecoactus

101 5202 204 5271 parata
222 5198 338 5254 suntab
358 5197 431 5261 aliis,
446 5198 574 5253 volumus
588 5200 717 5266 gloriari,
732 5213 768 5252 ne
809 5197 909 5264 serbis,
926 5197 1044 5252 sednon
1059 5198 1142 5251 corde
1159 5213 1250 5270 neque
1264 5215 1359 5271 sensu,
1374 5204 1442 5275 quia
1456 5207 1561 5265 sciebat
1575 5229 1606 5270 sa

101 5289 192 5343 lenum
216 5287 432 5342 tundamentum
458 5287 596 5342 aedificare
614 5286 766 5344 videamur.
810 5288 880 5342 nibil
895 5288 1030 5359 prolicere
1045 5291 1160 5358 propter
1174 5286 1286 5344 laudem
1296 5290 1460 5364 humanam,
1476 5298 1529 5354 nisi
1541 5304 1606 5356 tau·

101 5375 196 5442 tentia,
210 5375 277 5431 licet
291 5381 352 5430 tota
364 5376 402 5431 sit
413 5377 440 5430 in
454 5376 554 5431 Latino
564 5392 693 5432 sermone
707 5394 772 5432 con·
810 5382 871 5432 turo
886 5381 919 5431 ut
935 5375 977 5429 illi
989 5373 1025 5428 ab
1035 5376 1097 5444 ejus
1111 5376 1308 5447 predicatione
1321 5397 1377 5437 non
1392 5385 1565 5457 recederent,
1578 5394 1606 5444 et

101 5469 320 5530 onratcnata‚ac
331 5466 420 5520 multa
429 5465 521 5521 desint
531 5465 559 5519 in
569 5465 772 5522 subauditioni·
812 5464 966 5538 quiaapud
987 5464 1115 5521 homines
1140 5467 1259 5523 stultum
1282 5475 1311 5525 et
1337 5471 1606 5545 insipientia-estat

101 5553 216 5629 apud
222 5553 335 5611 Grecos
343 5554 453 5628 plenior
459 5560 488 5615 et
497 5554 672 5615 manifestior
685 5554 772 5617 bube-
812 5553 916 5635 aliquis
924 5569 955 5615 se
967 5553 1066 5615 trudet
1077 5555 1199 5618 maurus
1207 5574 1271 5621 eum
1282 5559 1415 5625 woman
1427 5563 1520 5625 dicat:
1534 5562 1604 5621 lau·

101 5652 226 5727 aanor„
241 5654 360 5727 extu.
904 5719 911 5739 ,
1443 5659 1482 5727 st
