<?xml version="1.0" encoding="UTF-8"?>
<!DOCTYPE html PUBLIC "-//W3C//DTD XHTML 1.0 Transitional//EN"
    "http://www.w3.org/TR/xhtml1/DTD/xhtml1-transitional.dtd">
<html xmlns="http://www.w3.org/1999/xhtml" xml:lang="en" lang="en">
 <head>
  <title>
</title>
<meta http-equiv="Content-Type" content="text/html;charset=utf-8" />
  <meta name='ocr-system' content='tesseract 3.04.00' />
  <meta name='ocr-capabilities' content='ocr_page ocr_carea ocr_par ocr_line ocrx_word'/>
</head>
<body>
  <div class='ocr_page' id='page_1' title='image "./patrologiaecurs31unkngoog/patrologiaecurs31unkngoog_0155.png"; bbox 0 0 3840 6098; ppageno 0'>
   <div class='ocr_carea' id='block_1_1' title="bbox 151 296 1790 370">
    <p class='ocr_par' dir='ltr' id='par_1_1' title="bbox 151 286 1790 370">
     <span class='ocr_line' id='line_1_1' title="bbox 151 296 1790 370; baseline -0.002 0"><span class='ocrx_word' id='word_1_1' title='bbox 151 296 204 370; x_wconf 78' lang='lat' dir='ltr'><strong>t&#39;sb&#39;</strong></span> <span class='ocrx_word' id='word_1_2' title='bbox 374 305 564 363; x_wconf 79' lang='lat' dir='ltr'>HAYMONIS</span> <span class='ocrx_word' id='word_1_3' title='bbox 586 302 830 359; x_wconf 72' lang='lat' dir='ltr'><strong>Hmssas&#39;rnr.</strong></span> <span class='ocrx_word' id='word_1_4' title='bbox 848 298 960 356; x_wconf 83' lang='lat' dir='ltr'><strong>EPlSC.</strong></span> <span class='ocrx_word' id='word_1_5' title='bbox 979 296 1058 352; x_wconf 89' lang='lat' dir='ltr'><strong>OPP.</strong></span> <span class='ocrx_word' id='word_1_6' title='bbox 1072 296 1164 353; x_wconf 74' lang='lat' dir='ltr'><strong>PARS</strong></span> <span class='ocrx_word' id='word_1_7' title='bbox 1178 298 1201 354; x_wconf 94' lang='lat' dir='ltr'><strong>l.</strong></span> <span class='ocrx_word' id='word_1_8' title='bbox 1217 328 1250 340; x_wconf 93' lang='lat'>—</span> <span class='ocrx_word' id='word_1_9' title='bbox 1266 299 1455 360; x_wconf 73' lang='lat' dir='ltr'><strong>conatam.</strong></span> <span class='ocrx_word' id='word_1_10' title='bbox 1474 303 1568 363; x_wconf 84' lang='lat' dir='ltr'><strong>BIEL.</strong></span> <span class='ocrx_word' id='word_1_11' title='bbox 1736 296 1790 366; x_wconf 56' lang='lat' dir='ltr'><strong>m</strong></span> 
     </span>
    </p>
   </div>
   <div class='ocr_carea' id='block_1_2' title="bbox 144 415 1788 1304">
    <p class='ocr_par' dir='ltr' id='par_1_2' title="bbox 144 415 1788 1304">
     <span class='ocr_line' id='line_1_2' title="bbox 149 415 1788 503; baseline -0.002 -10"><span class='ocrx_word' id='word_1_12' title='bbox 149 441 251 493; x_wconf 89' lang='lat' dir='ltr'><strong>natura</strong></span> <span class='ocrx_word' id='word_1_13' title='bbox 265 440 317 494; x_wconf 88' lang='lat' dir='ltr'><strong>cst.</strong></span> <span class='ocrx_word' id='word_1_14' title='bbox 334 437 368 488; x_wconf 85' lang='lat' dir='ltr'><strong>ut</strong></span> <span class='ocrx_word' id='word_1_15' title='bbox 385 432 407 486; x_wconf 91' lang='lat' dir='ltr'><strong>si</strong></span> <span class='ocrx_word' id='word_1_16' title='bbox 422 446 488 485; x_wconf 88' lang='lat' dir='ltr'><strong>casu</strong></span> <span class='ocrx_word' id='word_1_17' title='bbox 505 415 651 499; x_wconf 81' lang='lat' dir='ltr'><strong>cbnjugem</strong></span> <span class='ocrx_word' id='word_1_18' title='bbox 677 426 838 499; x_wconf 81' lang='lat' dir='ltr'><strong>perdiderit.</strong></span> <span class='ocrx_word' id='word_1_19' title='bbox 856 421 1044 483; x_wconf 78' lang='lat' dir='ltr'><strong>aliumAllei.</strong></span> <span class='ocrx_word' id='word_1_20' title='bbox 1062 420 1115 476; x_wconf 78' lang='lat' dir='ltr'><strong>Sed</strong></span> <span class='ocrx_word' id='word_1_21' title='bbox 1132 422 1205 477; x_wconf 90' lang='lat' dir='ltr'><strong>sicut</strong></span> <span class='ocrx_word' id='word_1_22' title='bbox 1218 423 1324 480; x_wconf 88' lang='lat' dir='ltr'><strong>dictum</strong></span> <span class='ocrx_word' id='word_1_23' title='bbox 1345 433 1397 492; x_wconf 78' lang='lat' dir='ltr'><strong>est,</strong></span> <span class='ocrx_word' id='word_1_24' title='bbox 1413 430 1550 485; x_wconf 73' lang='lat' dir='ltr'><strong>sanctitas</strong></span> <span class='ocrx_word' id='word_1_25' title='bbox 1573 432 1665 503; x_wconf 89' lang='lat' dir='ltr'><strong>magis</strong></span> <span class='ocrx_word' id='word_1_26' title='bbox 1679 448 1697 486; x_wconf 89' lang='lat' dir='ltr'><strong>a</strong></span> <span class='ocrx_word' id='word_1_27' title='bbox 1711 436 1788 488; x_wconf 87' lang='lat' dir='ltr'><strong>tem·</strong></span> 
     </span>
     <span class='ocr_line' id='line_1_3' title="bbox 149 510 1786 594; baseline 0.005 -24"><span class='ocrx_word' id='word_1_28' title='bbox 149 513 944 592; x_wconf 72' lang='lat' dir='ltr'><strong>ultranonrequirat.TurturiergoassimilaturEcclesia‚</strong></span> <span class='ocrx_word' id='word_1_29' title='bbox 987 526 1054 580; x_wconf 89' lang='lat' dir='ltr'><strong>pore</strong></span> <span class='ocrx_word' id='word_1_30' title='bbox 1070 510 1272 567; x_wconf 85' lang='lat' dir='ltr'><strong>incarnationis</strong></span> <span class='ocrx_word' id='word_1_31' title='bbox 1296 514 1400 569; x_wconf 87' lang='lat' dir='ltr'><strong>Christi</strong></span> <span class='ocrx_word' id='word_1_32' title='bbox 1424 510 1553 583; x_wconf 74' lang='lat' dir='ltr'><strong>exerent.</strong></span> <span class='ocrx_word' id='word_1_33' title='bbox 1579 526 1608 575; x_wconf 90' lang='lat' dir='ltr'><strong>et</strong></span> <span class='ocrx_word' id='word_1_34' title='bbox 1627 526 1696 576; x_wconf 90' lang='lat' dir='ltr'><strong>tunc</strong></span> <span class='ocrx_word' id='word_1_35' title='bbox 1715 536 1786 594; x_wconf 84' lang='lat' dir='ltr'><strong>quo·</strong></span> 
     </span>
     <span class='ocr_line' id='line_1_4' title="bbox 169 597 1787 683; baseline 0.002 -22"><span class='ocrx_word' id='word_1_36' title='bbox 169 610 216 670; x_wconf 78' lang='lat' dir='ltr'><strong>uia</strong></span> <span class='ocrx_word' id='word_1_37' title='bbox 231 628 264 668; x_wconf 84' lang='lat' dir='ltr'><strong>ex</strong></span> <span class='ocrx_word' id='word_1_38' title='bbox 279 627 334 683; x_wconf 91' lang='lat' dir='ltr'><strong>quo</strong></span> <span class='ocrx_word' id='word_1_39' title='bbox 347 608 475 663; x_wconf 82' lang='lat' dir='ltr'><strong>Christus</strong></span> <span class='ocrx_word' id='word_1_40' title='bbox 491 606 625 659; x_wconf 89' lang='lat' dir='ltr'><strong>mundum</strong></span> <span class='ocrx_word' id='word_1_41' title='bbox 642 607 791 675; x_wconf 68' lang='lat' dir='ltr'><strong>praesentia</strong></span> <span class='ocrx_word' id='word_1_42' title='bbox 806 600 946 672; x_wconf 87' lang='lat' dir='ltr'><strong>corporali</strong></span> <span class='ocrx_word' id='word_1_43' title='bbox 987 597 1136 652; x_wconf 90' lang='lat' dir='ltr'><strong>dammodo</strong></span> <span class='ocrx_word' id='word_1_44' title='bbox 1149 601 1402 669; x_wconf 80' lang='lat' dir='ltr'><strong>nardusEcclesiae‚</strong></span> <span class='ocrx_word' id='word_1_45' title='bbox 1413 606 1440 659; x_wconf 92' lang='lat' dir='ltr'><strong>id</strong></span> <span class='ocrx_word' id='word_1_46' title='bbox 1452 611 1496 660; x_wconf 89' lang='lat' dir='ltr'><strong>est</strong></span> <span class='ocrx_word' id='word_1_47' title='bbox 1506 608 1574 661; x_wconf 92' lang='lat' dir='ltr'><strong>odor</strong></span> <span class='ocrx_word' id='word_1_48' title='bbox 1582 610 1717 664; x_wconf 87' lang='lat' dir='ltr'><strong>virtutum</strong></span> <span class='ocrx_word' id='word_1_49' title='bbox 1728 610 1787 665; x_wconf 87' lang='lat' dir='ltr'><strong>l&#39;or·</strong></span> 
     </span>
     <span class='ocr_line' id='line_1_5' title="bbox 149 634 1786 767; baseline 0.002 -8"><span class='ocrx_word' id='word_1_50' title='bbox 149 634 282 766; x_wconf 65' lang='lat' dir='ltr'><strong>isserat,</strong></span> <span class='ocrx_word' id='word_1_51' title='bbox 300 694 524 767; x_wconf 83' lang='lat' dir='ltr'><strong>ctcoelospetiit,</strong></span> <span class='ocrx_word' id='word_1_52' title='bbox 541 693 662 748; x_wconf 86' lang='lat' dir='ltr'><strong>Ecclesia</strong></span> <span class='ocrx_word' id='word_1_53' title='bbox 674 694 702 746; x_wconf 94' lang='lat' dir='ltr'><strong>in</strong></span> <span class='ocrx_word' id='word_1_54' title='bbox 718 693 780 762; x_wconf 86' lang='lat' dir='ltr'><strong>ejus</strong></span> <span class='ocrx_word' id='word_1_55' title='bbox 794 707 891 744; x_wconf 88' lang='lat' dir='ltr'><strong>amore</strong></span> <span class='ocrx_word' id='word_1_56' title='bbox 905 696 946 744; x_wconf 92' lang='lat' dir='ltr'><strong>te-</strong></span> <span class='ocrx_word' id='word_1_57' title='bbox 987 686 1043 740; x_wconf 72' lang='lat' dir='ltr'><strong>tius</strong></span> <span class='ocrx_word' id='word_1_58' title='bbox 1061 688 1140 741; x_wconf 78' lang='lat' dir='ltr'><strong>dedit</strong></span> <span class='ocrx_word' id='word_1_59' title='bbox 1162 689 1276 745; x_wconf 66' lang='lat' dir='ltr'><strong>odorem</strong></span> <span class='ocrx_word' id='word_1_60' title='bbox 1304 709 1396 746; x_wconf 78' lang='lat' dir='ltr'><strong>suum·</strong></span> <span class='ocrx_word' id='word_1_61' title='bbox 1416 695 1499 748; x_wconf 70' lang='lat' dir='ltr'><strong>Juxta</strong></span> <span class='ocrx_word' id='word_1_62' title='bbox 1527 696 1662 758; x_wconf 71' lang='lat' dir='ltr'><strong>litteram.</strong></span> <span class='ocrx_word' id='word_1_63' title='bbox 1679 696 1786 754; x_wconf 67' lang='grc' dir='ltr'>118ῐᾶ118</span> 
     </span>
     <span class='ocr_line' id='line_1_6' title="bbox 148 770 1787 858; baseline 0.009 -31"><span class='ocrx_word' id='word_1_64' title='bbox 148 770 297 848; x_wconf 53' lang='lat' dir='ltr'><strong>„2535me</strong></span> <span class='ocrx_word' id='word_1_65' title='bbox 307 791 532 858; x_wconf 48' lang='lat' dir='ltr'><strong>perseveratum</strong></span> <span class='ocrx_word' id='word_1_66' title='bbox 542 781 642 852; x_wconf 79' lang='lat' dir='ltr'><strong>recipit</strong></span> <span class='ocrx_word' id='word_1_67' title='bbox 653 782 742 835; x_wconf 92' lang='lat' dir='ltr'><strong>ullum</strong></span> <span class='ocrx_word' id='word_1_68' title='bbox 756 778 944 834; x_wconf 91' lang='lat' dir='ltr'><strong>adulterinum</strong></span> <span class='ocrx_word' id='word_1_69' title='bbox 987 775 1072 830; x_wconf 90' lang='lat' dir='ltr'><strong>herba</strong></span> <span class='ocrx_word' id='word_1_70' title='bbox 1089 784 1130 830; x_wconf 93' lang='lat' dir='ltr'><strong>est</strong></span> <span class='ocrx_word' id='word_1_71' title='bbox 1142 780 1305 846; x_wconf 82' lang='lat' dir='ltr'><strong>aromatica,</strong></span> <span class='ocrx_word' id='word_1_72' title='bbox 1321 798 1415 836; x_wconf 87' lang='lat' dir='ltr'><strong>crassa</strong></span> <span class='ocrx_word' id='word_1_73' title='bbox 1430 789 1458 837; x_wconf 86' lang='lat' dir='ltr'><strong>et</strong></span> <span class='ocrx_word' id='word_1_74' title='bbox 1471 784 1563 854; x_wconf 78' lang='lat' dir='ltr'><strong>fragili</strong></span> <span class='ocrx_word' id='word_1_75' title='bbox 1579 786 1682 845; x_wconf 89' lang='lat' dir='ltr'><strong>radice.</strong></span> <span class='ocrx_word' id='word_1_76' title='bbox 1703 787 1787 842; x_wconf 81' lang='lat' dir='ltr'><strong>folio·</strong></span> 
     </span>
     <span class='ocr_line' id='line_1_7' title="bbox 147 864 1786 947; baseline 0.004 -22"><span class='ocrx_word' id='word_1_77' title='bbox 147 864 381 947; x_wconf 55' lang='lat' dir='ltr'><strong>§inpropemquia</strong></span> <span class='ocrx_word' id='word_1_78' title='bbox 395 872 549 928; x_wconf 80' lang='lat' dir='ltr'><strong>contemnit</strong></span> <span class='ocrx_word' id='word_1_79' title='bbox 562 866 945 938; x_wconf 86' lang='lat' dir='ltr'><strong>mundum,etsoliussponsi</strong></span> <span class='ocrx_word' id='word_1_80' title='bbox 987 880 1040 934; x_wconf 87' lang='lat' dir='ltr'><strong>que</strong></span> <span class='ocrx_word' id='word_1_81' title='bbox 1056 882 1140 935; x_wconf 77' lang='lat' dir='ltr'><strong>parvo</strong></span> <span class='ocrx_word' id='word_1_82' title='bbox 1157 873 1186 921; x_wconf 90' lang='lat' dir='ltr'><strong>et</strong></span> <span class='ocrx_word' id='word_1_83' title='bbox 1210 868 1308 933; x_wconf 81' lang='lat' dir='ltr'><strong>denso,</strong></span> <span class='ocrx_word' id='word_1_84' title='bbox 1328 872 1409 941; x_wconf 74' lang='lat' dir='ltr'><strong>cuius</strong></span> <span class='ocrx_word' id='word_1_85' title='bbox 1432 873 1578 928; x_wconf 88' lang='lat' dir='ltr'><strong>cacumina</strong></span> <span class='ocrx_word' id='word_1_86' title='bbox 1593 875 1622 928; x_wconf 89' lang='lat' dir='ltr'><strong>iu</strong></span> <span class='ocrx_word' id='word_1_87' title='bbox 1636 876 1741 931; x_wconf 89' lang='lat' dir='ltr'><strong>aristas</strong></span> <span class='ocrx_word' id='word_1_88' title='bbox 1754 892 1786 931; x_wconf 84' lang='lat' dir='ltr'><strong>se</strong></span> 
     </span>
     <span class='ocr_line' id='line_1_8' title="bbox 147 956 1786 1041; baseline -0.003 -15"><span class='ocrx_word' id='word_1_89' title='bbox 147 964 189 1026; x_wconf 81' lang='lat' dir='ltr'><strong>siil</strong></span> <span class='ocrx_word' id='word_1_90' title='bbox 201 964 438 1041; x_wconf 87' lang='lat' dir='ltr'><strong>pulchritudinem</strong></span> <span class='ocrx_word' id='word_1_91' title='bbox 451 966 545 1014; x_wconf 83' lang='lat' dir='ltr'><strong>mente</strong></span> <span class='ocrx_word' id='word_1_92' title='bbox 559 958 777 1028; x_wconf 77' lang='lat' dir='ltr'>contemplatur.</span> <span class='ocrx_word' id='word_1_93' title='bbox 792 956 878 1011; x_wconf 89' lang='lat' dir='ltr'><strong>Genis</strong></span> <span class='ocrx_word' id='word_1_94' title='bbox 892 973 945 1010; x_wconf 88' lang='lat' dir='ltr'><strong>au·</strong></span> <span class='ocrx_word' id='word_1_95' title='bbox 985 960 1130 1023; x_wconf 88' lang='lat' dir='ltr'><strong>spargunt.</strong></span> <span class='ocrx_word' id='word_1_96' title='bbox 1147 957 1204 1010; x_wconf 88' lang='lat' dir='ltr'><strong>Hoc</strong></span> <span class='ocrx_word' id='word_1_97' title='bbox 1218 965 1362 1028; x_wconf 88' lang='lat' dir='ltr'><strong>unguento</strong></span> <span class='ocrx_word' id='word_1_98' title='bbox 1377 959 1466 1014; x_wconf 87' lang='lat' dir='ltr'><strong>Maria</strong></span> <span class='ocrx_word' id='word_1_99' title='bbox 1479 962 1644 1032; x_wconf 85' lang='lat' dir='ltr'><strong>Magdalene</strong></span> <span class='ocrx_word' id='word_1_100' title='bbox 1659 965 1745 1034; x_wconf 86' lang='lat' dir='ltr'><strong>pedes</strong></span> <span class='ocrx_word' id='word_1_101' title='bbox 1756 971 1786 1020; x_wconf 88' lang='lat' dir='ltr'><strong>ct</strong></span> 
     </span>
     <span class='ocr_line' id='line_1_9' title="bbox 144 1042 1785 1124; baseline 0.006 -25"><span class='ocrx_word' id='word_1_102' title='bbox 144 1066 202 1114; x_wconf 60' lang='lat' dir='ltr'><strong>tam</strong></span> <span class='ocrx_word' id='word_1_103' title='bbox 218 1053 338 1110; x_wconf 77' lang='lat' dir='ltr'><strong>turturis</strong></span> <span class='ocrx_word' id='word_1_104' title='bbox 346 1066 434 1122; x_wconf 88' lang='lat' dir='ltr'><strong>genas</strong></span> <span class='ocrx_word' id='word_1_105' title='bbox 443 1047 570 1103; x_wconf 76' lang='lat' dir='ltr'><strong>Ecclesiae</strong></span> <span class='ocrx_word' id='word_1_106' title='bbox 585 1052 738 1116; x_wconf 80' lang='lat' dir='ltr'><strong>comparat,</strong></span> <span class='ocrx_word' id='word_1_107' title='bbox 746 1045 810 1116; x_wconf 88' lang='lat' dir='ltr'><strong>quia</strong></span> <span class='ocrx_word' id='word_1_108' title='bbox 823 1045 852 1098; x_wconf 91' lang='lat' dir='ltr'><strong>in</strong></span> <span class='ocrx_word' id='word_1_109' title='bbox 862 1042 943 1114; x_wconf 88' lang='lat' dir='ltr'><strong>genis</strong></span> <span class='ocrx_word' id='word_1_110' title='bbox 984 1050 1069 1113; x_wconf 85' lang='lat' dir='ltr'><strong>caput</strong></span> <span class='ocrx_word' id='word_1_111' title='bbox 1087 1044 1198 1098; x_wconf 86' lang='lat' dir='ltr'><strong>Domini</strong></span> <span class='ocrx_word' id='word_1_112' title='bbox 1218 1047 1382 1116; x_wconf 78' lang='lat' dir='ltr'><strong>perunxisse</strong></span> <span class='ocrx_word' id='word_1_113' title='bbox 1407 1049 1434 1102; x_wconf 92' lang='lat' dir='ltr'><strong>in</strong></span> <span class='ocrx_word' id='word_1_114' title='bbox 1460 1050 1611 1122; x_wconf 84' lang='lat' dir='ltr'><strong>Evangelio</strong></span> <span class='ocrx_word' id='word_1_115' title='bbox 1634 1053 1743 1124; x_wconf 87' lang='lat' dir='ltr'><strong>legitur</strong></span> <span class='ocrx_word' id='word_1_116' title='bbox 1754 1053 1785 1109; x_wconf 86' lang='lat' dir='ltr'><strong>in</strong></span> 
     </span>
     <span class='ocr_line' id='line_1_10' title="bbox 146 1131 1211 1207; baseline -0.007 -5"><span class='ocrx_word' id='word_1_117' title='bbox 146 1144 267 1202; x_wconf 76' lang='lat' dir='ltr'><strong>maxillae</strong></span> <span class='ocrx_word' id='word_1_118' title='bbox 281 1136 449 1196; x_wconf 82' lang='lat' dir='ltr'><strong>verecundia</strong></span> <span class='ocrx_word' id='word_1_119' title='bbox 460 1141 586 1207; x_wconf 82' lang='lat' dir='ltr'><strong>apparet;</strong></span> <span class='ocrx_word' id='word_1_120' title='bbox 600 1140 627 1188; x_wconf 92' lang='lat' dir='ltr'><strong>et</strong></span> <span class='ocrx_word' id='word_1_121' title='bbox 637 1151 686 1204; x_wconf 90' lang='lat' dir='ltr'><strong>pcr</strong></span> <span class='ocrx_word' id='word_1_122' title='bbox 697 1135 750 1188; x_wconf 91' lang='lat' dir='ltr'><strong>hoc</strong></span> <span class='ocrx_word' id='word_1_123' title='bbox 760 1135 849 1203; x_wconf 92' lang='lat' dir='ltr'><strong>pudor</strong></span> <span class='ocrx_word' id='word_1_124' title='bbox 862 1140 890 1188; x_wconf 94' lang='lat' dir='ltr'><strong>et</strong></span> <span class='ocrx_word' id='word_1_125' title='bbox 899 1150 942 1187; x_wconf 83' lang='lat' dir='ltr'><strong>re-</strong></span> <span class='ocrx_word' id='word_1_126' title='bbox 983 1131 1066 1185; x_wconf 77' lang='lat' dir='ltr'><strong>domo</strong></span> <span class='ocrx_word' id='word_1_127' title='bbox 1081 1133 1211 1187; x_wconf 69' lang='lat' dir='ltr'><strong>Simonis·</strong></span> 
     </span>
     <span class='ocr_line' id='line_1_11' title="bbox 144 1218 1784 1304; baseline -0.002 -13"><span class='ocrx_word' id='word_1_128' title='bbox 144 1218 277 1291; x_wconf 66' lang='lat' dir='ltr'><strong>secundia</strong></span> <span class='ocrx_word' id='word_1_129' title='bbox 290 1228 420 1284; x_wconf 71' lang='lat' dir='ltr'><strong>Ecclesiae</strong></span> <span class='ocrx_word' id='word_1_130' title='bbox 432 1224 599 1284; x_wconf 81' lang='lat' dir='ltr'><strong>ostenditur,</strong></span> <span class='ocrx_word' id='word_1_131' title='bbox 612 1223 824 1294; x_wconf 82' lang='lat' dir='ltr'><strong>quinarubescit</strong></span> <span class='ocrx_word' id='word_1_132' title='bbox 834 1222 939 1292; x_wconf 89' lang='lat' dir='ltr'><strong>aliquid</strong></span> <span class='ocrx_word' id='word_1_133' title='bbox 1019 1221 1452 1294; x_wconf 76' lang='lat' dir='ltr'><strong>«Fasciculusmyrrhaedilectua</strong></span> <span class='ocrx_word' id='word_1_134' title='bbox 1464 1229 1636 1283; x_wconf 81' lang='lat' dir='ltr'><strong>mcusmihi:</strong></span> <span class='ocrx_word' id='word_1_135' title='bbox 1649 1231 1784 1304; x_wconf 71' lang='lat' dir='ltr'><strong>»Myrrha</strong></span> 
     </span>
    </p>
   </div>
   <div class='ocr_carea' id='block_1_3' title="bbox 52 1309 1783 1393">
    <p class='ocr_par' dir='ltr' id='par_1_3' title="bbox 52 1309 1783 1393">
     <span class='ocr_line' id='line_1_12' title="bbox 52 1309 1783 1393; baseline -0.003 -13"><span class='ocrx_word' id='word_1_136' title='bbox 52 1320 67 1345; x_wconf 86' lang='lat'><em>⁰</em></span> <span class='ocrx_word' id='word_1_137' title='bbox 142 1318 248 1380; x_wconf 73' lang='lat' dir='ltr'><strong>tadum</strong></span> <span class='ocrx_word' id='word_1_138' title='bbox 259 1324 288 1374; x_wconf 88' lang='lat' dir='ltr'><strong>et</strong></span> <span class='ocrx_word' id='word_1_139' title='bbox 303 1316 377 1386; x_wconf 89' lang='lat' dir='ltr'><strong>quod</strong></span> <span class='ocrx_word' id='word_1_140' title='bbox 390 1331 492 1385; x_wconf 90' lang='lat' dir='ltr'><strong>sponso</strong></span> <span class='ocrx_word' id='word_1_141' title='bbox 509 1312 713 1382; x_wconf 87' lang='lat' dir='ltr'><strong>suodispliceat</strong></span> <span class='ocrx_word' id='word_1_142' title='bbox 722 1319 893 1382; x_wconf 87' lang='lat' dir='ltr'><strong>perpetrare.</strong></span> <span class='ocrx_word' id='word_1_143' title='bbox 906 1311 941 1364; x_wconf 89' lang='lat' dir='ltr'><strong>Et</strong></span> <span class='ocrx_word' id='word_1_144' title='bbox 981 1309 1087 1378; x_wconf 87' lang='lat' dir='ltr'><strong>species</strong></span> <span class='ocrx_word' id='word_1_145' title='bbox 1101 1317 1144 1365; x_wconf 92' lang='lat' dir='ltr'><strong>est</strong></span> <span class='ocrx_word' id='word_1_146' title='bbox 1158 1313 1322 1372; x_wconf 86' lang='lat' dir='ltr'><strong>aromatica.</strong></span> <span class='ocrx_word' id='word_1_147' title='bbox 1337 1328 1391 1382; x_wconf 89' lang='lat' dir='ltr'><strong>qua</strong></span> <span class='ocrx_word' id='word_1_148' title='bbox 1400 1320 1575 1393; x_wconf 86' lang='lat' dir='ltr'><strong>mortuorum</strong></span> <span class='ocrx_word' id='word_1_149' title='bbox 1586 1332 1704 1388; x_wconf 88' lang='lat' dir='ltr'><strong>corpora</strong></span> <span class='ocrx_word' id='word_1_150' title='bbox 1714 1336 1783 1375; x_wconf 88' lang='lat' dir='ltr'><strong>con·</strong></span> 
     </span>
    </p>
   </div>
   <div class='ocr_carea' id='block_1_4' title="bbox 104 1396 1814 5649">
    <p class='ocr_par' dir='ltr' id='par_1_4' title="bbox 104 1396 1814 5649">
     <span class='ocr_line' id='line_1_13' title="bbox 142 1396 1782 1476; baseline -0.006 -7"><span class='ocrx_word' id='word_1_151' title='bbox 142 1404 185 1468; x_wconf 72' lang='lat' dir='ltr'><strong>est</strong></span> <span class='ocrx_word' id='word_1_152' title='bbox 195 1423 295 1465; x_wconf 82' lang='lat' dir='ltr'><strong>sensus</strong></span> <span class='ocrx_word' id='word_1_153' title='bbox 311 1403 395 1460; x_wconf 86' lang='lat' dir='ltr'><strong>:Noli</strong></span> <span class='ocrx_word' id='word_1_154' title='bbox 408 1404 508 1457; x_wconf 83' lang='lat' dir='ltr'><strong>timere</strong></span> <span class='ocrx_word' id='word_1_155' title='bbox 522 1418 557 1455; x_wconf 90' lang='lat' dir='ltr'><strong>ne</strong></span> <span class='ocrx_word' id='word_1_156' title='bbox 572 1400 680 1471; x_wconf 81' lang='lat' dir='ltr'><strong>vageris</strong></span> <span class='ocrx_word' id='word_1_157' title='bbox 692 1416 847 1471; x_wconf 87' lang='lat' dir='ltr'><strong>pergreges</strong></span> <span class='ocrx_word' id='word_1_158' title='bbox 857 1400 939 1454; x_wconf 85' lang='lat' dir='ltr'><strong>soda-</strong></span> <span class='ocrx_word' id='word_1_159' title='bbox 981 1396 1107 1452; x_wconf 89' lang='lat' dir='ltr'><strong>diuntur.</strong></span> <span class='ocrx_word' id='word_1_160' title='bbox 1124 1400 1183 1453; x_wconf 88' lang='lat' dir='ltr'><strong>Hoc</strong></span> <span class='ocrx_word' id='word_1_161' title='bbox 1198 1401 1258 1454; x_wconf 90' lang='lat' dir='ltr'><strong>loco</strong></span> <span class='ocrx_word' id='word_1_162' title='bbox 1273 1402 1366 1470; x_wconf 85' lang='lat' dir='ltr'><strong>passio</strong></span> <span class='ocrx_word' id='word_1_163' title='bbox 1381 1402 1484 1457; x_wconf 85' lang='lat' dir='ltr'><strong>Christi</strong></span> <span class='ocrx_word' id='word_1_164' title='bbox 1500 1409 1529 1457; x_wconf 89' lang='lat' dir='ltr'><strong>et</strong></span> <span class='ocrx_word' id='word_1_165' title='bbox 1542 1406 1689 1476; x_wconf 88' lang='lat' dir='ltr'><strong>sepultura</strong></span> <span class='ocrx_word' id='word_1_166' title='bbox 1704 1406 1782 1464; x_wconf 85' lang='lat' dir='ltr'><strong>deei-</strong></span> 
     </span>
     <span class='ocr_line' id='line_1_14' title="bbox 141 1487 1782 1563; baseline -0.004 -7"><span class='ocrx_word' id='word_1_167' title='bbox 141 1497 211 1556; x_wconf 89' lang='lat' dir='ltr'><strong>lium</strong></span> <span class='ocrx_word' id='word_1_168' title='bbox 226 1508 364 1558; x_wconf 79' lang='lat' dir='ltr'><strong>meorum,</strong></span> <span class='ocrx_word' id='word_1_169' title='bbox 381 1491 447 1563; x_wconf 87' lang='lat' dir='ltr'><strong>quia</strong></span> <span class='ocrx_word' id='word_1_170' title='bbox 461 1494 540 1544; x_wconf 89' lang='lat' dir='ltr'><strong>tanto</strong></span> <span class='ocrx_word' id='word_1_171' title='bbox 551 1495 579 1543; x_wconf 90' lang='lat' dir='ltr'><strong>te</strong></span> <span class='ocrx_word' id='word_1_172' title='bbox 590 1488 694 1542; x_wconf 87' lang='lat' dir='ltr'><strong>amoris</strong></span> <span class='ocrx_word' id='word_1_173' title='bbox 708 1488 761 1542; x_wconf 91' lang='lat' dir='ltr'><strong>mei</strong></span> <span class='ocrx_word' id='word_1_174' title='bbox 778 1487 894 1558; x_wconf 80' lang='lat' dir='ltr'><strong>pudore,</strong></span> <span class='ocrx_word' id='word_1_175' title='bbox 911 1499 940 1540; x_wconf 88' lang='lat' dir='ltr'><strong>ct</strong></span> <span class='ocrx_word' id='word_1_176' title='bbox 978 1498 1119 1556; x_wconf 80' lang='lat' dir='ltr'><strong>guantur:</strong></span> <span class='ocrx_word' id='word_1_177' title='bbox 1136 1505 1200 1542; x_wconf 87' lang='lat' dir='ltr'><strong>narn</strong></span> <span class='ocrx_word' id='word_1_178' title='bbox 1214 1489 1371 1559; x_wconf 91' lang='lat' dir='ltr'><strong>depositum</strong></span> <span class='ocrx_word' id='word_1_179' title='bbox 1388 1507 1489 1563; x_wconf 92' lang='lat' dir='ltr'><strong>corpus</strong></span> <span class='ocrx_word' id='word_1_180' title='bbox 1498 1493 1609 1548; x_wconf 88' lang='lat' dir='ltr'><strong>Domini</strong></span> <span class='ocrx_word' id='word_1_181' title='bbox 1621 1495 1657 1549; x_wconf 89' lang='lat' dir='ltr'><strong>de</strong></span> <span class='ocrx_word' id='word_1_182' title='bbox 1670 1512 1782 1553; x_wconf 74' lang='lat' dir='ltr'><strong>cruces</strong></span> 
     </span>
     <span class='ocr_line' id='line_1_15' title="bbox 141 1571 1780 1654; baseline -0.004 -9"><span class='ocrx_word' id='word_1_183' title='bbox 141 1593 221 1645; x_wconf 87' lang='lat' dir='ltr'><strong>tarita</strong></span> <span class='ocrx_word' id='word_1_184' title='bbox 240 1571 411 1640; x_wconf 83' lang='lat' dir='ltr'><strong>verecundia</strong></span> <span class='ocrx_word' id='word_1_185' title='bbox 430 1576 543 1643; x_wconf 87' lang='lat' dir='ltr'><strong>donavi,</strong></span> <span class='ocrx_word' id='word_1_186' title='bbox 559 1582 592 1631; x_wconf 93' lang='lat' dir='ltr'><strong>ut</strong></span> <span class='ocrx_word' id='word_1_187' title='bbox 605 1584 698 1631; x_wconf 84' lang='lat' dir='ltr'><strong>certus</strong></span> <span class='ocrx_word' id='word_1_188' title='bbox 714 1578 765 1629; x_wconf 90' lang='lat' dir='ltr'><strong>sim</strong></span> <span class='ocrx_word' id='word_1_189' title='bbox 778 1583 806 1630; x_wconf 90' lang='lat' dir='ltr'><strong>te</strong></span> <span class='ocrx_word' id='word_1_190' title='bbox 822 1593 866 1629; x_wconf 89' lang='lat' dir='ltr'><strong>me</strong></span> <span class='ocrx_word' id='word_1_191' title='bbox 881 1590 937 1629; x_wconf 90' lang='lat' dir='ltr'><strong>non</strong></span> <span class='ocrx_word' id='word_1_192' title='bbox 980 1575 1130 1631; x_wconf 87' lang='lat' dir='ltr'><strong>Nicodemo</strong></span> <span class='ocrx_word' id='word_1_193' title='bbox 1145 1583 1175 1630; x_wconf 91' lang='lat' dir='ltr'><strong>et</strong></span> <span class='ocrx_word' id='word_1_194' title='bbox 1188 1579 1302 1649; x_wconf 88' lang='lat' dir='ltr'><strong>loseph.</strong></span> <span class='ocrx_word' id='word_1_195' title='bbox 1320 1581 1434 1648; x_wconf 82' lang='lat' dir='ltr'><strong>myrrha</strong></span> <span class='ocrx_word' id='word_1_196' title='bbox 1449 1588 1477 1634; x_wconf 90' lang='lat' dir='ltr'><strong>et</strong></span> <span class='ocrx_word' id='word_1_197' title='bbox 1492 1582 1554 1636; x_wconf 90' lang='lat' dir='ltr'><strong>aloe</strong></span> <span class='ocrx_word' id='word_1_198' title='bbox 1568 1584 1713 1639; x_wconf 88' lang='lat' dir='ltr'><strong>conditum</strong></span> <span class='ocrx_word' id='word_1_199' title='bbox 1724 1592 1780 1654; x_wconf 78' lang='lat' dir='ltr'><strong>est,</strong></span> 
     </span>
     <span class='ocr_line' id='line_1_16' title="bbox 140 1658 1782 1749; baseline -0.004 -17"><span class='ocrx_word' id='word_1_200' title='bbox 140 1692 223 1749; x_wconf 89' lang='lat' dir='ltr'><strong>posse</strong></span> <span class='ocrx_word' id='word_1_201' title='bbox 237 1672 376 1731; x_wconf 82' lang='lat' dir='ltr'><strong>deserere,</strong></span> <span class='ocrx_word' id='word_1_202' title='bbox 394 1669 436 1723; x_wconf 91' lang='lat' dir='ltr'><strong>rel</strong></span> <span class='ocrx_word' id='word_1_203' title='bbox 451 1668 485 1720; x_wconf 90' lang='lat' dir='ltr'><strong>ad</strong></span> <span class='ocrx_word' id='word_1_204' title='bbox 502 1664 610 1720; x_wconf 83' lang='lat' dir='ltr'><strong>alienos</strong></span> <span class='ocrx_word' id='word_1_205' title='bbox 625 1664 784 1719; x_wconf 80' lang='lat' dir='ltr'><strong>deflectere.</strong></span> <span class='ocrx_word' id='word_1_206' title='bbox 799 1682 812 1715; x_wconf 77' lang='lat' dir='ltr'><strong>c</strong></span> <span class='ocrx_word' id='word_1_207' title='bbox 828 1663 936 1718; x_wconf 90' lang='lat' dir='ltr'><strong>Collum</strong></span> <span class='ocrx_word' id='word_1_208' title='bbox 978 1668 1007 1716; x_wconf 90' lang='lat' dir='ltr'><strong>et</strong></span> <span class='ocrx_word' id='word_1_209' title='bbox 1017 1664 1172 1718; x_wconf 77' lang='lat' dir='ltr'><strong>insolutum</strong></span> <span class='ocrx_word' id='word_1_210' title='bbox 1185 1666 1280 1719; x_wconf 85' lang='lat' dir='ltr'><strong>linteis</strong></span> <span class='ocrx_word' id='word_1_211' title='bbox 1294 1683 1357 1720; x_wconf 91' lang='lat' dir='ltr'><strong>cum</strong></span> <span class='ocrx_word' id='word_1_212' title='bbox 1372 1669 1554 1731; x_wconf 81' lang='lat' dir='ltr'><strong>aromatibus,</strong></span> <span class='ocrx_word' id='word_1_213' title='bbox 1571 1686 1604 1724; x_wconf 86' lang='lat' dir='ltr'><strong>ac</strong></span> <span class='ocrx_word' id='word_1_214' title='bbox 1624 1658 1782 1743; x_wconf 50' lang='lat' dir='ltr'><strong>sepultura</strong></span> 
     </span>
     <span class='ocr_line' id='line_1_17' title="bbox 138 1748 1778 1829; baseline -0.01 -8"><span class='ocrx_word' id='word_1_215' title='bbox 138 1772 218 1821; x_wconf 91' lang='lat' dir='ltr'><strong>tuum</strong></span> <span class='ocrx_word' id='word_1_216' title='bbox 233 1762 306 1816; x_wconf 87' lang='lat' dir='ltr'><strong>sicut</strong></span> <span class='ocrx_word' id='word_1_217' title='bbox 316 1756 440 1812; x_wconf 88' lang='lat' dir='ltr'><strong>monilia.</strong></span> <span class='ocrx_word' id='word_1_218' title='bbox 453 1756 527 1809; x_wconf 80' lang='lat' dir='ltr'><strong>»Per</strong></span> <span class='ocrx_word' id='word_1_219' title='bbox 540 1754 642 1807; x_wconf 92' lang='lat' dir='ltr'><strong>collum</strong></span> <span class='ocrx_word' id='word_1_220' title='bbox 663 1753 790 1806; x_wconf 69' lang='lat' dir='ltr'><strong>Ecclesiae</strong></span> <span class='ocrx_word' id='word_1_221' title='bbox 805 1752 934 1806; x_wconf 88' lang='lat' dir='ltr'><strong>doctores</strong></span> <span class='ocrx_word' id='word_1_222' title='bbox 943 1748 966 1808; x_wconf 91' lang='grc' dir='ltr'><strong>Β</strong></span> <span class='ocrx_word' id='word_1_223' title='bbox 975 1753 1121 1806; x_wconf 87' lang='lat' dir='ltr'><strong>traditum.</strong></span> <span class='ocrx_word' id='word_1_224' title='bbox 1133 1754 1205 1807; x_wconf 89' lang='lat' dir='ltr'><strong>Dicit</strong></span> <span class='ocrx_word' id='word_1_225' title='bbox 1214 1770 1280 1825; x_wconf 83' lang='lat' dir='ltr'><strong>ergo</strong></span> <span class='ocrx_word' id='word_1_226' title='bbox 1288 1755 1411 1810; x_wconf 86' lang='lat' dir='ltr'><strong>Ecclesia</strong></span> <span class='ocrx_word' id='word_1_227' title='bbox 1418 1774 1521 1828; x_wconf 88' lang='lat' dir='ltr'><strong>sponsa</strong></span> <span class='ocrx_word' id='word_1_228' title='bbox 1532 1759 1594 1829; x_wconf 87' lang='lat' dir='ltr'><strong>ejus</strong></span> <span class='ocrx_word' id='word_1_229' title='bbox 1608 1775 1631 1812; x_wconf 78' lang='lat' dir='ltr'><strong>:s</strong></span> <span class='ocrx_word' id='word_1_230' title='bbox 1644 1760 1778 1818; x_wconf 84' lang='lat' dir='ltr'><strong>Fascica.</strong></span> 
     </span>
     <span class='ocr_line' id='line_1_18' title="bbox 136 1840 1774 1922; baseline -0.005 -13"><span class='ocrx_word' id='word_1_231' title='bbox 136 1846 226 1910; x_wconf 78' lang='lat' dir='ltr'><strong>sancti</strong></span> <span class='ocrx_word' id='word_1_232' title='bbox 241 1849 434 1919; x_wconf 88' lang='lat' dir='ltr'><strong>designantur,</strong></span> <span class='ocrx_word' id='word_1_233' title='bbox 448 1860 513 1898; x_wconf 91' lang='lat' dir='ltr'><strong>nam</strong></span> <span class='ocrx_word' id='word_1_234' title='bbox 528 1859 578 1913; x_wconf 89' lang='lat' dir='ltr'><strong>per</strong></span> <span class='ocrx_word' id='word_1_235' title='bbox 597 1842 700 1895; x_wconf 88' lang='lat' dir='ltr'><strong>collum</strong></span> <span class='ocrx_word' id='word_1_236' title='bbox 715 1841 768 1895; x_wconf 87' lang='lat' dir='ltr'><strong>cibi</strong></span> <span class='ocrx_word' id='word_1_237' title='bbox 782 1841 933 1896; x_wconf 89' lang='lat' dir='ltr'><strong>retlciendo</strong></span> <span class='ocrx_word' id='word_1_238' title='bbox 976 1840 1020 1894; x_wconf 91' lang='lat' dir='ltr'><strong>lus</strong></span> <span class='ocrx_word' id='word_1_239' title='bbox 1035 1842 1155 1912; x_wconf 85' lang='lat' dir='ltr'><strong>myrrhae</strong></span> <span class='ocrx_word' id='word_1_240' title='bbox 1168 1842 1287 1896; x_wconf 87' lang='lat' dir='ltr'><strong>dilectus</strong></span> <span class='ocrx_word' id='word_1_241' title='bbox 1302 1860 1382 1898; x_wconf 91' lang='lat' dir='ltr'><strong>meus</strong></span> <span class='ocrx_word' id='word_1_242' title='bbox 1400 1846 1469 1899; x_wconf 89' lang='lat' dir='ltr'><strong>mihi</strong></span> <span class='ocrx_word' id='word_1_243' title='bbox 1486 1869 1499 1894; x_wconf 75' lang='lat' dir='ltr'><strong>s</strong></span> <span class='ocrx_word' id='word_1_244' title='bbox 1524 1847 1615 1902; x_wconf 85' lang='lat' dir='ltr'><strong>lactus</strong></span> <span class='ocrx_word' id='word_1_245' title='bbox 1636 1855 1689 1911; x_wconf 84' lang='lat' dir='ltr'><strong>est.</strong></span> <span class='ocrx_word' id='word_1_246' title='bbox 1706 1852 1774 1922; x_wconf 69' lang='lat' dir='ltr'><strong>quis</strong></span> 
     </span>
     <span class='ocr_line' id='line_1_19' title="bbox 136 1924 1777 2012; baseline -0.001 -17"><span class='ocrx_word' id='word_1_247' title='bbox 136 1939 245 2012; x_wconf 80' lang='lat' dir='ltr'><strong>corpori</strong></span> <span class='ocrx_word' id='word_1_248' title='bbox 260 1936 467 1991; x_wconf 86' lang='lat' dir='ltr'><strong>ministrantur.</strong></span> <span class='ocrx_word' id='word_1_249' title='bbox 494 1933 644 1987; x_wconf 86' lang='lat' dir='ltr'><strong>Sermones</strong></span> <span class='ocrx_word' id='word_1_250' title='bbox 660 1931 756 1992; x_wconf 81' lang='lat' dir='ltr'><strong>etiam.</strong></span> <span class='ocrx_word' id='word_1_251' title='bbox 774 1931 875 2001; x_wconf 92' lang='lat' dir='ltr'><strong>quibus</strong></span> <span class='ocrx_word' id='word_1_252' title='bbox 890 1947 935 1984; x_wconf 89' lang='lat' dir='ltr'><strong>ar·</strong></span> <span class='ocrx_word' id='word_1_253' title='bbox 974 1935 1088 2001; x_wconf 89' lang='lat' dir='ltr'><strong>propter</strong></span> <span class='ocrx_word' id='word_1_254' title='bbox 1101 1947 1144 1984; x_wconf 92' lang='lat' dir='ltr'><strong>me</strong></span> <span class='ocrx_word' id='word_1_255' title='bbox 1160 1939 1288 1986; x_wconf 90' lang='lat' dir='ltr'><strong>mortuus</strong></span> <span class='ocrx_word' id='word_1_256' title='bbox 1298 1935 1515 2004; x_wconf 88' lang='lat' dir='ltr'><strong>estetsepultus</strong></span> <span class='ocrx_word' id='word_1_257' title='bbox 1527 1943 1578 1992; x_wconf 86' lang='lat' dir='ltr'><strong>est.</strong></span> <span class='ocrx_word' id='word_1_258' title='bbox 1592 1956 1605 1989; x_wconf 78' lang='grc' dir='ltr'><strong><em>ι</em></strong></span> <span class='ocrx_word' id='word_1_259' title='bbox 1617 1937 1697 1994; x_wconf 88' lang='lat' dir='ltr'><strong>inter</strong></span> <span class='ocrx_word' id='word_1_260' title='bbox 1710 1924 1777 1998; x_wconf 88' lang='lat' dir='ltr'><strong>ube-</strong></span> 
     </span>
     <span class='ocr_line' id='line_1_20' title="bbox 135 2019 1773 2094; baseline -0.02 -6"><span class='ocrx_word' id='word_1_261' title='bbox 135 2024 206 2088; x_wconf 80' lang='lat' dir='ltr'><strong>cana</strong></span> <span class='ocrx_word' id='word_1_262' title='bbox 221 2029 356 2084; x_wconf 86' lang='lat' dir='ltr'><strong>mentium</strong></span> <span class='ocrx_word' id='word_1_263' title='bbox 370 2025 565 2094; x_wconf 78' lang='lat' dir='ltr'><strong>designantur.</strong></span> <span class='ocrx_word' id='word_1_264' title='bbox 584 2039 633 2093; x_wconf 83' lang='lat' dir='ltr'><strong>per</strong></span> <span class='ocrx_word' id='word_1_265' title='bbox 644 2022 840 2076; x_wconf 86' lang='lat' dir='ltr'><strong>collillstulam</strong></span> <span class='ocrx_word' id='word_1_266' title='bbox 855 2040 934 2093; x_wconf 85' lang='lat' dir='ltr'><strong>egre·</strong></span> <span class='ocrx_word' id='word_1_267' title='bbox 974 2034 1005 2071; x_wconf 86' lang='lat' dir='ltr'><strong>ra</strong></span> <span class='ocrx_word' id='word_1_268' title='bbox 1021 2034 1082 2071; x_wconf 85' lang='lat' dir='ltr'><strong>rrrea</strong></span> <span class='ocrx_word' id='word_1_269' title='bbox 1098 2019 1327 2075; x_wconf 84' lang='lat' dir='ltr'><strong>commorabitur.</strong></span> <span class='ocrx_word' id='word_1_270' title='bbox 1348 2042 1358 2069; x_wconf 76' lang='grc' dir='ltr'>ι</span> <span class='ocrx_word' id='word_1_271' title='bbox 1376 2024 1466 2076; x_wconf 73' lang='lat' dir='ltr'><strong>Nemo</strong></span> <span class='ocrx_word' id='word_1_272' title='bbox 1476 2024 1587 2080; x_wconf 55' lang='lat' dir='ltr'><strong>dubitat</strong></span> <span class='ocrx_word' id='word_1_273' title='bbox 1601 2027 1695 2080; x_wconf 63' lang='lat' dir='ltr'><strong>locum</strong></span> <span class='ocrx_word' id='word_1_274' title='bbox 1708 2044 1773 2083; x_wconf 50' lang='lat'><strong>00¹..</strong></span> 
     </span>
     <span class='ocr_line' id='line_1_21' title="bbox 133 2100 1775 2180; baseline -0.005 -4"><span class='ocrx_word' id='word_1_275' title='bbox 133 2108 261 2176; x_wconf 86' lang='lat' dir='ltr'><strong>diuntur.</strong></span> <span class='ocrx_word' id='word_1_276' title='bbox 279 2100 325 2173; x_wconf 80' lang='lat' dir='ltr'><strong>Sic</strong></span> <span class='ocrx_word' id='word_1_277' title='bbox 341 2115 468 2169; x_wconf 90' lang='lat' dir='ltr'><strong>doctores</strong></span> <span class='ocrx_word' id='word_1_278' title='bbox 481 2110 572 2166; x_wconf 87' lang='lat' dir='ltr'><strong>sancti</strong></span> <span class='ocrx_word' id='word_1_279' title='bbox 584 2116 614 2165; x_wconf 90' lang='lat' dir='ltr'><strong>et</strong></span> <span class='ocrx_word' id='word_1_280' title='bbox 628 2110 720 2163; x_wconf 91' lang='lat' dir='ltr'><strong>cibum</strong></span> <span class='ocrx_word' id='word_1_281' title='bbox 738 2110 818 2164; x_wconf 91' lang='lat' dir='ltr'><strong>nobis</strong></span> <span class='ocrx_word' id='word_1_282' title='bbox 830 2113 933 2166; x_wconf 85' lang='lat' dir='ltr'><strong>saluta·</strong></span> <span class='ocrx_word' id='word_1_283' title='bbox 973 2106 1016 2160; x_wconf 91' lang='lat' dir='ltr'><strong>dis</strong></span> <span class='ocrx_word' id='word_1_284' title='bbox 1031 2107 1106 2161; x_wconf 89' lang='lat' dir='ltr'><strong>inter</strong></span> <span class='ocrx_word' id='word_1_285' title='bbox 1120 2108 1207 2162; x_wconf 91' lang='lat' dir='ltr'><strong>ubera</strong></span> <span class='ocrx_word' id='word_1_286' title='bbox 1221 2110 1369 2164; x_wconf 89' lang='lat' dir='ltr'><strong>esse.Dicit</strong></span> <span class='ocrx_word' id='word_1_287' title='bbox 1384 2128 1467 2180; x_wconf 84' lang='lat' dir='ltr'><strong>ergo:</strong></span> <span class='ocrx_word' id='word_1_288' title='bbox 1485 2137 1495 2160; x_wconf 84' lang='grc' dir='ltr'>ι</span> <span class='ocrx_word' id='word_1_289' title='bbox 1508 2111 1587 2167; x_wconf 88' lang='lat' dir='ltr'><strong>Inter</strong></span> <span class='ocrx_word' id='word_1_290' title='bbox 1601 2116 1691 2170; x_wconf 90' lang='lat' dir='ltr'><strong>ubera</strong></span> <span class='ocrx_word' id='word_1_291' title='bbox 1710 2134 1775 2173; x_wconf 72' lang='lat' dir='ltr'><strong>mee</strong></span> 
     </span>
     <span class='ocr_line' id='line_1_22' title="bbox 133 2196 1773 2269; baseline -0.004 -3"><span class='ocrx_word' id='word_1_292' title='bbox 133 2202 172 2266; x_wconf 80' lang='lat' dir='ltr'><strong>ris</strong></span> <span class='ocrx_word' id='word_1_293' title='bbox 187 2196 321 2263; x_wconf 73' lang='lat' dir='ltr'><strong>doctrinae</strong></span> <span class='ocrx_word' id='word_1_294' title='bbox 334 2203 541 2264; x_wconf 84' lang='lat' dir='ltr'><strong>ministrant‚et</strong></span> <span class='ocrx_word' id='word_1_295' title='bbox 560 2199 646 2253; x_wconf 86' lang='lat' dir='ltr'><strong>ctiam</strong></span> <span class='ocrx_word' id='word_1_296' title='bbox 662 2205 768 2252; x_wconf 89' lang='lat' dir='ltr'><strong>secreta</strong></span> <span class='ocrx_word' id='word_1_297' title='bbox 776 2198 932 2269; x_wconf 87' lang='lat' dir='ltr'><strong>Scriptura-</strong></span> <span class='ocrx_word' id='word_1_298' title='bbox 972 2197 1201 2250; x_wconf 87' lang='lat' dir='ltr'><strong>commorabitur.</strong></span> <span class='ocrx_word' id='word_1_299' title='bbox 1217 2217 1227 2247; x_wconf 85' lang='lat' dir='ltr'><strong>r</strong></span> <span class='ocrx_word' id='word_1_300' title='bbox 1242 2197 1272 2251; x_wconf 90' lang='lat' dir='ltr'><strong>ld</strong></span> <span class='ocrx_word' id='word_1_301' title='bbox 1282 2205 1325 2251; x_wconf 89' lang='lat' dir='ltr'><strong>est</strong></span> <span class='ocrx_word' id='word_1_302' title='bbox 1335 2200 1427 2253; x_wconf 89' lang='lat' dir='ltr'><strong>cordis</strong></span> <span class='ocrx_word' id='word_1_303' title='bbox 1442 2201 1496 2255; x_wconf 87' lang='lat' dir='ltr'><strong>mei</strong></span> <span class='ocrx_word' id='word_1_304' title='bbox 1510 2203 1773 2261; x_wconf 78' lang='lat' dir='ltr'><strong>memoriaaeterna·</strong></span> 
     </span>
     <span class='ocr_line' id='line_1_23' title="bbox 132 2280 1771 2362; baseline -0.002 -9"><span class='ocrx_word' id='word_1_305' title='bbox 132 2310 195 2353; x_wconf 85' lang='lat' dir='ltr'><strong>rum</strong></span> <span class='ocrx_word' id='word_1_306' title='bbox 210 2290 493 2351; x_wconf 85' lang='lat' dir='ltr'><strong>nobismanilestant.</strong></span> <span class='ocrx_word' id='word_1_307' title='bbox 522 2288 580 2342; x_wconf 86' lang='lat' dir='ltr'><strong>Hoc</strong></span> <span class='ocrx_word' id='word_1_308' title='bbox 602 2302 669 2356; x_wconf 88' lang='lat' dir='ltr'><strong>ergo</strong></span> <span class='ocrx_word' id='word_1_309' title='bbox 684 2286 785 2340; x_wconf 90' lang='lat' dir='ltr'><strong>collum</strong></span> <span class='ocrx_word' id='word_1_310' title='bbox 801 2287 930 2342; x_wconf 80' lang='lat' dir='ltr'><strong>Ecclesiae</strong></span> <span class='ocrx_word' id='word_1_311' title='bbox 971 2283 1036 2338; x_wconf 83' lang='lat' dir='ltr'><strong>liter</strong></span> <span class='ocrx_word' id='word_1_312' title='bbox 1055 2284 1215 2349; x_wconf 77' lang='lat' dir='ltr'><strong>habebitur,</strong></span> <span class='ocrx_word' id='word_1_313' title='bbox 1231 2292 1414 2358; x_wconf 89' lang='lat' dir='ltr'><strong>etnunquam</strong></span> <span class='ocrx_word' id='word_1_314' title='bbox 1430 2296 1573 2345; x_wconf 88' lang='lat' dir='ltr'><strong>tantorum</strong></span> <span class='ocrx_word' id='word_1_315' title='bbox 1585 2293 1646 2362; x_wconf 84' lang='lat' dir='ltr'><strong>ojus</strong></span> <span class='ocrx_word' id='word_1_316' title='bbox 1661 2280 1771 2350; x_wconf 76' lang='lat' dir='ltr'><strong>beneti-</strong></span> 
     </span>
     <span class='ocr_line' id='line_1_24' title="bbox 130 2368 1772 2479; baseline -0.007 -37"><span class='ocrx_word' id='word_1_317' title='bbox 130 2374 330 2479; x_wconf 67' lang='lat' dir='ltr'><strong>quasi&#39;m&#39;onile</strong></span> <span class='ocrx_word' id='word_1_318' title='bbox 338 2388 389 2447; x_wconf 85' lang='lat' dir='ltr'><strong>est,</strong></span> <span class='ocrx_word' id='word_1_319' title='bbox 402 2378 467 2450; x_wconf 90' lang='lat' dir='ltr'><strong>quia</strong></span> <span class='ocrx_word' id='word_1_320' title='bbox 474 2382 557 2431; x_wconf 84' lang='lat' dir='ltr'><strong>castae</strong></span> <span class='ocrx_word' id='word_1_321' title='bbox 567 2375 701 2430; x_wconf 81' lang='lat' dir='ltr'><strong>doctrinae</strong></span> <span class='ocrx_word' id='word_1_322' title='bbox 711 2375 869 2445; x_wconf 87' lang='lat' dir='ltr'><strong>gemmiset</strong></span> <span class='ocrx_word' id='word_1_323' title='bbox 876 2376 931 2430; x_wconf 84' lang='lat' dir='ltr'><strong>vir·</strong></span> <span class='ocrx_word' id='word_1_324' title='bbox 970 2373 1077 2427; x_wconf 89' lang='lat' dir='ltr'><strong>ciorum</strong></span> <span class='ocrx_word' id='word_1_325' title='bbox 1092 2373 1240 2428; x_wconf 85' lang='lat' dir='ltr'><strong>obliviscar</strong></span> <span class='ocrx_word' id='word_1_326' title='bbox 1262 2376 1311 2430; x_wconf 90' lang='lat' dir='ltr'><strong>sed</strong></span> <span class='ocrx_word' id='word_1_327' title='bbox 1331 2376 1388 2430; x_wconf 91' lang='lat' dir='ltr'><strong>sire</strong></span> <span class='ocrx_word' id='word_1_328' title='bbox 1403 2376 1429 2430; x_wconf 90' lang='lat' dir='ltr'><strong>in</strong></span> <span class='ocrx_word' id='word_1_329' title='bbox 1444 2368 1585 2447; x_wconf 78' lang='lat' dir='ltr'><strong>prosperis</strong></span> <span class='ocrx_word' id='word_1_330' title='bbox 1603 2378 1661 2433; x_wconf 87' lang='lat' dir='ltr'><strong>sire</strong></span> <span class='ocrx_word' id='word_1_331' title='bbox 1675 2381 1704 2434; x_wconf 91' lang='lat' dir='ltr'><strong>in</strong></span> <span class='ocrx_word' id='word_1_332' title='bbox 1719 2380 1772 2438; x_wconf 78' lang='lat' dir='ltr'><strong>ad-</strong></span> 
     </span>
     <span class='ocr_line' id='line_1_25' title="bbox 130 2462 1769 2534; baseline -0.004 -3"><span class='ocrx_word' id='word_1_333' title='bbox 130 2482 224 2531; x_wconf 83' lang='lat' dir='ltr'><strong>tbtum</strong></span> <span class='ocrx_word' id='word_1_334' title='bbox 239 2468 413 2528; x_wconf 88' lang='lat' dir='ltr'><strong>ornamentis</strong></span> <span class='ocrx_word' id='word_1_335' title='bbox 423 2462 656 2521; x_wconf 82' lang='lat' dir='ltr'><strong>sancti&#39;doctores</strong></span> <span class='ocrx_word' id='word_1_336' title='bbox 668 2463 811 2518; x_wconf 88' lang='lat' dir='ltr'><strong>decorant.</strong></span> <span class='ocrx_word' id='word_1_337' title='bbox 824 2463 930 2519; x_wconf 82' lang='lat' dir='ltr'><strong>Monile</strong></span> <span class='ocrx_word' id='word_1_338' title='bbox 971 2462 1241 2519; x_wconf 75' lang='lat' dir='ltr'><strong>versisrecordabor</strong></span> <span class='ocrx_word' id='word_1_339' title='bbox 1251 2465 1365 2534; x_wconf 86' lang='lat' dir='ltr'><strong>ejusqui</strong></span> <span class='ocrx_word' id='word_1_340' title='bbox 1378 2481 1422 2518; x_wconf 91' lang='lat' dir='ltr'><strong>me</strong></span> <span class='ocrx_word' id='word_1_341' title='bbox 1436 2465 1769 2525; x_wconf 74' lang='lat' dir='ltr'><strong>dilexitetmortuusest.</strong></span> 
     </span>
     <span class='ocr_line' id='line_1_26' title="bbox 130 2551 1771 2624; baseline -0.006 -5"><span class='ocrx_word' id='word_1_342' title='bbox 130 2562 206 2619; x_wconf 83' lang='lat' dir='ltr'><strong>enim</strong></span> <span class='ocrx_word' id='word_1_343' title='bbox 221 2567 418 2618; x_wconf 85' lang='lat' dir='ltr'><strong>ornamentum</strong></span> <span class='ocrx_word' id='word_1_344' title='bbox 435 2560 477 2609; x_wconf 90' lang='lat' dir='ltr'><strong>cst</strong></span> <span class='ocrx_word' id='word_1_345' title='bbox 492 2554 632 2624; x_wconf 78' lang='lat' dir='ltr'><strong>virginum</strong></span> <span class='ocrx_word' id='word_1_346' title='bbox 648 2553 692 2606; x_wconf 87' lang='lat' dir='ltr'><strong>rel</strong></span> <span class='ocrx_word' id='word_1_347' title='bbox 709 2560 913 2607; x_wconf 89' lang='lat' dir='ltr'><strong>matronarum.</strong></span> <span class='ocrx_word' id='word_1_348' title='bbox 1008 2569 1021 2602; x_wconf 76' lang='lat' dir='ltr'><strong>a</strong></span> <span class='ocrx_word' id='word_1_349' title='bbox 1039 2551 1138 2605; x_wconf 88' lang='lat' dir='ltr'><strong>Botrus</strong></span> <span class='ocrx_word' id='word_1_350' title='bbox 1154 2553 1238 2623; x_wconf 79' lang='lat' dir='ltr'><strong>Cypri</strong></span> <span class='ocrx_word' id='word_1_351' title='bbox 1253 2553 1371 2607; x_wconf 89' lang='lat' dir='ltr'><strong>dilectus</strong></span> <span class='ocrx_word' id='word_1_352' title='bbox 1386 2571 1465 2608; x_wconf 90' lang='lat' dir='ltr'><strong>mcus</strong></span> <span class='ocrx_word' id='word_1_353' title='bbox 1480 2555 1548 2608; x_wconf 90' lang='lat' dir='ltr'><strong>mihi</strong></span> <span class='ocrx_word' id='word_1_354' title='bbox 1563 2556 1592 2610; x_wconf 90' lang='lat' dir='ltr'><strong>in</strong></span> <span class='ocrx_word' id='word_1_355' title='bbox 1607 2557 1697 2612; x_wconf 89' lang='lat' dir='ltr'><strong>vineis</strong></span> <span class='ocrx_word' id='word_1_356' title='bbox 1712 2558 1771 2614; x_wconf 84' lang='lat' dir='ltr'><strong>Eu·</strong></span> 
     </span>
     <span class='ocr_line' id='line_1_27' title="bbox 166 2639 1772 2712; baseline -0.004 -7"><span class='ocrx_word' id='word_1_357' title='bbox 166 2670 180 2705; x_wconf 79' lang='lat' dir='ltr'><strong>c</strong></span> <span class='ocrx_word' id='word_1_358' title='bbox 195 2649 359 2707; x_wconf 79' lang='lat' dir='ltr'><strong>Murenulas</strong></span> <span class='ocrx_word' id='word_1_359' title='bbox 383 2662 484 2701; x_wconf 87' lang='lat' dir='ltr'><strong>aureas</strong></span> <span class='ocrx_word' id='word_1_360' title='bbox 505 2644 641 2699; x_wconf 84' lang='lat' dir='ltr'><strong>iaciemus</strong></span> <span class='ocrx_word' id='word_1_361' title='bbox 655 2642 714 2706; x_wconf 82' lang='lat' dir='ltr'><strong>tibi.</strong></span> <span class='ocrx_word' id='word_1_362' title='bbox 729 2642 928 2696; x_wconf 87' lang='lat' dir='ltr'><strong>vermiculatas</strong></span> <span class='ocrx_word' id='word_1_363' title='bbox 968 2639 1061 2709; x_wconf 89' lang='lat' dir='ltr'><strong>gaddi.</strong></span> <span class='ocrx_word' id='word_1_364' title='bbox 1081 2661 1092 2691; x_wconf 79' lang='lat' dir='ltr'><strong>r</strong></span> <span class='ocrx_word' id='word_1_365' title='bbox 1108 2641 1217 2712; x_wconf 83' lang='lat' dir='ltr'><strong>Cyprus</strong></span> <span class='ocrx_word' id='word_1_366' title='bbox 1228 2642 1319 2695; x_wconf 90' lang='lat' dir='ltr'><strong>insula</strong></span> <span class='ocrx_word' id='word_1_367' title='bbox 1334 2649 1378 2696; x_wconf 88' lang='lat' dir='ltr'><strong>est</strong></span> <span class='ocrx_word' id='word_1_368' title='bbox 1396 2642 1444 2696; x_wconf 91' lang='lat' dir='ltr'><strong>ubi</strong></span> <span class='ocrx_word' id='word_1_369' title='bbox 1459 2643 1527 2697; x_wconf 85' lang='lat' dir='ltr'><strong>rites</strong></span> <span class='ocrx_word' id='word_1_370' title='bbox 1539 2644 1646 2699; x_wconf 85' lang='lat' dir='ltr'><strong>nobiles</strong></span> <span class='ocrx_word' id='word_1_371' title='bbox 1656 2662 1719 2701; x_wconf 86' lang='lat' dir='ltr'><strong>esse</strong></span> <span class='ocrx_word' id='word_1_372' title='bbox 1730 2648 1772 2703; x_wconf 80' lang='lat' dir='ltr'><strong>se-</strong></span> 
     </span>
     <span class='ocr_line' id='line_1_28' title="bbox 128 2730 1770 2814; baseline -0.005 -16"><span class='ocrx_word' id='word_1_373' title='bbox 128 2748 255 2814; x_wconf 84' lang='lat' dir='ltr'><strong>argento.</strong></span> <span class='ocrx_word' id='word_1_374' title='bbox 279 2758 291 2789; x_wconf 78' lang='lat' dir='ltr'><strong>s</strong></span> <span class='ocrx_word' id='word_1_375' title='bbox 313 2734 469 2792; x_wconf 77' lang='lat' dir='ltr'><strong>Murenulce</strong></span> <span class='ocrx_word' id='word_1_376' title='bbox 487 2735 568 2804; x_wconf 84' lang='lat' dir='ltr'><strong>juxta</strong></span> <span class='ocrx_word' id='word_1_377' title='bbox 588 2733 712 2786; x_wconf 87' lang='lat' dir='ltr'><strong>litteram</strong></span> <span class='ocrx_word' id='word_1_378' title='bbox 728 2736 928 2784; x_wconf 87' lang='lat' dir='ltr'><strong>ornamentum</strong></span> <span class='ocrx_word' id='word_1_379' title='bbox 971 2734 1081 2790; x_wconf 86' lang='lat' dir='ltr'><strong>rantur,</strong></span> <span class='ocrx_word' id='word_1_380' title='bbox 1099 2730 1235 2784; x_wconf 83' lang='lat' dir='ltr'><strong>maximos</strong></span> <span class='ocrx_word' id='word_1_381' title='bbox 1249 2730 1343 2784; x_wconf 91' lang='lat' dir='ltr'><strong>botros</strong></span> <span class='ocrx_word' id='word_1_382' title='bbox 1355 2733 1682 2803; x_wconf 87' lang='lat' dir='ltr'><strong>procreantes.Engaddi</strong></span> <span class='ocrx_word' id='word_1_383' title='bbox 1690 2736 1770 2792; x_wconf 91' lang='lat' dir='ltr'><strong>locus</strong></span> 
     </span>
     <span class='ocr_line' id='line_1_29' title="bbox 127 2817 1769 2899; baseline -0.008 -12"><span class='ocrx_word' id='word_1_384' title='bbox 127 2834 194 2887; x_wconf 86' lang='lat' dir='ltr'><strong>suht</strong></span> <span class='ocrx_word' id='word_1_385' title='bbox 209 2828 272 2884; x_wconf 93' lang='lat' dir='ltr'><strong>colli</strong></span> <span class='ocrx_word' id='word_1_386' title='bbox 282 2825 427 2899; x_wconf 80' lang='lat' dir='ltr'><strong>virginalis</strong></span> <span class='ocrx_word' id='word_1_387' title='bbox 436 2829 465 2878; x_wconf 92' lang='lat' dir='ltr'><strong>et</strong></span> <span class='ocrx_word' id='word_1_388' title='bbox 474 2820 750 2894; x_wconf 87' lang='lat' dir='ltr'><strong>puellaris,ridclicet</strong></span> <span class='ocrx_word' id='word_1_389' title='bbox 760 2820 928 2890; x_wconf 87' lang='lat' dir='ltr'><strong>rirgnlaeuu-</strong></span> <span class='ocrx_word' id='word_1_390' title='bbox 969 2817 1099 2871; x_wconf 87' lang='lat' dir='ltr'><strong>similiter</strong></span> <span class='ocrx_word' id='word_1_391' title='bbox 1122 2835 1183 2872; x_wconf 87' lang='lat' dir='ltr'><strong>esse</strong></span> <span class='ocrx_word' id='word_1_392' title='bbox 1210 2818 1309 2886; x_wconf 78' lang='lat' dir='ltr'><strong>fertur,</strong></span> <span class='ocrx_word' id='word_1_393' title='bbox 1325 2820 1431 2874; x_wconf 89' lang='lat' dir='ltr'><strong>habens</strong></span> <span class='ocrx_word' id='word_1_394' title='bbox 1451 2820 1612 2876; x_wconf 81' lang='lat' dir='ltr'><strong>arbusculas</strong></span> <span class='ocrx_word' id='word_1_395' title='bbox 1628 2823 1769 2895; x_wconf 85' lang='lat' dir='ltr'><strong>liquorem</strong></span> 
     </span>
     <span class='ocr_line' id='line_1_30' title="bbox 131 2904 1769 2991; baseline -0.012 -17"><span class='ocrx_word' id='word_1_396' title='bbox 131 2905 485 2991; x_wconf 70' lang='lat' dir='ltr'><strong>ri&#39;perplexaepmermiais</strong></span> <span class='ocrx_word' id='word_1_397' title='bbox 498 2925 700 2980; x_wconf 91' lang='lat' dir='ltr'><strong>nonnunquam</strong></span> <span class='ocrx_word' id='word_1_398' title='bbox 711 2909 826 2985; x_wconf 88' lang='lat' dir='ltr'><strong>pulchra</strong></span> <span class='ocrx_word' id='word_1_399' title='bbox 837 2910 928 2961; x_wconf 84' lang='lat' dir='ltr'><strong>raria-</strong></span> <span class='ocrx_word' id='word_1_400' title='bbox 968 2904 1085 2959; x_wconf 85' lang='lat' dir='ltr'><strong>balsami</strong></span> <span class='ocrx_word' id='word_1_401' title='bbox 1097 2907 1274 2961; x_wconf 88' lang='lat' dir='ltr'><strong>desudantes.</strong></span> <span class='ocrx_word' id='word_1_402' title='bbox 1283 2908 1420 2977; x_wconf 89' lang='lat' dir='ltr'><strong>Loquitur</strong></span> <span class='ocrx_word' id='word_1_403' title='bbox 1429 2925 1606 2980; x_wconf 82' lang='lat' dir='ltr'><strong>crgosponsa</strong></span> <span class='ocrx_word' id='word_1_404' title='bbox 1620 2910 1655 2964; x_wconf 81' lang='lat' dir='ltr'><strong>de</strong></span> <span class='ocrx_word' id='word_1_405' title='bbox 1670 2926 1769 2966; x_wconf 65' lang='lat' dir='ltr'><strong>resur.</strong></span> 
     </span>
     <span class='ocr_line' id='line_1_31' title="bbox 127 2984 1768 3070; baseline -0.01 -8"><span class='ocrx_word' id='word_1_406' title='bbox 127 2996 186 3062; x_wconf 75' lang='lat' dir='ltr'><strong>tate</strong></span> <span class='ocrx_word' id='word_1_407' title='bbox 196 3001 387 3060; x_wconf 86' lang='lat' dir='ltr'><strong>subtilissimis</strong></span> <span class='ocrx_word' id='word_1_408' title='bbox 400 2999 509 3070; x_wconf 82' lang='lat' dir='ltr'><strong>argenti</strong></span> <span class='ocrx_word' id='word_1_409' title='bbox 523 2998 586 3061; x_wconf 81' lang='lat' dir='ltr'><strong>ntis,</strong></span> <span class='ocrx_word' id='word_1_410' title='bbox 604 3004 632 3051; x_wconf 93' lang='lat' dir='ltr'><strong>et</strong></span> <span class='ocrx_word' id='word_1_411' title='bbox 642 2998 694 3052; x_wconf 93' lang='lat' dir='ltr'><strong>boc</strong></span> <span class='ocrx_word' id='word_1_412' title='bbox 708 3003 751 3050; x_wconf 91' lang='lat' dir='ltr'><strong>est</strong></span> <span class='ocrx_word' id='word_1_413' title='bbox 761 2996 925 3066; x_wconf 82' lang='lat' dir='ltr'><strong>quoddicit.</strong></span> <span class='ocrx_word' id='word_1_414' title='bbox 968 2995 1091 3049; x_wconf 85' lang='lat' dir='ltr'><strong>rectione</strong></span> <span class='ocrx_word' id='word_1_415' title='bbox 1107 2995 1212 3050; x_wconf 77' lang='lat' dir='ltr'><strong>Christi</strong></span> <span class='ocrx_word' id='word_1_416' title='bbox 1222 2996 1264 3049; x_wconf 85' lang='lat' dir='ltr'><strong>sui</strong></span> <span class='ocrx_word' id='word_1_417' title='bbox 1280 2997 1375 3066; x_wconf 87' lang='lat' dir='ltr'><strong>sponsi</strong></span> <span class='ocrx_word' id='word_1_418' title='bbox 1391 3015 1417 3049; x_wconf 70' lang='lat' dir='ltr'><strong>:a</strong></span> <span class='ocrx_word' id='word_1_419' title='bbox 1434 2998 1534 3052; x_wconf 87' lang='lat' dir='ltr'><strong>Botrus</strong></span> <span class='ocrx_word' id='word_1_420' title='bbox 1548 2998 1633 3069; x_wconf 82' lang='lat' dir='ltr'><strong>Cypri</strong></span> <span class='ocrx_word' id='word_1_421' title='bbox 1646 2984 1768 3057; x_wconf 57' lang='lat' dir='ltr'><strong>dilectiss</strong></span> 
     </span>
     <span class='ocr_line' id='line_1_32' title="bbox 128 3062 1768 3160; baseline -0.006 -11"><span class='ocrx_word' id='word_1_422' title='bbox 128 3080 485 3158; x_wconf 69' lang='lat' dir='ltr'><strong>‹rermlc&#39;ulatasargentm</strong></span> <span class='ocrx_word' id='word_1_423' title='bbox 503 3085 556 3139; x_wconf 83' lang='lat' dir='ltr'><strong>»id</strong></span> <span class='ocrx_word' id='word_1_424' title='bbox 569 3085 650 3139; x_wconf 88' lang='lat' dir='ltr'><strong>estin</strong></span> <span class='ocrx_word' id='word_1_425' title='bbox 663 3084 777 3137; x_wconf 90' lang='lat' dir='ltr'><strong>modum</strong></span> <span class='ocrx_word' id='word_1_426' title='bbox 789 3062 955 3138; x_wconf 87' lang='lat' dir='ltr'><strong>vermiumC</strong></span> <span class='ocrx_word' id='word_1_427' title='bbox 968 3099 1046 3137; x_wconf 88' lang='lat' dir='ltr'><strong>meus</strong></span> <span class='ocrx_word' id='word_1_428' title='bbox 1071 3085 1150 3138; x_wconf 88' lang='lat' dir='ltr'><strong>mihi.</strong></span> <span class='ocrx_word' id='word_1_429' title='bbox 1170 3106 1180 3135; x_wconf 80' lang='grc' dir='ltr'><strong>ι</strong></span> <span class='ocrx_word' id='word_1_430' title='bbox 1198 3087 1237 3139; x_wconf 83' lang='lat' dir='ltr'><strong>Ac</strong></span> <span class='ocrx_word' id='word_1_431' title='bbox 1260 3085 1284 3138; x_wconf 92' lang='lat' dir='ltr'><strong>si</strong></span> <span class='ocrx_word' id='word_1_432' title='bbox 1308 3085 1414 3139; x_wconf 86' lang='lat' dir='ltr'><strong>diceret</strong></span> <span class='ocrx_word' id='word_1_433' title='bbox 1432 3103 1437 3138; x_wconf 93' lang='lat'><strong>:</strong></span> <span class='ocrx_word' id='word_1_434' title='bbox 1465 3086 1588 3157; x_wconf 90' lang='lat' dir='ltr'><strong>Sponsus</strong></span> <span class='ocrx_word' id='word_1_435' title='bbox 1610 3103 1701 3153; x_wconf 76' lang='lat' dir='ltr'><strong>meus,</strong></span> <span class='ocrx_word' id='word_1_436' title='bbox 1716 3090 1768 3160; x_wconf 87' lang='lat' dir='ltr'><strong>qui</strong></span> 
     </span>
     <span class='ocr_line' id='line_1_33' title="bbox 127 3171 1771 3251; baseline -0.006 -12"><span class='ocrx_word' id='word_1_437' title='bbox 127 3189 316 3248; x_wconf 76' lang='lat' dir='ltr'><strong>terrenorum,</strong></span> <span class='ocrx_word' id='word_1_438' title='bbox 331 3194 401 3251; x_wconf 90' lang='lat' dir='ltr'><strong>quos</strong></span> <span class='ocrx_word' id='word_1_439' title='bbox 413 3173 565 3230; x_wconf 89' lang='lat' dir='ltr'><strong>lumbricos</strong></span> <span class='ocrx_word' id='word_1_440' title='bbox 579 3173 686 3235; x_wconf 83' lang='lat' dir='ltr'><strong>dicunt.</strong></span> <span class='ocrx_word' id='word_1_441' title='bbox 701 3172 856 3226; x_wconf 86' lang='lat' dir='ltr'><strong>distinctas.</strong></span> <span class='ocrx_word' id='word_1_442' title='bbox 868 3173 925 3226; x_wconf 89' lang='lat' dir='ltr'><strong>Mu·</strong></span> <span class='ocrx_word' id='word_1_443' title='bbox 967 3171 1066 3225; x_wconf 85' lang='lat' dir='ltr'><strong>ruortis</strong></span> <span class='ocrx_word' id='word_1_444' title='bbox 1079 3172 1297 3226; x_wconf 89' lang='lat' dir='ltr'><strong>amaritudinem</strong></span> <span class='ocrx_word' id='word_1_445' title='bbox 1309 3190 1358 3243; x_wconf 92' lang='lat' dir='ltr'><strong>pro</strong></span> <span class='ocrx_word' id='word_1_446' title='bbox 1369 3189 1415 3226; x_wconf 91' lang='lat' dir='ltr'><strong>me</strong></span> <span class='ocrx_word' id='word_1_447' title='bbox 1425 3174 1559 3243; x_wconf 87' lang='lat' dir='ltr'><strong>gustarit.</strong></span> <span class='ocrx_word' id='word_1_448' title='bbox 1575 3179 1603 3228; x_wconf 89' lang='lat' dir='ltr'><strong>et</strong></span> <span class='ocrx_word' id='word_1_449' title='bbox 1614 3174 1771 3233; x_wconf 74' lang='lat' dir='ltr'><strong>fasciculus</strong></span> 
     </span>
     <span class='ocr_line' id='line_1_34' title="bbox 129 3248 1766 3333; baseline -0.004 -6"><span class='ocrx_word' id='word_1_450' title='bbox 129 3271 234 3327; x_wconf 78' lang='lat' dir='ltr'><strong>cenulae</strong></span> <span class='ocrx_word' id='word_1_451' title='bbox 247 3264 489 3324; x_wconf 88' lang='lat' dir='ltr'><strong>autem&#39;dicuntur</strong></span> <span class='ocrx_word' id='word_1_452' title='bbox 500 3248 710 3317; x_wconf 89' lang='lat' dir='ltr'><strong>asimilitudine</strong></span> <span class='ocrx_word' id='word_1_453' title='bbox 718 3261 800 3332; x_wconf 88' lang='lat' dir='ltr'><strong>piscis</strong></span> <span class='ocrx_word' id='word_1_454' title='bbox 810 3261 922 3328; x_wconf 89' lang='lat' dir='ltr'><strong>marini,</strong></span> <span class='ocrx_word' id='word_1_455' title='bbox 967 3260 1035 3314; x_wconf 91' lang='lat' dir='ltr'><strong>mibi</strong></span> <span class='ocrx_word' id='word_1_456' title='bbox 1051 3261 1130 3330; x_wconf 90' lang='lat' dir='ltr'><strong>quasi</strong></span> <span class='ocrx_word' id='word_1_457' title='bbox 1142 3262 1264 3333; x_wconf 78' lang='lat' dir='ltr'><strong>myrrha</strong></span> <span class='ocrx_word' id='word_1_458' title='bbox 1278 3261 1376 3324; x_wconf 80' lang='lat' dir='ltr'><strong>suit,in</strong></span> <span class='ocrx_word' id='word_1_459' title='bbox 1390 3262 1595 3316; x_wconf 78' lang='lat' dir='ltr'><strong>resurrectione</strong></span> <span class='ocrx_word' id='word_1_460' title='bbox 1607 3279 1659 3318; x_wconf 90' lang='lat' dir='ltr'><strong>sua</strong></span> <span class='ocrx_word' id='word_1_461' title='bbox 1672 3264 1766 3321; x_wconf 85' lang='lat' dir='ltr'><strong>sactus</strong></span> 
     </span>
     <span class='ocr_line' id='line_1_35' title="bbox 125 3348 1767 3441; baseline -0.005 -24"><span class='ocrx_word' id='word_1_462' title='bbox 125 3362 174 3441; x_wconf 86' lang='lat' dir='ltr'><strong>qu&#39;i</strong></span> <span class='ocrx_word' id='word_1_463' title='bbox 197 3374 314 3414; x_wconf 86' lang='lat' dir='ltr'><strong>murena</strong></span> <span class='ocrx_word' id='word_1_464' title='bbox 328 3360 451 3410; x_wconf 79' lang='lat' dir='ltr'><strong>vocatur.</strong></span> <span class='ocrx_word' id='word_1_465' title='bbox 470 3350 597 3423; x_wconf 72' lang='lat' dir='ltr'><strong>mystice,</strong></span> <span class='ocrx_word' id='word_1_466' title='bbox 614 3349 768 3404; x_wconf 73' lang='lat' dir='ltr'><strong>murenulae</strong></span> <span class='ocrx_word' id='word_1_467' title='bbox 783 3355 849 3404; x_wconf 90' lang='lat' dir='ltr'><strong>suut</strong></span> <span class='ocrx_word' id='word_1_468' title='bbox 863 3367 923 3420; x_wconf 69' lang='lat' dir='ltr'><strong>per</strong></span> <span class='ocrx_word' id='word_1_469' title='bbox 965 3355 1008 3402; x_wconf 91' lang='lat' dir='ltr'><strong>est</strong></span> <span class='ocrx_word' id='word_1_470' title='bbox 1021 3350 1089 3403; x_wconf 82' lang='lat' dir='ltr'><strong>mibi</strong></span> <span class='ocrx_word' id='word_1_471' title='bbox 1101 3349 1197 3403; x_wconf 90' lang='lat' dir='ltr'><strong>botrus</strong></span> <span class='ocrx_word' id='word_1_472' title='bbox 1212 3348 1297 3420; x_wconf 88' lang='lat' dir='ltr'><strong>Cypri</strong></span> <span class='ocrx_word' id='word_1_473' title='bbox 1312 3349 1423 3420; x_wconf 90' lang='lat' dir='ltr'><strong>quando</strong></span> <span class='ocrx_word' id='word_1_474' title='bbox 1434 3351 1586 3420; x_wconf 86' lang='lat' dir='ltr'><strong>megaudio</strong></span> <span class='ocrx_word' id='word_1_475' title='bbox 1596 3369 1653 3406; x_wconf 82' lang='lat' dir='ltr'><strong>suae</strong></span> <span class='ocrx_word' id='word_1_476' title='bbox 1666 3369 1767 3410; x_wconf 81' lang='lat' dir='ltr'><strong>resur·</strong></span> 
     </span>
     <span class='ocr_line' id='line_1_36' title="bbox 123 3437 1765 3522; baseline -0.006 -16"><span class='ocrx_word' id='word_1_477' title='bbox 123 3451 205 3522; x_wconf 82' lang='lat' dir='ltr'><strong>plexa</strong></span> <span class='ocrx_word' id='word_1_478' title='bbox 218 3442 580 3518; x_wconf 84' lang='lat' dir='ltr'><strong>Scriptumrumdogmata.</strong></span> <span class='ocrx_word' id='word_1_479' title='bbox 592 3444 621 3493; x_wconf 89' lang='lat' dir='ltr'><strong>et</strong></span> <span class='ocrx_word' id='word_1_480' title='bbox 633 3438 749 3492; x_wconf 84' lang='lat' dir='ltr'><strong>dirersis</strong></span> <span class='ocrx_word' id='word_1_481' title='bbox 759 3446 922 3493; x_wconf 85' lang='lat' dir='ltr'><strong>sanctorum</strong></span> <span class='ocrx_word' id='word_1_482' title='bbox 963 3437 1096 3491; x_wconf 86' lang='lat' dir='ltr'><strong>rectionis</strong></span> <span class='ocrx_word' id='word_1_483' title='bbox 1112 3437 1268 3492; x_wconf 81' lang='lat' dir='ltr'><strong>laetificarit.</strong></span> <span class='ocrx_word' id='word_1_484' title='bbox 1285 3438 1385 3491; x_wconf 83' lang='lat' dir='ltr'><strong>Vinum</strong></span> <span class='ocrx_word' id='word_1_485' title='bbox 1401 3438 1476 3490; x_wconf 87' lang='lat' dir='ltr'><strong>enim</strong></span> <span class='ocrx_word' id='word_1_486' title='bbox 1495 3438 1619 3493; x_wconf 83' lang='lat' dir='ltr'><strong>laetilicat</strong></span> <span class='ocrx_word' id='word_1_487' title='bbox 1637 3456 1688 3494; x_wconf 89' lang='lat' dir='ltr'><strong>cor</strong></span> <span class='ocrx_word' id='word_1_488' title='bbox 1710 3441 1765 3497; x_wconf 88' lang='lat' dir='ltr'><strong>ho·</strong></span> 
     </span>
     <span class='ocr_line' id='line_1_37' title="bbox 124 3525 1764 3597; baseline -0.01 -3"><span class='ocrx_word' id='word_1_489' title='bbox 124 3541 240 3595; x_wconf 88' lang='lat' dir='ltr'><strong>Patrum</strong></span> <span class='ocrx_word' id='word_1_490' title='bbox 248 3532 396 3590; x_wconf 87' lang='lat' dir='ltr'><strong>sententiis</strong></span> <span class='ocrx_word' id='word_1_491' title='bbox 409 3531 523 3584; x_wconf 86' lang='lat' dir='ltr'><strong>interae</strong></span> <span class='ocrx_word' id='word_1_492' title='bbox 536 3528 805 3597; x_wconf 81' lang='lat' dir='ltr'><strong>conjunctahurum</strong></span> <span class='ocrx_word' id='word_1_493' title='bbox 818 3527 922 3597; x_wconf 88' lang='lat' dir='ltr'><strong>quippe</strong></span> <span class='ocrx_word' id='word_1_494' title='bbox 963 3525 1047 3580; x_wconf 90' lang='lat' dir='ltr'><strong>minis</strong></span> <span class='ocrx_word' id='word_1_495' title='bbox 1061 3545 1067 3591; x_wconf 90' lang='grc'><strong>;</strong></span> <span class='ocrx_word' id='word_1_496' title='bbox 1084 3531 1113 3580; x_wconf 90' lang='lat' dir='ltr'><strong>et</strong></span> <span class='ocrx_word' id='word_1_497' title='bbox 1126 3527 1179 3579; x_wconf 93' lang='lat' dir='ltr'><strong>hoc</strong></span> <span class='ocrx_word' id='word_1_498' title='bbox 1193 3527 1221 3580; x_wconf 92' lang='lat' dir='ltr'><strong>in</strong></span> <span class='ocrx_word' id='word_1_499' title='bbox 1234 3526 1322 3580; x_wconf 83' lang='lat' dir='ltr'><strong>vineis</strong></span> <span class='ocrx_word' id='word_1_500' title='bbox 1334 3526 1469 3595; x_wconf 78' lang='lat' dir='ltr'><strong>Engaddi,</strong></span> <span class='ocrx_word' id='word_1_501' title='bbox 1484 3528 1550 3597; x_wconf 90' lang='lat' dir='ltr'><strong>quia</strong></span> <span class='ocrx_word' id='word_1_502' title='bbox 1561 3543 1593 3581; x_wconf 85' lang='lat' dir='ltr'><strong>ex</strong></span> <span class='ocrx_word' id='word_1_503' title='bbox 1603 3545 1654 3582; x_wconf 89' lang='lat' dir='ltr'><strong>sua</strong></span> <span class='ocrx_word' id='word_1_504' title='bbox 1668 3546 1764 3586; x_wconf 79' lang='lat' dir='ltr'><strong>resur-</strong></span> 
     </span>
     <span class='ocr_line' id='line_1_38' title="bbox 123 3613 1764 3693; baseline -0.01 -9"><span class='ocrx_word' id='word_1_505' title='bbox 123 3626 280 3683; x_wconf 88' lang='lat' dir='ltr'><strong>claritatem</strong></span> <span class='ocrx_word' id='word_1_506' title='bbox 291 3622 536 3693; x_wconf 77' lang='lat' dir='ltr'><strong>significatsensus</strong></span> <span class='ocrx_word' id='word_1_507' title='bbox 546 3615 689 3685; x_wconf 79' lang='lat' dir='ltr'><strong>spiritalis,</strong></span> <span class='ocrx_word' id='word_1_508' title='bbox 697 3621 844 3684; x_wconf 85' lang='lat' dir='ltr'><strong>argentum</strong></span> <span class='ocrx_word' id='word_1_509' title='bbox 856 3631 921 3669; x_wconf 86' lang='lat' dir='ltr'><strong>rero</strong></span> <span class='ocrx_word' id='word_1_510' title='bbox 962 3614 1086 3668; x_wconf 89' lang='lat' dir='ltr'><strong>rectione</strong></span> <span class='ocrx_word' id='word_1_511' title='bbox 1097 3615 1176 3684; x_wconf 86' lang='lat' dir='ltr'><strong>quasi</strong></span> <span class='ocrx_word' id='word_1_512' title='bbox 1192 3615 1356 3670; x_wconf 83' lang='lat' dir='ltr'><strong>suavissimo</strong></span> <span class='ocrx_word' id='word_1_513' title='bbox 1366 3613 1484 3669; x_wconf 91' lang='lat' dir='ltr'><strong>balsami</strong></span> <span class='ocrx_word' id='word_1_514' title='bbox 1492 3616 1578 3670; x_wconf 87' lang='lat' dir='ltr'><strong>odore</strong></span> <span class='ocrx_word' id='word_1_515' title='bbox 1589 3633 1640 3687; x_wconf 93' lang='lat' dir='ltr'><strong>per</strong></span> <span class='ocrx_word' id='word_1_516' title='bbox 1649 3619 1764 3674; x_wconf 83' lang='lat' dir='ltr'><strong>unirer-</strong></span> 
     </span>
     <span class='ocr_line' id='line_1_39' title="bbox 123 3694 1762 3782; baseline -0.011 -10"><span class='ocrx_word' id='word_1_517' title='bbox 123 3694 243 3773; x_wconf 84' lang='lat' dir='ltr'><strong>nitorem¹</strong></span> <span class='ocrx_word' id='word_1_518' title='bbox 265 3710 368 3782; x_wconf 91' lang='lat' dir='ltr'><strong>eloquii</strong></span> <span class='ocrx_word' id='word_1_519' title='bbox 390 3707 529 3779; x_wconf 86' lang='lat' dir='ltr'><strong>designat.</strong></span> <span class='ocrx_word' id='word_1_520' title='bbox 546 3704 709 3759; x_wconf 84' lang='lat' dir='ltr'><strong>hlurenulas</strong></span> <span class='ocrx_word' id='word_1_521' title='bbox 729 3720 795 3773; x_wconf 88' lang='lat' dir='ltr'><strong>ergo</strong></span> <span class='ocrx_word' id='word_1_522' title='bbox 819 3720 920 3758; x_wconf 88' lang='lat' dir='ltr'><strong>aureas</strong></span> <span class='ocrx_word' id='word_1_523' title='bbox 961 3718 1023 3755; x_wconf 88' lang='lat' dir='ltr'><strong>sum</strong></span> <span class='ocrx_word' id='word_1_524' title='bbox 1040 3701 1176 3755; x_wconf 90' lang='lat' dir='ltr'><strong>mundum</strong></span> <span class='ocrx_word' id='word_1_525' title='bbox 1188 3702 1319 3761; x_wconf 84' lang='lat' dir='ltr'><strong>redoluit,</strong></span> <span class='ocrx_word' id='word_1_526' title='bbox 1331 3708 1359 3756; x_wconf 92' lang='lat' dir='ltr'><strong>et</strong></span> <span class='ocrx_word' id='word_1_527' title='bbox 1373 3703 1556 3771; x_wconf 88' lang='lat' dir='ltr'><strong>fragrantiam</strong></span> <span class='ocrx_word' id='word_1_528' title='bbox 1567 3705 1762 3762; x_wconf 76' lang='lat' dir='ltr'><strong>suaebdeilate</strong></span> 
     </span>
     <span class='ocr_line' id='line_1_40' title="bbox 122 3789 1758 3878; baseline -0.007 -17"><span class='ocrx_word' id='word_1_529' title='bbox 122 3790 241 3878; x_wconf 88' lang='lat' dir='ltr'><strong>sponsus</strong></span> <span class='ocrx_word' id='word_1_530' title='bbox 256 3816 364 3873; x_wconf 77' lang='lat' dir='ltr'><strong>sponsa·</strong></span> <span class='ocrx_word' id='word_1_531' title='bbox 378 3814 435 3852; x_wconf 83' lang='lat' dir='ltr'><strong>suae</strong></span> <span class='ocrx_word' id='word_1_532' title='bbox 448 3795 522 3858; x_wconf 83' lang='lat' dir='ltr'><strong>facit,</strong></span> <span class='ocrx_word' id='word_1_533' title='bbox 541 3810 602 3848; x_wconf 88' lang='lat' dir='ltr'><strong>cum</strong></span> <span class='ocrx_word' id='word_1_534' title='bbox 623 3792 752 3847; x_wconf 87' lang='lat' dir='ltr'><strong>Christus</strong></span> <span class='ocrx_word' id='word_1_535' title='bbox 766 3791 918 3847; x_wconf 80' lang='lat' dir='ltr'><strong>Ecclesiam</strong></span> <span class='ocrx_word' id='word_1_536' title='bbox 961 3789 1100 3860; x_wconf 85' lang='lat' dir='ltr'><strong>dispersit.</strong></span> <span class='ocrx_word' id='word_1_537' title='bbox 1115 3790 1243 3860; x_wconf 87' lang='lat' dir='ltr'><strong>Engaddi</strong></span> <span class='ocrx_word' id='word_1_538' title='bbox 1258 3798 1351 3845; x_wconf 90' lang='lat' dir='ltr'><strong>autem</strong></span> <span class='ocrx_word' id='word_1_539' title='bbox 1372 3791 1435 3845; x_wconf 81' lang='lat' dir='ltr'><strong>lons</strong></span> <span class='ocrx_word' id='word_1_540' title='bbox 1456 3791 1525 3846; x_wconf 74' lang='lat' dir='ltr'><strong>haedi</strong></span> <span class='ocrx_word' id='word_1_541' title='bbox 1542 3791 1758 3865; x_wconf 80' lang='lat' dir='ltr'><strong>interpretatur,</strong></span> 
     </span>
     <span class='ocr_line' id='line_1_41' title="bbox 122 3880 1759 3961; baseline -0.012 -10"><span class='ocrx_word' id='word_1_542' title='bbox 122 3910 202 3950; x_wconf 88' lang='lat' dir='ltr'><strong>suam</strong></span> <span class='ocrx_word' id='word_1_543' title='bbox 218 3884 353 3946; x_wconf 82' lang='lat' dir='ltr'><strong>doctrinis</strong></span> <span class='ocrx_word' id='word_1_544' title='bbox 367 3890 528 3941; x_wconf 90' lang='lat' dir='ltr'><strong>sanctorum</strong></span> <span class='ocrx_word' id='word_1_545' title='bbox 544 3882 658 3961; x_wconf 83' lang='lat' dir='ltr'><strong>Petrum</strong></span> <span class='ocrx_word' id='word_1_546' title='bbox 674 3897 757 3935; x_wconf 88' lang='lat' dir='ltr'><strong>sensu</strong></span> <span class='ocrx_word' id='word_1_547' title='bbox 767 3886 796 3934; x_wconf 92' lang='lat' dir='ltr'><strong>et</strong></span> <span class='ocrx_word' id='word_1_548' title='bbox 808 3881 919 3952; x_wconf 90' lang='lat' dir='ltr'><strong>eloquio</strong></span> <span class='ocrx_word' id='word_1_549' title='bbox 960 3880 1097 3949; x_wconf 90' lang='lat' dir='ltr'><strong>perquod</strong></span> <span class='ocrx_word' id='word_1_550' title='bbox 1121 3880 1298 3950; x_wconf 89' lang='lat' dir='ltr'><strong>signillcatur</strong></span> <span class='ocrx_word' id='word_1_551' title='bbox 1313 3880 1462 3951; x_wconf 84' lang='lat' dir='ltr'><strong>baptisma,</strong></span> <span class='ocrx_word' id='word_1_552' title='bbox 1489 3886 1517 3934; x_wconf 90' lang='lat' dir='ltr'><strong>et</strong></span> <span class='ocrx_word' id='word_1_553' title='bbox 1531 3881 1701 3938; x_wconf 74' lang='lat' dir='ltr'><strong>sacrificium</strong></span> <span class='ocrx_word' id='word_1_554' title='bbox 1727 3885 1759 3940; x_wconf 76' lang='lat' dir='ltr'><strong>in</strong></span> 
     </span>
     <span class='ocr_line' id='line_1_42' title="bbox 121 3966 1814 4054; baseline -0.011 -16"><span class='ocrx_word' id='word_1_555' title='bbox 121 3980 292 4054; x_wconf 79' lang='lat' dir='ltr'><strong>fulgentibus</strong></span> <span class='ocrx_word' id='word_1_556' title='bbox 306 3977 432 4042; x_wconf 83' lang='lat' dir='ltr'><strong>instruit,</strong></span> <span class='ocrx_word' id='word_1_557' title='bbox 447 3980 532 4042; x_wconf 88' lang='lat' dir='ltr'><strong>atque</strong></span> <span class='ocrx_word' id='word_1_558' title='bbox 546 3969 584 4025; x_wconf 91' lang='lat' dir='ltr'><strong>ad</strong></span> <span class='ocrx_word' id='word_1_559' title='bbox 599 3971 711 4025; x_wconf 89' lang='lat' dir='ltr'><strong>illorum</strong></span> <span class='ocrx_word' id='word_1_560' title='bbox 723 3970 807 4023; x_wconf 83' lang='lat' dir='ltr'><strong>sidem</strong></span> <span class='ocrx_word' id='word_1_561' title='bbox 819 3976 847 4023; x_wconf 90' lang='lat' dir='ltr'><strong>et</strong></span> <span class='ocrx_word' id='word_1_562' title='bbox 862 3970 917 4023; x_wconf 87' lang='lat' dir='ltr'><strong>vir·</strong></span> <span class='ocrx_word' id='word_1_563' title='bbox 960 3983 1016 4037; x_wconf 91' lang='lat' dir='ltr'><strong>quo</strong></span> <span class='ocrx_word' id='word_1_564' title='bbox 1026 3973 1141 4037; x_wconf 87' lang='lat' dir='ltr'><strong>peccata</strong></span> <span class='ocrx_word' id='word_1_565' title='bbox 1152 3970 1247 4023; x_wconf 91' lang='lat' dir='ltr'><strong>omnia</strong></span> <span class='ocrx_word' id='word_1_566' title='bbox 1262 3968 1434 4035; x_wconf 87' lang='lat' dir='ltr'><strong>abluuntur;</strong></span> <span class='ocrx_word' id='word_1_567' title='bbox 1451 3968 1547 4023; x_wconf 82' lang='lat' dir='ltr'><strong>hedos</strong></span> <span class='ocrx_word' id='word_1_568' title='bbox 1557 3986 1681 4040; x_wconf 87' lang='lat' dir='ltr'><strong>namque</strong></span> <span class='ocrx_word' id='word_1_569' title='bbox 1694 3989 1760 4044; x_wconf 71' lang='lat' dir='ltr'><strong>pes&gt;</strong></span> <span class='ocrx_word' id='word_1_570' title='bbox 1806 3966 1814 3979; x_wconf 87' lang='lat'><strong><em>‘</em></strong></span> 
     </span>
     <span class='ocr_line' id='line_1_43' title="bbox 121 4056 1757 4130; baseline -0.009 -3"><span class='ocrx_word' id='word_1_571' title='bbox 121 4078 209 4127; x_wconf 91' lang='lat' dir='ltr'><strong>tutem</strong></span> <span class='ocrx_word' id='word_1_572' title='bbox 220 4065 385 4123; x_wconf 88' lang='lat' dir='ltr'><strong>imitandam</strong></span> <span class='ocrx_word' id='word_1_573' title='bbox 395 4061 530 4116; x_wconf 90' lang='lat' dir='ltr'><strong>accendit.</strong></span> <span class='ocrx_word' id='word_1_574' title='bbox 543 4059 703 4114; x_wconf 85' lang='lat' dir='ltr'><strong>Notandum</strong></span> <span class='ocrx_word' id='word_1_575' title='bbox 721 4059 793 4128; x_wconf 92' lang='lat' dir='ltr'><strong>quod</strong></span> <span class='ocrx_word' id='word_1_576' title='bbox 804 4058 918 4128; x_wconf 87' lang='lat' dir='ltr'><strong>plurali·</strong></span> <span class='ocrx_word' id='word_1_577' title='bbox 957 4063 1066 4110; x_wconf 88' lang='lat' dir='ltr'><strong>catores</strong></span> <span class='ocrx_word' id='word_1_578' title='bbox 1092 4056 1241 4127; x_wconf 82' lang='lat' dir='ltr'><strong>significat.</strong></span> <span class='ocrx_word' id='word_1_579' title='bbox 1266 4058 1425 4127; x_wconf 89' lang='lat' dir='ltr'><strong>Baptismus</strong></span> <span class='ocrx_word' id='word_1_580' title='bbox 1444 4074 1511 4128; x_wconf 87' lang='lat' dir='ltr'><strong>ergo</strong></span> <span class='ocrx_word' id='word_1_581' title='bbox 1534 4058 1596 4112; x_wconf 88' lang='lat' dir='ltr'><strong>lons</strong></span> <span class='ocrx_word' id='word_1_582' title='bbox 1613 4068 1656 4114; x_wconf 86' lang='lat' dir='ltr'><strong>est</strong></span> <span class='ocrx_word' id='word_1_583' title='bbox 1672 4061 1757 4130; x_wconf 74' lang='lat' dir='ltr'><strong>hedi,</strong></span> 
     </span>
     <span class='ocr_line' id='line_1_44' title="bbox 121 4144 1757 4217; baseline -0.014 -1"><span class='ocrx_word' id='word_1_584' title='bbox 121 4167 166 4215; x_wconf 88' lang='lat' dir='ltr'><strong>ter</strong></span> <span class='ocrx_word' id='word_1_585' title='bbox 179 4158 247 4212; x_wconf 92' lang='lat' dir='ltr'><strong>dicit</strong></span> <span class='ocrx_word' id='word_1_586' title='bbox 261 4171 285 4207; x_wconf 79' lang='lat' dir='ltr'><strong>:a</strong></span> <span class='ocrx_word' id='word_1_587' title='bbox 299 4151 445 4208; x_wconf 80' lang='lat' dir='ltr'><strong>Faciamus</strong></span> <span class='ocrx_word' id='word_1_588' title='bbox 459 4148 519 4210; x_wconf 84' lang='lat' dir='ltr'><strong>tibi,</strong></span> <span class='ocrx_word' id='word_1_589' title='bbox 533 4166 546 4199; x_wconf 78' lang='lat' dir='ltr'><strong>r</strong></span> <span class='ocrx_word' id='word_1_590' title='bbox 560 4148 640 4217; x_wconf 86' lang='lat' dir='ltr'><strong>quasi</strong></span> <span class='ocrx_word' id='word_1_591' title='bbox 655 4146 728 4199; x_wconf 91' lang='lat' dir='ltr'><strong>enim</strong></span> <span class='ocrx_word' id='word_1_592' title='bbox 741 4147 869 4200; x_wconf 82' lang='lat' dir='ltr'><strong>Christus</strong></span> <span class='ocrx_word' id='word_1_593' title='bbox 887 4164 916 4201; x_wconf 91' lang='lat' dir='ltr'><strong>se</strong></span> <span class='ocrx_word' id='word_1_594' title='bbox 959 4144 1026 4214; x_wconf 90' lang='lat' dir='ltr'><strong>quia</strong></span> <span class='ocrx_word' id='word_1_595' title='bbox 1037 4152 1197 4215; x_wconf 85' lang='lat' dir='ltr'><strong>peccatores</strong></span> <span class='ocrx_word' id='word_1_596' title='bbox 1219 4146 1340 4216; x_wconf 88' lang='lat' dir='ltr'><strong>suscepit</strong></span> <span class='ocrx_word' id='word_1_597' title='bbox 1355 4147 1402 4200; x_wconf 89' lang='lat' dir='ltr'><strong>sed</strong></span> <span class='ocrx_word' id='word_1_598' title='bbox 1418 4146 1615 4202; x_wconf 88' lang='lat' dir='ltr'><strong>immaculatos</strong></span> <span class='ocrx_word' id='word_1_599' title='bbox 1627 4153 1657 4201; x_wconf 86' lang='lat' dir='ltr'><strong>et</strong></span> <span class='ocrx_word' id='word_1_600' title='bbox 1671 4166 1757 4205; x_wconf 78' lang='lat' dir='ltr'><strong>mun.</strong></span> 
     </span>
     <span class='ocr_line' id='line_1_45' title="bbox 120 4233 1484 4320; baseline -0.01 -18"><span class='ocrx_word' id='word_1_601' title='bbox 120 4246 248 4320; x_wconf 88' lang='lat' dir='ltr'><strong>personis</strong></span> <span class='ocrx_word' id='word_1_602' title='bbox 257 4243 402 4296; x_wconf 89' lang='lat' dir='ltr'><strong>doctorum</strong></span> <span class='ocrx_word' id='word_1_603' title='bbox 414 4235 569 4307; x_wconf 82' lang='lat' dir='ltr'><strong>conjungit,</strong></span> <span class='ocrx_word' id='word_1_604' title='bbox 586 4251 637 4305; x_wconf 89' lang='lat' dir='ltr'><strong>pcr</strong></span> <span class='ocrx_word' id='word_1_605' title='bbox 651 4251 721 4304; x_wconf 91' lang='lat' dir='ltr'><strong>quos</strong></span> <span class='ocrx_word' id='word_1_606' title='bbox 736 4234 803 4304; x_wconf 75' lang='lat' dir='ltr'><strong>ipsa</strong></span> <span class='ocrx_word' id='word_1_607' title='bbox 822 4251 916 4288; x_wconf 88' lang='lat' dir='ltr'><strong>mure·</strong></span> <span class='ocrx_word' id='word_1_608' title='bbox 956 4233 1037 4287; x_wconf 89' lang='lat' dir='ltr'><strong>datos</strong></span> <span class='ocrx_word' id='word_1_609' title='bbox 1052 4233 1087 4287; x_wconf 91' lang='lat' dir='ltr'><strong>ab</strong></span> <span class='ocrx_word' id='word_1_610' title='bbox 1099 4235 1229 4289; x_wconf 77' lang='lat' dir='ltr'><strong>omnbus</strong></span> <span class='ocrx_word' id='word_1_611' title='bbox 1245 4235 1366 4306; x_wconf 90' lang='lat' dir='ltr'><strong>peccatis</strong></span> <span class='ocrx_word' id='word_1_612' title='bbox 1383 4236 1484 4290; x_wconf 87' lang='lat' dir='ltr'><strong>reddit.</strong></span> 
     </span>
     <span class='ocr_line' id='line_1_46' title="bbox 119 4322 1758 4400; baseline -0.009 -9"><span class='ocrx_word' id='word_1_613' title='bbox 119 4333 433 4391; x_wconf 79' lang='lat' dir='ltr'><strong>uulaeconcatenantur,</strong></span> <span class='ocrx_word' id='word_1_614' title='bbox 455 4330 488 4379; x_wconf 93' lang='lat' dir='ltr'><strong>ut</strong></span> <span class='ocrx_word' id='word_1_615' title='bbox 497 4323 572 4377; x_wconf 89' lang='lat' dir='ltr'><strong>illius</strong></span> <span class='ocrx_word' id='word_1_616' title='bbox 586 4322 709 4377; x_wconf 89' lang='lat' dir='ltr'><strong>Ecclesia</strong></span> <span class='ocrx_word' id='word_1_617' title='bbox 728 4330 887 4378; x_wconf 85' lang='lat' dir='ltr'><strong>exornetur.</strong></span> <span class='ocrx_word' id='word_1_618' title='bbox 995 4340 1008 4375; x_wconf 78' lang='lat' dir='ltr'><strong>c</strong></span> <span class='ocrx_word' id='word_1_619' title='bbox 1034 4323 1103 4376; x_wconf 88' lang='lat' dir='ltr'><strong>Ecce</strong></span> <span class='ocrx_word' id='word_1_620' title='bbox 1116 4330 1146 4377; x_wconf 91' lang='lat' dir='ltr'><strong>tu</strong></span> <span class='ocrx_word' id='word_1_621' title='bbox 1164 4323 1280 4393; x_wconf 88' lang='lat' dir='ltr'><strong>pulchra</strong></span> <span class='ocrx_word' id='word_1_622' title='bbox 1294 4341 1334 4388; x_wconf 91' lang='lat' dir='ltr'><strong>es,</strong></span> <span class='ocrx_word' id='word_1_623' title='bbox 1350 4324 1441 4377; x_wconf 87' lang='lat' dir='ltr'><strong>amica</strong></span> <span class='ocrx_word' id='word_1_624' title='bbox 1460 4341 1532 4379; x_wconf 87' lang='lat' dir='ltr'><strong>mea.</strong></span> <span class='ocrx_word' id='word_1_625' title='bbox 1556 4325 1645 4380; x_wconf 81' lang='lat' dir='ltr'><strong>»Vox</strong></span> <span class='ocrx_word' id='word_1_626' title='bbox 1660 4330 1758 4400; x_wconf 70' lang='lat' dir='ltr'><strong>sponsi</strong></span> 
     </span>
     <span class='ocr_line' id='line_1_47' title="bbox 157 4410 1757 4494; baseline -0.016 -1"><span class='ocrx_word' id='word_1_627' title='bbox 157 4425 254 4478; x_wconf 72' lang='lat' dir='ltr'>“Dum</span> <span class='ocrx_word' id='word_1_628' title='bbox 279 4424 353 4474; x_wconf 68' lang='grc' dir='ltr'>1133θῖ</span> <span class='ocrx_word' id='word_1_629' title='bbox 373 4432 420 4470; x_wconf 84' lang='lat' dir='ltr'><strong>rex</strong></span> <span class='ocrx_word' id='word_1_630' title='bbox 434 4415 463 4468; x_wconf 77' lang='grc'><strong>111</strong></span> <span class='ocrx_word' id='word_1_631' title='bbox 483 4411 613 4467; x_wconf 65' lang='grc'>8111111111]</span> <span class='ocrx_word' id='word_1_632' title='bbox 623 4427 687 4468; x_wconf 73' lang='grc' dir='ltr'><strong>81111Ι</strong></span> <span class='ocrx_word' id='word_1_633' title='bbox 704 4430 716 4462; x_wconf 70' lang='lat'><strong>³</strong></span> <span class='ocrx_word' id='word_1_634' title='bbox 734 4412 793 4465; x_wconf 78' lang='lat' dir='ltr'><strong>Vox</strong></span> <span class='ocrx_word' id='word_1_635' title='bbox 807 4429 915 4494; x_wconf 82' lang='lat' dir='ltr'><strong>sponsae</strong></span> <span class='ocrx_word' id='word_1_636' title='bbox 959 4410 1062 4464; x_wconf 82' lang='lat' dir='ltr'><strong>Christi</strong></span> <span class='ocrx_word' id='word_1_637' title='bbox 1076 4412 1111 4465; x_wconf 89' lang='lat' dir='ltr'><strong>ad</strong></span> <span class='ocrx_word' id='word_1_638' title='bbox 1135 4428 1266 4482; x_wconf 89' lang='lat' dir='ltr'><strong>sponsam</strong></span> <span class='ocrx_word' id='word_1_639' title='bbox 1281 4429 1361 4467; x_wconf 91' lang='lat' dir='ltr'><strong>suam</strong></span> <span class='ocrx_word' id='word_1_640' title='bbox 1382 4413 1542 4467; x_wconf 85' lang='lat' dir='ltr'><strong>Ecclesiam.</strong></span> <span class='ocrx_word' id='word_1_641' title='bbox 1560 4413 1630 4469; x_wconf 76' lang='lat' dir='ltr'><strong>Fece</strong></span> <span class='ocrx_word' id='word_1_642' title='bbox 1643 4422 1676 4470; x_wconf 88' lang='lat' dir='ltr'><strong>tu</strong></span> <span class='ocrx_word' id='word_1_643' title='bbox 1692 4419 1757 4488; x_wconf 87' lang='lat' dir='ltr'><strong>pul-</strong></span> 
     </span>
     <span class='ocr_line' id='line_1_48' title="bbox 117 4499 1755 4586; baseline -0.017 -6"><span class='ocrx_word' id='word_1_644' title='bbox 117 4528 213 4586; x_wconf 65' lang='grc'>1089111</span> <span class='ocrx_word' id='word_1_645' title='bbox 229 4522 362 4583; x_wconf 89' lang='lat' dir='ltr'><strong>sponsum</strong></span> <span class='ocrx_word' id='word_1_646' title='bbox 378 4521 460 4559; x_wconf 73' lang='grc'>81111111</span> <span class='ocrx_word' id='word_1_647' title='bbox 473 4502 615 4558; x_wconf 65' lang='lat' dir='ltr'><strong>Christum</strong></span> <span class='ocrx_word' id='word_1_648' title='bbox 627 4500 703 4559; x_wconf 64' lang='lat' dir='ltr'><strong>dicit.</strong></span> <span class='ocrx_word' id='word_1_649' title='bbox 716 4501 762 4570; x_wconf 80' lang='lat' dir='ltr'><strong>qui</strong></span> <span class='ocrx_word' id='word_1_650' title='bbox 778 4518 828 4571; x_wconf 86' lang='lat' dir='ltr'><strong>per</strong></span> <span class='ocrx_word' id='word_1_651' title='bbox 843 4502 913 4556; x_wconf 88' lang='lat' dir='ltr'><strong>diri·</strong></span> <span class='ocrx_word' id='word_1_652' title='bbox 955 4499 1023 4554; x_wconf 91' lang='lat' dir='ltr'><strong>cbra</strong></span> <span class='ocrx_word' id='word_1_653' title='bbox 1037 4517 1067 4554; x_wconf 90' lang='lat' dir='ltr'><strong>es</strong></span> <span class='ocrx_word' id='word_1_654' title='bbox 1084 4519 1090 4554; x_wconf 91' lang='lat'>:</span> <span class='ocrx_word' id='word_1_655' title='bbox 1107 4517 1120 4552; x_wconf 81' lang='lat' dir='ltr'><strong>r</strong></span> <span class='ocrx_word' id='word_1_656' title='bbox 1137 4501 1182 4555; x_wconf 89' lang='lat' dir='ltr'><strong>Bis</strong></span> <span class='ocrx_word' id='word_1_657' title='bbox 1200 4517 1263 4555; x_wconf 89' lang='lat' dir='ltr'><strong>eam</strong></span> <span class='ocrx_word' id='word_1_658' title='bbox 1280 4502 1381 4572; x_wconf 88' lang='lat' dir='ltr'><strong>repetit</strong></span> <span class='ocrx_word' id='word_1_659' title='bbox 1395 4518 1455 4556; x_wconf 90' lang='lat' dir='ltr'><strong>esse</strong></span> <span class='ocrx_word' id='word_1_660' title='bbox 1477 4502 1621 4573; x_wconf 84' lang='lat' dir='ltr'><strong>pulchram</strong></span> <span class='ocrx_word' id='word_1_661' title='bbox 1637 4512 1755 4577; x_wconf 77' lang='lat' dir='ltr'><strong>propter</strong></span> 
     </span>
     <span class='ocr_line' id='line_1_49' title="bbox 115 4589 1755 4663; baseline -0.012 -3"><span class='ocrx_word' id='word_1_662' title='bbox 115 4603 233 4660; x_wconf 89' lang='lat' dir='ltr'><strong>nitatem</strong></span> <span class='ocrx_word' id='word_1_663' title='bbox 248 4612 328 4655; x_wconf 86' lang='lat' dir='ltr'><strong>suurn</strong></span> <span class='ocrx_word' id='word_1_664' title='bbox 342 4593 437 4651; x_wconf 78' lang='lat' dir='ltr'><strong>orrania</strong></span> <span class='ocrx_word' id='word_1_665' title='bbox 448 4591 530 4663; x_wconf 81' lang='lat' dir='ltr'><strong>regit,</strong></span> <span class='ocrx_word' id='word_1_666' title='bbox 551 4598 579 4644; x_wconf 87' lang='lat' dir='ltr'><strong>et</strong></span> <span class='ocrx_word' id='word_1_667' title='bbox 592 4589 676 4643; x_wconf 90' lang='lat' dir='ltr'><strong>etiam</strong></span> <span class='ocrx_word' id='word_1_668' title='bbox 688 4589 841 4644; x_wconf 90' lang='lat' dir='ltr'><strong>secundum</strong></span> <span class='ocrx_word' id='word_1_669' title='bbox 859 4591 913 4645; x_wconf 89' lang='lat' dir='ltr'><strong>bu·</strong></span> <span class='ocrx_word' id='word_1_670' title='bbox 955 4589 1153 4658; x_wconf 87' lang='lat' dir='ltr'><strong>perlectionem</strong></span> <span class='ocrx_word' id='word_1_671' title='bbox 1164 4590 1255 4660; x_wconf 88' lang='lat' dir='ltr'><strong>operis</strong></span> <span class='ocrx_word' id='word_1_672' title='bbox 1266 4598 1295 4644; x_wconf 90' lang='lat' dir='ltr'><strong>ct</strong></span> <span class='ocrx_word' id='word_1_673' title='bbox 1307 4591 1472 4645; x_wconf 88' lang='lat' dir='ltr'><strong>munditiam</strong></span> <span class='ocrx_word' id='word_1_674' title='bbox 1486 4591 1598 4645; x_wconf 89' lang='lat' dir='ltr'><strong>mentis.</strong></span> <span class='ocrx_word' id='word_1_675' title='bbox 1612 4609 1625 4644; x_wconf 82' lang='lat' dir='ltr'><strong>c</strong></span> <span class='ocrx_word' id='word_1_676' title='bbox 1639 4593 1709 4650; x_wconf 73' lang='lat' dir='ltr'><strong>Ecce</strong></span> <span class='ocrx_word' id='word_1_677' title='bbox 1722 4602 1755 4651; x_wconf 72' lang='lat' dir='ltr'><strong>tu</strong></span> 
     </span>
     <span class='ocr_line' id='line_1_50' title="bbox 116 4677 1750 4754; baseline -0.007 -6"><span class='ocrx_word' id='word_1_678' title='bbox 116 4684 281 4747; x_wconf 82' lang='lat' dir='ltr'><strong>manitatem</strong></span> <span class='ocrx_word' id='word_1_679' title='bbox 296 4680 418 4754; x_wconf 85' lang='lat' dir='ltr'><strong>deregia</strong></span> <span class='ocrx_word' id='word_1_680' title='bbox 432 4679 544 4736; x_wconf 88' lang='lat' dir='ltr'><strong>Daridis</strong></span> <span class='ocrx_word' id='word_1_681' title='bbox 558 4677 645 4748; x_wconf 90' lang='lat' dir='ltr'><strong>stirpe</strong></span> <span class='ocrx_word' id='word_1_682' title='bbox 659 4683 806 4731; x_wconf 90' lang='lat' dir='ltr'><strong>natusest.</strong></span> <span class='ocrx_word' id='word_1_683' title='bbox 823 4680 912 4733; x_wconf 83' lang='lat' dir='ltr'><strong>Accu·</strong></span> <span class='ocrx_word' id='word_1_684' title='bbox 954 4677 1071 4747; x_wconf 90' lang='lat' dir='ltr'><strong>pulchra</strong></span> <span class='ocrx_word' id='word_1_685' title='bbox 1084 4694 1124 4739; x_wconf 89' lang='lat' dir='ltr'><strong>es,</strong></span> <span class='ocrx_word' id='word_1_686' title='bbox 1140 4697 1153 4732; x_wconf 78' lang='lat' dir='ltr'><strong>r</strong></span> <span class='ocrx_word' id='word_1_687' title='bbox 1174 4678 1202 4731; x_wconf 92' lang='lat' dir='ltr'><strong>id</strong></span> <span class='ocrx_word' id='word_1_688' title='bbox 1217 4685 1260 4732; x_wconf 89' lang='lat' dir='ltr'><strong>est</strong></span> <span class='ocrx_word' id='word_1_689' title='bbox 1277 4678 1306 4732; x_wconf 90' lang='lat' dir='ltr'><strong>in</strong></span> <span class='ocrx_word' id='word_1_690' title='bbox 1321 4678 1401 4733; x_wconf 88' lang='lat' dir='ltr'><strong>bonis</strong></span> <span class='ocrx_word' id='word_1_691' title='bbox 1416 4679 1547 4749; x_wconf 89' lang='lat' dir='ltr'><strong>operibus</strong></span> <span class='ocrx_word' id='word_1_692' title='bbox 1566 4681 1693 4750; x_wconf 73' lang='lat' dir='ltr'><strong>pertaesa</strong></span> <span class='ocrx_word' id='word_1_693' title='bbox 1709 4701 1750 4751; x_wconf 85' lang='lat' dir='ltr'><strong>es,</strong></span> 
     </span>
     <span class='ocr_line' id='line_1_51' title="bbox 115 4762 1750 4848; baseline -0.011 -12"><span class='ocrx_word' id='word_1_694' title='bbox 115 4776 192 4835; x_wconf 85' lang='lat' dir='ltr'><strong>bitus</strong></span> <span class='ocrx_word' id='word_1_695' title='bbox 205 4762 280 4848; x_wconf 83' lang='lat' dir='ltr'><strong>regis</strong></span> <span class='ocrx_word' id='word_1_696' title='bbox 295 4769 509 4847; x_wconf 81' lang='lat' dir='ltr'><strong>luitincarnatio</strong></span> <span class='ocrx_word' id='word_1_697' title='bbox 519 4769 580 4837; x_wconf 75' lang='lat' dir='ltr'><strong>cius</strong></span> <span class='ocrx_word' id='word_1_698' title='bbox 604 4765 859 4820; x_wconf 76' lang='lat' dir='ltr'><strong>accumbereenim</strong></span> <span class='ocrx_word' id='word_1_699' title='bbox 870 4772 913 4822; x_wconf 91' lang='lat' dir='ltr'><strong>est</strong></span> <span class='ocrx_word' id='word_1_700' title='bbox 954 4771 1050 4820; x_wconf 87' lang='lat' dir='ltr'><strong>sancte</strong></span> <span class='ocrx_word' id='word_1_701' title='bbox 1061 4774 1088 4820; x_wconf 89' lang='lat' dir='ltr'><strong>et</strong></span> <span class='ocrx_word' id='word_1_702' title='bbox 1097 4767 1140 4836; x_wconf 90' lang='lat' dir='ltr'><strong>pie</strong></span> <span class='ocrx_word' id='word_1_703' title='bbox 1148 4772 1177 4821; x_wconf 93' lang='lat' dir='ltr'><strong>et</strong></span> <span class='ocrx_word' id='word_1_704' title='bbox 1183 4768 1259 4836; x_wconf 83' lang='lat' dir='ltr'><strong>juste</strong></span> <span class='ocrx_word' id='word_1_705' title='bbox 1269 4768 1394 4821; x_wconf 83' lang='lat' dir='ltr'><strong>virendo.</strong></span> <span class='ocrx_word' id='word_1_706' title='bbox 1406 4768 1560 4822; x_wconf 90' lang='lat' dir='ltr'><strong>secundum</strong></span> <span class='ocrx_word' id='word_1_707' title='bbox 1571 4772 1750 4840; x_wconf 80' lang='lat' dir='ltr'><strong>Apostolum,</strong></span> 
     </span>
     <span class='ocr_line' id='line_1_52' title="bbox 115 4854 1751 4928; baseline -0.008 -4"><span class='ocrx_word' id='word_1_708' title='bbox 115 4867 250 4924; x_wconf 86' lang='lat' dir='ltr'><strong>recubare</strong></span> <span class='ocrx_word' id='word_1_709' title='bbox 264 4864 307 4917; x_wconf 92' lang='lat' dir='ltr'><strong>rel</strong></span> <span class='ocrx_word' id='word_1_710' title='bbox 322 4858 529 4916; x_wconf 85' lang='lat' dir='ltr'><strong>rediscumbere</strong></span> <span class='ocrx_word' id='word_1_711' title='bbox 553 4856 589 4910; x_wconf 87' lang='lat' dir='ltr'><strong>Et</strong></span> <span class='ocrx_word' id='word_1_712' title='bbox 601 4860 669 4910; x_wconf 89' lang='lat' dir='ltr'><strong>tunc</strong></span> <span class='ocrx_word' id='word_1_713' title='bbox 684 4855 812 4908; x_wconf 87' lang='lat' dir='ltr'><strong>Christus</strong></span> <span class='ocrx_word' id='word_1_714' title='bbox 827 4872 912 4911; x_wconf 88' lang='lat' dir='ltr'><strong>accu·</strong></span> <span class='ocrx_word' id='word_1_715' title='bbox 955 4872 967 4907; x_wconf 83' lang='lat' dir='ltr'><strong>c</strong></span> <span class='ocrx_word' id='word_1_716' title='bbox 982 4854 1049 4909; x_wconf 85' lang='lat' dir='ltr'><strong>Ecce</strong></span> <span class='ocrx_word' id='word_1_717' title='bbox 1062 4863 1092 4909; x_wconf 91' lang='lat' dir='ltr'><strong>tu</strong></span> <span class='ocrx_word' id='word_1_718' title='bbox 1107 4855 1293 4925; x_wconf 70' lang='lat' dir='ltr'><strong>pulchram.»</strong></span> <span class='ocrx_word' id='word_1_719' title='bbox 1304 4855 1475 4910; x_wconf 86' lang='lat' dir='ltr'><strong>mundumet</strong></span> <span class='ocrx_word' id='word_1_720' title='bbox 1488 4856 1644 4928; x_wconf 85' lang='lat' dir='ltr'><strong>simplicem</strong></span> <span class='ocrx_word' id='word_1_721' title='bbox 1657 4861 1751 4917; x_wconf 83' lang='lat' dir='ltr'><strong>cordis</strong></span> 
     </span>
     <span class='ocr_line' id='line_1_53' title="bbox 112 4941 1750 5025; baseline -0.013 -13"><span class='ocrx_word' id='word_1_722' title='bbox 112 4956 184 5019; x_wconf 81' lang='lat' dir='ltr'><strong>buit,</strong></span> <span class='ocrx_word' id='word_1_723' title='bbox 206 4950 319 5025; x_wconf 82' lang='lat' dir='ltr'><strong>quando</strong></span> <span class='ocrx_word' id='word_1_724' title='bbox 342 4965 393 5021; x_wconf 92' lang='lat' dir='ltr'><strong>pro</strong></span> <span class='ocrx_word' id='word_1_725' title='bbox 409 4953 507 5002; x_wconf 87' lang='lat' dir='ltr'><strong>nostra</strong></span> <span class='ocrx_word' id='word_1_726' title='bbox 521 4944 712 5014; x_wconf 83' lang='lat' dir='ltr'><strong>redemptione</strong></span> <span class='ocrx_word' id='word_1_727' title='bbox 726 4960 756 4997; x_wconf 89' lang='lat' dir='ltr'><strong>se</strong></span> <span class='ocrx_word' id='word_1_728' title='bbox 770 4960 860 5014; x_wconf 89' lang='lat' dir='ltr'><strong>usquc</strong></span> <span class='ocrx_word' id='word_1_729' title='bbox 874 4945 909 4999; x_wconf 88' lang='lat' dir='ltr'><strong>ad</strong></span> <span class='ocrx_word' id='word_1_730' title='bbox 951 4941 1058 4996; x_wconf 89' lang='lat' dir='ltr'><strong>habens</strong></span> <span class='ocrx_word' id='word_1_731' title='bbox 1073 4943 1270 5004; x_wconf 86' lang='lat' dir='ltr'><strong>intentionem.</strong></span> <span class='ocrx_word' id='word_1_732' title='bbox 1279 4944 1345 5014; x_wconf 90' lang='lat' dir='ltr'><strong>quia</strong></span> <span class='ocrx_word' id='word_1_733' title='bbox 1356 4960 1410 4997; x_wconf 91' lang='lat' dir='ltr'><strong>non</strong></span> <span class='ocrx_word' id='word_1_734' title='bbox 1423 4951 1659 5015; x_wconf 86' lang='lat' dir='ltr'><strong>propterterreua</strong></span> <span class='ocrx_word' id='word_1_735' title='bbox 1670 4964 1750 5004; x_wconf 88' lang='lat' dir='ltr'><strong>com.</strong></span> 
     </span>
     <span class='ocr_line' id='line_1_54' title="bbox 113 5031 1750 5115; baseline -0.005 -14"><span class='ocrx_word' id='word_1_736' title='bbox 113 5032 319 5115; x_wconf 84' lang='lat' dir='ltr'><strong>suscipiendam</strong></span> <span class='ocrx_word' id='word_1_737' title='bbox 333 5043 464 5091; x_wconf 87' lang='lat' dir='ltr'><strong>naturam</strong></span> <span class='ocrx_word' id='word_1_738' title='bbox 478 5032 764 5089; x_wconf 86' lang='lat' dir='ltr'><strong>nostraminclinarit.</strong></span> <span class='ocrx_word' id='word_1_739' title='bbox 781 5033 815 5086; x_wconf 90' lang='lat' dir='ltr'><strong>Et</strong></span> <span class='ocrx_word' id='word_1_740' title='bbox 830 5038 906 5098; x_wconf 86' lang='lat' dir='ltr'><strong>tunc,</strong></span> <span class='ocrx_word' id='word_1_741' title='bbox 951 5031 1035 5084; x_wconf 90' lang='lat' dir='ltr'><strong>moda</strong></span> <span class='ocrx_word' id='word_1_742' title='bbox 1049 5032 1091 5085; x_wconf 85' lang='lat' dir='ltr'><strong>rel</strong></span> <span class='ocrx_word' id='word_1_743' title='bbox 1107 5033 1204 5086; x_wconf 91' lang='lat' dir='ltr'><strong>mundi</strong></span> <span class='ocrx_word' id='word_1_744' title='bbox 1216 5033 1345 5103; x_wconf 76' lang='lat' dir='ltr'><strong>gloriam,</strong></span> <span class='ocrx_word' id='word_1_745' title='bbox 1359 5032 1535 5086; x_wconf 92' lang='lat' dir='ltr'><strong>solummodo</strong></span> <span class='ocrx_word' id='word_1_746' title='bbox 1551 5033 1682 5089; x_wconf 81' lang='lat' dir='ltr'><strong>Ecclesiis</strong></span> <span class='ocrx_word' id='word_1_747' title='bbox 1698 5036 1750 5092; x_wconf 79' lang='lat' dir='ltr'><strong>uei</strong></span> 
     </span>
     <span class='ocr_line' id='line_1_55' title="bbox 111 5118 1748 5192; baseline -0.019 -3"><span class='ocrx_word' id='word_1_748' title='bbox 111 5118 249 5188; x_wconf 66' lang='lat' dir='ltr'><strong>‹⁸nar&#39;clus</strong></span> <span class='ocrx_word' id='word_1_749' title='bbox 264 5122 450 5182; x_wconf 85' lang='lat' dir='ltr'><strong>menodorcm</strong></span> <span class='ocrx_word' id='word_1_750' title='bbox 461 5121 640 5185; x_wconf 81' lang='lat' dir='ltr'><strong>suumdedit¹</strong></span> <span class='ocrx_word' id='word_1_751' title='bbox 655 5139 666 5170; x_wconf 76' lang='lat' dir='ltr'><strong>r</strong></span> <span class='ocrx_word' id='word_1_752' title='bbox 679 5120 744 5191; x_wconf 90' lang='lat' dir='ltr'><strong>quia</strong></span> <span class='ocrx_word' id='word_1_753' title='bbox 754 5120 843 5174; x_wconf 84' lang='lat' dir='ltr'><strong>virtus</strong></span> <span class='ocrx_word' id='word_1_754' title='bbox 856 5121 908 5175; x_wconf 86' lang='lat' dir='ltr'><strong>Ec·</strong></span> <span class='ocrx_word' id='word_1_755' title='bbox 949 5119 1063 5189; x_wconf 88' lang='lat' dir='ltr'><strong>placens</strong></span> <span class='ocrx_word' id='word_1_756' title='bbox 1077 5119 1149 5174; x_wconf 91' lang='lat' dir='ltr'><strong>bona</strong></span> <span class='ocrx_word' id='word_1_757' title='bbox 1164 5121 1299 5192; x_wconf 85' lang='lat' dir='ltr'><strong>operaris.</strong></span> <span class='ocrx_word' id='word_1_758' title='bbox 1318 5140 1330 5172; x_wconf 77' lang='lat' dir='ltr'><strong>a</strong></span> <span class='ocrx_word' id='word_1_759' title='bbox 1351 5121 1430 5176; x_wconf 80' lang='lat' dir='ltr'><strong>Oculi</strong></span> <span class='ocrx_word' id='word_1_760' title='bbox 1444 5121 1485 5175; x_wconf 83' lang='lat' dir='ltr'><strong>tui</strong></span> <span class='ocrx_word' id='word_1_761' title='bbox 1499 5122 1716 5179; x_wconf 55' lang='lat' dir='ltr'><strong>columbarum:</strong></span> <span class='ocrx_word' id='word_1_762' title='bbox 1732 5144 1748 5179; x_wconf 77' lang='lat'>,</span> 
     </span>
     <span class='ocr_line' id='line_1_56' title="bbox 110 5209 1750 5287; baseline -0.007 -10"><span class='ocrx_word' id='word_1_763' title='bbox 110 5219 201 5277; x_wconf 81' lang='lat' dir='ltr'><strong>cleslce</strong></span> <span class='ocrx_word' id='word_1_764' title='bbox 214 5215 303 5287; x_wconf 84' lang='lat' dir='ltr'><strong>magis</strong></span> <span class='ocrx_word' id='word_1_765' title='bbox 314 5213 499 5270; x_wconf 77' lang='lat' dir='ltr'><strong>enituitcum</strong></span> <span class='ocrx_word' id='word_1_766' title='bbox 510 5211 584 5266; x_wconf 90' lang='lat' dir='ltr'><strong>enim</strong></span> <span class='ocrx_word' id='word_1_767' title='bbox 593 5210 753 5264; x_wconf 87' lang='lat' dir='ltr'><strong>considerat</strong></span> <span class='ocrx_word' id='word_1_768' title='bbox 759 5209 846 5263; x_wconf 89' lang='lat' dir='ltr'><strong>Deum</strong></span> <span class='ocrx_word' id='word_1_769' title='bbox 856 5225 906 5280; x_wconf 92' lang='lat' dir='ltr'><strong>pro</strong></span> <span class='ocrx_word' id='word_1_770' title='bbox 949 5209 1084 5264; x_wconf 88' lang='lat' dir='ltr'><strong>Columba</strong></span> <span class='ocrx_word' id='word_1_771' title='bbox 1094 5210 1303 5279; x_wconf 91' lang='lat' dir='ltr'><strong>simplicissima</strong></span> <span class='ocrx_word' id='word_1_772' title='bbox 1316 5209 1374 5265; x_wconf 88' lang='lat' dir='ltr'><strong>aris</strong></span> <span class='ocrx_word' id='word_1_773' title='bbox 1384 5217 1470 5275; x_wconf 68' lang='lat' dir='ltr'><strong>estet</strong></span> <span class='ocrx_word' id='word_1_774' title='bbox 1483 5226 1533 5281; x_wconf 91' lang='lat' dir='ltr'><strong>per</strong></span> <span class='ocrx_word' id='word_1_775' title='bbox 1548 5211 1629 5277; x_wconf 85' lang='lat' dir='ltr'><strong>hanc,</strong></span> <span class='ocrx_word' id='word_1_776' title='bbox 1641 5211 1750 5285; x_wconf 87' lang='lat' dir='ltr'><strong>simpli·</strong></span> 
     </span>
     <span class='ocr_line' id='line_1_57' title="bbox 109 5292 1750 5374; baseline -0.009 -8"><span class='ocrx_word' id='word_1_777' title='bbox 109 5327 140 5366; x_wconf 85' lang='lat' dir='ltr'><strong>se</strong></span> <span class='ocrx_word' id='word_1_778' title='bbox 154 5307 296 5364; x_wconf 89' lang='lat' dir='ltr'><strong>hominem</strong></span> <span class='ocrx_word' id='word_1_779' title='bbox 310 5305 424 5363; x_wconf 83' lang='lat' dir='ltr'><strong>lactum,</strong></span> <span class='ocrx_word' id='word_1_780' title='bbox 437 5292 558 5372; x_wconf 83' lang='lat' dir='ltr'><strong>amplius</strong></span> <span class='ocrx_word' id='word_1_781' title='bbox 569 5299 603 5353; x_wconf 89' lang='lat' dir='ltr'><strong>ad</strong></span> <span class='ocrx_word' id='word_1_782' title='bbox 618 5298 807 5369; x_wconf 90' lang='lat' dir='ltr'><strong>spiritualium</strong></span> <span class='ocrx_word' id='word_1_783' title='bbox 820 5298 905 5354; x_wconf 86' lang='lat' dir='ltr'><strong>virtu·</strong></span> <span class='ocrx_word' id='word_1_784' title='bbox 946 5296 1017 5351; x_wconf 88' lang='lat' dir='ltr'><strong>citas</strong></span> <span class='ocrx_word' id='word_1_785' title='bbox 1042 5304 1127 5369; x_wconf 88' lang='lat' dir='ltr'><strong>atque</strong></span> <span class='ocrx_word' id='word_1_786' title='bbox 1155 5299 1316 5353; x_wconf 88' lang='lat' dir='ltr'><strong>innocentia</strong></span> <span class='ocrx_word' id='word_1_787' title='bbox 1342 5299 1470 5354; x_wconf 75' lang='lat' dir='ltr'><strong>Ecclesiae</strong></span> <span class='ocrx_word' id='word_1_788' title='bbox 1493 5301 1648 5370; x_wconf 84' lang='lat' dir='ltr'><strong>liguratur:</strong></span> <span class='ocrx_word' id='word_1_789' title='bbox 1665 5302 1750 5374; x_wconf 72' lang='lat' dir='ltr'><strong>quasi</strong></span> 
     </span>
     <span class='ocr_line' id='line_1_58' title="bbox 107 5386 1750 5458; baseline -0.012 -2"><span class='ocrx_word' id='word_1_790' title='bbox 107 5406 168 5457; x_wconf 90' lang='lat' dir='ltr'><strong>tum</strong></span> <span class='ocrx_word' id='word_1_791' title='bbox 184 5395 308 5452; x_wconf 89' lang='lat' dir='ltr'><strong>studlum</strong></span> <span class='ocrx_word' id='word_1_792' title='bbox 320 5398 348 5448; x_wconf 89' lang='lat' dir='ltr'><strong>et</strong></span> <span class='ocrx_word' id='word_1_793' title='bbox 359 5407 482 5448; x_wconf 85' lang='lat' dir='ltr'><strong>amorem</strong></span> <span class='ocrx_word' id='word_1_794' title='bbox 493 5389 541 5444; x_wconf 89' lang='lat' dir='ltr'><strong>&#39;sui</strong></span> <span class='ocrx_word' id='word_1_795' title='bbox 556 5387 716 5444; x_wconf 86' lang='lat' dir='ltr'><strong>conditoris</strong></span> <span class='ocrx_word' id='word_1_796' title='bbox 730 5388 901 5445; x_wconf 88' lang='lat' dir='ltr'><strong>accenditur.</strong></span> <span class='ocrx_word' id='word_1_797' title='bbox 945 5386 1019 5440; x_wconf 89' lang='lat' dir='ltr'><strong>enim</strong></span> <span class='ocrx_word' id='word_1_798' title='bbox 1039 5386 1132 5441; x_wconf 89' lang='lat' dir='ltr'><strong>oculos</strong></span> <span class='ocrx_word' id='word_1_799' title='bbox 1154 5386 1346 5442; x_wconf 88' lang='lat' dir='ltr'><strong>columbarum</strong></span> <span class='ocrx_word' id='word_1_800' title='bbox 1362 5387 1457 5451; x_wconf 84' lang='lat' dir='ltr'><strong>habet,</strong></span> <span class='ocrx_word' id='word_1_801' title='bbox 1473 5388 1540 5458; x_wconf 89' lang='lat' dir='ltr'><strong>quia</strong></span> <span class='ocrx_word' id='word_1_802' title='bbox 1553 5388 1588 5442; x_wconf 89' lang='lat' dir='ltr'><strong>ab</strong></span> <span class='ocrx_word' id='word_1_803' title='bbox 1612 5391 1693 5445; x_wconf 88' lang='lat' dir='ltr'><strong>omni</strong></span> <span class='ocrx_word' id='word_1_804' title='bbox 1712 5393 1750 5448; x_wconf 74' lang='lat' dir='ltr'><strong>st.</strong></span> 
     </span>
     <span class='ocr_line' id='line_1_59' title="bbox 105 5475 1749 5551; baseline -0.007 -8"><span class='ocrx_word' id='word_1_805' title='bbox 105 5483 303 5543; x_wconf 89' lang='lat' dir='ltr'><strong>Nardusenim</strong></span> <span class='ocrx_word' id='word_1_806' title='bbox 316 5481 499 5551; x_wconf 81' lang='lat' dir='ltr'><strong>fragrantiam</strong></span> <span class='ocrx_word' id='word_1_807' title='bbox 511 5478 646 5531; x_wconf 86' lang='lat' dir='ltr'><strong>virtutum</strong></span> <span class='ocrx_word' id='word_1_808' title='bbox 658 5476 845 5547; x_wconf 87' lang='lat' dir='ltr'><strong>spiritualium</strong></span> <span class='ocrx_word' id='word_1_809' title='bbox 856 5476 903 5530; x_wconf 85' lang='lat' dir='ltr'><strong>de·</strong></span> <span class='ocrx_word' id='word_1_810' title='bbox 944 5475 1038 5530; x_wconf 89' lang='lat' dir='ltr'><strong>ctione</strong></span> <span class='ocrx_word' id='word_1_811' title='bbox 1063 5481 1092 5530; x_wconf 86' lang='lat' dir='ltr'><strong>et</strong></span> <span class='ocrx_word' id='word_1_812' title='bbox 1111 5476 1290 5530; x_wconf 88' lang='lat' dir='ltr'><strong>simulatione</strong></span> <span class='ocrx_word' id='word_1_813' title='bbox 1317 5494 1347 5531; x_wconf 87' lang='lat' dir='ltr'><strong>se</strong></span> <span class='ocrx_word' id='word_1_814' title='bbox 1369 5477 1525 5532; x_wconf 92' lang='lat' dir='ltr'><strong>immunem</strong></span> <span class='ocrx_word' id='word_1_815' title='bbox 1543 5477 1678 5532; x_wconf 82' lang='lat' dir='ltr'><strong>custodit.</strong></span> <span class='ocrx_word' id='word_1_816' title='bbox 1693 5480 1749 5537; x_wconf 78' lang='lat' dir='ltr'><strong>Vel</strong></span> 
     </span>
     <span class='ocr_line' id='line_1_60' title="bbox 104 5549 1750 5649; baseline -0.008 -16"><span class='ocrx_word' id='word_1_817' title='bbox 104 5556 206 5649; x_wconf 61' lang='lat' dir='ltr'><strong>signal}</strong></span> <span class='ocrx_word' id='word_1_818' title='bbox 236 5549 324 5629; x_wconf 76' lang='lat' dir='ltr'><strong>Erant</strong></span> <span class='ocrx_word' id='word_1_819' title='bbox 347 5564 463 5642; x_wconf 79' lang='lat' dir='ltr'><strong>quidam</strong></span> <span class='ocrx_word' id='word_1_820' title='bbox 483 5572 550 5623; x_wconf 85' lang='lat' dir='ltr'><strong>ante</strong></span> <span class='ocrx_word' id='word_1_821' title='bbox 572 5565 797 5621; x_wconf 82' lang='lat' dir='ltr'><strong>incarnationem</strong></span> <span class='ocrx_word' id='word_1_822' title='bbox 811 5565 901 5620; x_wconf 87' lang='lat' dir='ltr'><strong>sancti</strong></span> <span class='ocrx_word' id='word_1_823' title='bbox 943 5564 1027 5620; x_wconf 85' lang='lat' dir='ltr'><strong>etlam</strong></span> <span class='ocrx_word' id='word_1_824' title='bbox 1038 5563 1134 5620; x_wconf 84' lang='lat' dir='ltr'><strong>oculos</strong></span> <span class='ocrx_word' id='word_1_825' title='bbox 1143 5565 1338 5621; x_wconf 87' lang='lat' dir='ltr'><strong>columbarum</strong></span> <span class='ocrx_word' id='word_1_826' title='bbox 1349 5566 1667 5640; x_wconf 63' lang='lat' dir='ltr'><strong>babetquiascienciam</strong></span> <span class='ocrx_word' id='word_1_827' title='bbox 1676 5568 1750 5627; x_wconf 77' lang='lat' dir='ltr'><strong>dirt-</strong></span> 
     </span>
    </p>
   </div>
   <div class='ocr_carea' id='block_1_5' title="bbox 0 0 1924 6098">
    <p class='ocr_par' dir='ltr' id='par_1_5' title="bbox 0 0 1924 6098">
     <span class='ocr_line' id='line_1_61' title="bbox 0 0 1924 6098; baseline 0 14"><span class='ocrx_word' id='word_1_828' title='bbox 0 0 1924 6098; x_wconf 95' lang='lat' dir='ltr'><strong> </strong></span> 
     </span>
    </p>
   </div>
  </div>
 </body>
</html>
