3818 6104
319 264 509 355 expostulo
529 266 568 323 IN
587 267 664 323 EPP.
686 268 714 323 S.
735 266 853 326 PAULI.
870 296 904 310 -
924 269 964 324 IN
984 267 1096 325 EPIST.
1116 270 1143 326 11
1159 270 1208 325 ΔΙ)
1227 271 1308 329 COR.
1573 270 1628 335 bbl

109 409 174 469 oper
186 392 341 448 idololatrae
351 392 474 459 luerunt,
486 392 627 448 daemones
641 398 670 447 et
681 392 820 465 lapidesA
865 395 971 449 licerer·
984 400 1051 450 arent
1064 394 1105 449 illi
1120 399 1145 450 et
1159 413 1205 465 epo
1224 413 1286 453 snm
1302 397 1444 454 llebrmns.
1462 399 1571 456 llebraei
1584 402 1628 457 di·

117 485 431 545 renerantes‚seautem
447 479 641 552 praeferebant,
650 480 791 551 jactantes
832 488 935 537 cuntur
948 482 983 538 ab
998 484 1089 541 lleber
1099 484 1260 557 patriarcha
1269 504 1332 545 sno.
1351 486 1420 543 Inde
1434 488 1502 543 dicit
1516 491 1633 561 Aposto-

111 570 147 625 de
153 587 256 642 genere
264 570 487 641 patriarcharum
499 571 731 642 etprophetarnm
739 571 792 625 ori·
833 572 877 625 lus
894 590 899 624 :
917 572 1082 628 Gloriantur
1097 574 1185 629 illido
1211 575 1358 631 nobilitate
1384 578 1476 632 carnis
1490 578 1564 649 qnod
1580 580 1632 634 lle-

111 660 403 729 urerent‚dcquorurn
413 659 499 729 stirpe
506 658 791 715 Christussecundom
834 658 900 714 blaei
914 666 990 726 sunt,
1008 667 1097 733 etego
1121 663 1250 719 similiter
1264 663 1398 721 Hebraeus
1411 683 1484 721 sum.
1503 670 1632 723 Israelita

118 754 202 803 natus
216 753 298 802 essct.
315 748 562 818 Magnasiquidem
577 747 698 803 stultitia
714 753 755 802 est
766 753 795 802 et
834 753 899 802 arent
915 748 956 803 illi
969 750 1116 820 degenere
1142 752 1227 807 Jacob
1250 754 1424 825 patriarche,
1446 756 1533 827 quiet
1546 757 1634 812 Israel

109 844 164 903 tas,
190 837 312 908 aliquem
340 853 390 908 per
411 836 652 907 regenerationem
668 852 747 907 aqum
767 842 795 892 et
836 844 879 890 est
888 838 1055 908 appellatus.
1068 840 1100 894 ut
1110 857 1155 908 epo
1165 858 1230 896 rere
1243 841 1371 897 Israelita
1385 860 1457 911 sum,
1468 845 1534 915 quia
1543 845 1633 900 Deum

109 926 219 981 isancti
233 925 336 980 Filium
349 925 399 979 Dei
411 925 550 991 eiiectum,
570 927 678 996 jactare
689 925 794 997 aliquid
836 931 930 980 mente
944 929 1127 999 contemplor.
1138 929 1234 984 Samen
1252 930 1370 986 Adraha
1384 938 1459 999 aunt,
1475 934 1557 987 amici
1571 934 1632 1000 Dei,

109 1014 187 1071 litate
200 1013 323 1085 generis,
340 1013 461 1068 maixime
475 1029 538 1067 cuna
568 1014 705 1068 Dominus
720 1014 796 1068 dicat
835 1021 926 1081 clepo.
955 1016 1092 1071 Similiter
1108 1020 1236 1073 rniuislri
1260 1019 1365 1075 Christi
1385 1021 1630 1091 aunt,illi,ctepo.

109 1102 265 1159 noslratres
280 1119 350 1167 esse,
363 1102 489 1174 quamvis
499 1102 585 1173 aliqui
597 1102 796 1157 hunerersieu·
836 1104 965 1160 Minister
979 1106 1081 1161 l'hristi
1097 1105 1209 1172 dicitur,
1225 1108 1352 1179 quisquis
1366 1110 1548 1181 Euangelium
1567 1128 1636 1183 prta·

122 1197 271 1264 exponant,
285 1191 365 1263 quasi
381 1191 415 1245 ad
429 1191 749 1262 Apostolurnpertinent,
763 1197 795 1245 ut
837 1194 921 1247 dicat.
936 1194 968 1249 o't
977 1197 1072 1248 ariana
1082 1198 1190 1263 sapiens
1200 1197 1269 1257 dico,
1276 1201 1341 1265 plus
1350 1214 1415 1266 epo:
1430 1199 1563 1255 subaudis
1573 1217 1636 1256 sum

109 1299 150 1337 us.
163 1280 322 1352 ignobilem
336 1297 395 1335 rom
411 1296 463 1351 ago
473 1280 545 1350 quod
555 1280 659 1351 aliquid
672 1280 707 1334 do
717 1279 796 1334 nobi·
839 1282 969 1337 minister
981 1283 1086 1337 Christi
1101 1300 1185 1354 quarn
1201 1284 1261 1339 illi:
1279 1286 1345 1356 quie
1367 1302 1419 1357 ego
1432 1289 1493 1359 plus
1508 1289 1636 1345 omnibns

109 1371 199 1426 eneris
211 1387 257 1424 me
272 1369 383 1433 extollo,
401 1385 457 1423 non
478 1369 606 1423 convenit
621 1369 673 1423 iste
688 1385 796 1435 seusus,
839 1371 935 1425 laboro
951 1389 957 1424 :
974 1377 1002 1426 et
1017 1372 1152 1444 quidquid
1167 1372 1296 1444 predico,
1311 1374 1442 1446 operibus
1462 1392 1574 1432 exorno.
1591 1377 1638 1433 Illi

109 1460 201 1514 indum
218 1458 390 1528 pervenitad
406 1458 485 1511 illum
500 1458 591 1511 locum
609 1457 657 1512 ubi
672 1457 798 1511 dicturus
839 1459 1023 1524 rero,licetin
1033 1459 1199 1531 quibusdam
1212 1461 1295 1516 rebus
1315 1463 1387 1517 bene
1407 1464 1553 1519 rideantur
1565 1482 1638 1537 prae·

109 1550 131 1603 le
145 1564 248 1619 genere
272 1547 495 1618 patriarcharum
511 1563 581 1613 esse,
599 1547 648 1601 sed
663 1563 696 1600 eo
715 1547 797 1601 modo
839 1548 1244 1614 dicare‚tumennonsuntreri
1256 1551 1377 1605 ministri
1387 1551 1639 1625 Christi,quoniam

111 1637 260 1709 lligendus,
276 1642 308 1690 ut
322 1634 453 1689 diximus.
481 1635 516 1689 Et
540 1651 575 1689 ne
601 1634 673 1688 sinte
695 1634 828 1724 aliquisB
841 1637 913 1707 quod
926 1636 1640 1710 praedicantore,destrunntoperibuslnhocautem

109 1766 120 1793 .,
136 1725 211 1799 quod
226 1726 337 1797 pugnis.
355 1730 404 1778 ant
418 1724 513 1795 aliquo
540 1724 623 1778 modo
650 1724 677 1777 in
697 1724 796 1777 sarciam
840 1726 1008 1796 appellatae
1022 1726 1116 1780 nrinus
1130 1727 1285 1798 sapientem
1316 1744 1387 1794 esse,
1404 1745 1488 1800 quarn
1509 1730 1640 1797 debebat,

109 1816 239 1871 ediceret
253 1832 301 1869 eos
316 1814 394 1877 credi,
412 1812 474 1867 ideo
497 1813 592 1866 taliter
615 1812 725 1867 locutus
744 1819 794 1866 est.
839 1814 1372 1888 quiaselaudabatdiccnsseplusesse.
1386 1817 1547 1875 ministrum
1557 1820 1641 1875 Chri·

109 1945 113 1969 ,
129 1903 266 1976 inquiens,
282 1903 311 1957 in
326 1902 434 1968 faciem,
452 1902 480 1955 id
497 1907 540 1955 est
567 1902 596 1955 in
620 1901 796 1973 praesentiam
838 1904 886 1969 sti,
908 1918 992 1975 quam
1007 1904 1070 1959 illos
1086 1923 1091 1958 :
1113 1910 1141 1959 et
1155 1921 1188 1959 oo
1202 1906 1285 1960 modo
1311 1922 1366 1977 quo
1379 1922 1409 1961 se
1423 1906 1493 1961 dixit
1506 1923 1592 1979 supra
1610 1909 1640 1964 in

111 1994 316 2066 mproperando
325 1991 430 2063 aliquid
440 1991 474 2045 de
490 1989 664 2060 ignobilitate
673 1990 796 2061 generis,
838 1991 1000 2063 insipientia
1010 2009 1103 2064 agere,
1116 2009 1231 2048 eonunc
1246 1995 1337 2049 minos
1363 2012 1471 2067 sapere.
1487 1999 1520 2052 ln
1535 1998 1640 2052 lodori-

109 2099 139 2137 er
152 2083 306 2149 sustinetis,
325 2087 353 2136 et
367 2080 503 2152 praelertis
516 2080 577 2134 illos
589 2078 678 2134 nobis.
696 2080 799 2133 Secun·
840 2083 888 2135 bris
900 2084 1008 2150 plaerirn
1014 2086 1045 2148 ia,
1055 2081 1188 2137 subaudis
1198 2084 1289 2138 servio
1299 2083 1419 2151 Christo,
1432 2090 1460 2139 et
1466 2090 1509 2140 est
1516 2101 1615 2141 sensus
1631 2106 1637 2142 :

109 2171 254 2226 abilitatem
269 2175 363 2224 autem
373 2169 486 2241 generis
501 2169 573 2233 dico,
590 2186 637 2223 ros
660 2168 798 2223 infaciem
839 2168 871 2223 In
881 2169 934 2223 hoe
942 2175 1058 2241 apparet
1070 2170 1132 2241 plus
1143 2187 1188 2224 nre
1198 2186 1259 2225 esse
1269 2171 1429 2227 ministrum
1440 2172 1544 2227 Christi
1555 2190 1640 2245 quam

112 2260 291 2333 praesentiam
308 2259 385 2319 caedi,
403 2275 458 2312 non
473 2258 583 2329 pugnis.
595 2261 676 2326 quasi
691 2274 738 2311 nos
753 2260 798 2311 in-
840 2260 912 2327 illos,
925 2258 1117 2330 quiulicetilli
1129 2260 1218 2329 quise
1235 2259 1305 2313 mihi
1320 2260 1473 2330 praeterunt
1486 2278 1599 2334 semper
1610 2264 1640 2318 in

109 2351 231 2405 trerinras
245 2351 276 2401 t'n
291 2349 342 2401 lroc
356 2352 444 2416 porte,
461 2346 594 2401 subaudis
617 2347 738 2417 generis,
760 2346 799 2399 sic
841 2348 935 2418 aliquo
948 2347 1148 2411 laboraverint,
1166 2352 1260 2402 tamen
1272 2349 1334 2419 plus
1357 2366 1409 2421 ego
1423 2349 1555 2415 laboravi,
1576 2353 1643 2423 quio

109 2443 153 2495 rnt
166 2455 196 2493 se
206 2438 287 2493 nobis
301 2437 351 2499 illi,
372 2443 400 2490 et
414 2437 453 2490 sic
467 2453 518 2508 pro
533 2436 619 2489 nihilo
634 2435 765 2489 ducimur
784 2453 799 2490 a
842 2436 972 2507 plurimis
989 2436 1130 2491 laboribus
1145 2437 1190 2491 die
1208 2444 1350 2508 noctuque
1364 2437 1498 2493 deservio.
1515 2440 1643 2495 Tradunt

109 2528 145 2583 De
159 2544 189 2582 se
203 2528 321 2598 loquens
334 2525 485 2596 Apostolus
497 2530 525 2578 et
539 2523 582 2578 sui
594 2540 689 2588 causa,
701 2523 800 2578 subin·
841 2525 929 2578 sancti
945 2525 1083 2588 doctores,
1099 2525 1174 2596 quod
1183 2526 1361 2596 Apostolusa
1377 2542 1458 2581 mano
1471 2528 1541 2582 velo
1554 2529 1642 2599 pullo·

110 2622 124 2672 t
137 2632 286 2689 personam
300 2613 435 2668 liaruabae
444 2613 511 2668 socii
522 2612 575 2666 sni.
592 2612 640 2683 qui
657 2629 689 2666 en
701 2612 799 2667 eodem
840 2630 903 2668 rum
914 2618 999 2669 cantu
1014 2613 1146 2684 usquead
1162 2613 1288 2684 quintam
1300 2615 1398 2668 horarn
1410 2614 1499 2670 labori
1506 2632 1641 2671 manuum

116 2705 376 2763 Iudaicoe1nt.ita
404 2720 470 2774 argo
498 2700 684 2773 praeferebant
697 2718 727 2755 se
740 2699 800 2755 falsi
841 2701 997 2769 insistebat,
1008 2702 1082 2756 uncle
1092 2702 1196 2755 victum
1210 2701 1376 2773 acquireret,
1397 2708 1426 2757 et
1439 2704 1539 2758 exinde
1551 2720 1641 2777 usque

109 2794 163 2850 ier
173 2794 277 2848 ludaris
287 2792 412 2864 apostolo
423 2791 509 2845 Paulo
522 2797 551 2845 et
561 2788 707 2856 Bernaba),
720 2790 800 2860 quusi
841 2794 877 2849 nd
890 2791 1027 2846 decimam
1037 2791 1136 2845 horam
1150 2789 1259 2861 publice
1275 2791 1437 2862 disputabat
1450 2811 1456 2845 :
1475 2793 1641 2865 plerumque

109 2882 179 2940 iliori
193 2899 296 2955 genere
309 2881 361 2936 orti
377 2887 470 2935 essent
484 2896 568 2951 quam
579 2878 630 2948 illi,
641 2885 669 2932 et
680 2877 756 2948 quasi
765 2877 800 2931 de
843 2888 937 2937 tamen
948 2886 977 2935 et
984 2880 1160 2934 innocentem
1167 2879 1639 2953 protendebatsermonem(dct.xx)

119 2988 225 3045 genere
240 2971 299 3025 nati
310 2975 403 3025 asserat
418 2970 459 3023 illi
474 2969 539 3033 duo,
556 2968 596 3021 ita
612 2966 801 3038 despiciebant
842 2972 914 3027 sicut
930 2976 996 3025 tunc
1009 2968 1075 3022 fecit
1087 2968 1198 3039 quando
1214 2968 1355 3039 Eutychus
1377 2986 1475 3025 somno
1495 2977 1638 3041 gravatus,

109 3059 382 3131 ladicithpostolus:
397 3059 481 3124 (irrasi
491 3074 539 3111 nos
555 3058 666 3125 irrfirnn'
679 3061 706 3110 et
721 3031 830 3125 igno-s3
842 3060 940 3115 cecidit
951 3054 1094 3112 desolorio
1112 3072 1162 3126 per
1172 3055 1332 3118 fenestram,
1343 3059 1374 3112 in
1383 3060 1540 3113 carceribus
1549 3061 1641 3115 abun·

110 3165 174 3205 mus
204 3148 379 3220 ignobilitate
405 3146 527 3216 generis,
544 3146 584 3199 sic
603 3162 633 3199 se
648 3145 801 3216 praeferunt
842 3151 966 3213 dontius,
978 3144 1112 3200 subaudis
1122 3143 1181 3198 suis
1195 3144 1471 3216 inclususqoamilli‚
1481 3152 1510 3202 et
1520 3154 1564 3203 est
1576 3165 1642 3204 sen·

117 3244 148 3295 et
160 3239 200 3293 ita
213 3237 298 3291 etiarn
314 3253 330 3290 o
351 3236 428 3290 robis
443 3236 630 3306 praeferuntur
643 3233 733 3293 nobis,
752 3233 802 3288 scd
843 3254 907 3292 sus:
922 3234 988 3289 Etsi
1002 3233 1041 3287 illi
1053 3232 1168 3286 suerunt
1190 3232 1219 3286 in
1231 3248 1342 3288 earcere
1355 3250 1424 3305 quos
1437 3253 1483 3291 vos
1498 3236 1639 3306 extollitis,

111 3327 153 3383 illi
165 3332 232 3382 sunt
245 3326 337 3397 potius
351 3325 454 3378 intirmi
471 3325 498 3377 in
514 3324 566 3377 liae
592 3328 672 3395 parte
689 3322 801 3393 generis
843 3343 859 3380 o
872 3322 1021 3388 Corinthii,
1034 3336 1085 3390 cgo
1096 3320 1159 3390 plus
1170 3337 1253 3391 qoam
1273 3321 1324 3375 illi.
1342 3323 1375 3376 ln
1384 3326 1475 3392 plupis
1487 3340 1573 3394 supro
1584 3341 1643 3381 mo·

109 3414 260 3489 gloriantur
272 3433 278 3468 ε
292 3415 356 3486 quia
366 3413 401 3467 di·
411 3420 490 3467 entes
498 3413 569 3466 lilios
577 3430 606 3466 se
612 3428 673 3466 esse
683 3410 801 3466 Abrahae
841 3419 919 3482 (lirin,
932 3413 1066 3468 subaudis
1078 3412 1199 3468 aillictus
1210 3428 1281 3466 sum.
1293 3414 1372 3486 Saepe
1383 3415 1513 3484 plagatus
1523 3420 1643 3491 estalpo-

109 3522 155 3561 um
168 3522 292 3569 carnem,
304 3520 359 3558 non
374 3508 439 3557 sunt
451 3501 588 3556 veraciter
605 3500 654 3554 tilii
669 3498 799 3565 Abrahae,
842 3504 958 3559 stolusn
972 3501 1112 3556 iudaeiset
1124 3499 1264 3571 gentibus,
1277 3506 1306 3554 et
1321 3503 1488 3574 saperirgis
1498 3521 1597 3573 cresus,
1612 3515 1642 3576 et
1676 3542 1682 3549 -

109 3610 147 3649 em
162 3598 191 3649 et
205 3591 547 3664 operationern,quoniam
560 3607 616 3644 raon
630 3595 696 3644 sunt
706 3589 801 3643 imito-
842 3593 865 3647 si
877 3592 927 3658 illi,
937 3589 1038 3662 inquit,
1050 3588 1237 3661 plagatisunt,
1250 3605 1301 3659 ego
1320 3590 1440 3662 amplius
1458 3593 1580 3657 Quaestio
1598 3601 1642 3650 est

109 3683 158 3754 iun.
169 3683 228 3737 Nos
239 3687 332 3735 tantem
348 3697 446 3734 sumus
466 3680 540 3733 firmi
556 3685 584 3735 et
597 3678 715 3744 nobiles,
736 3678 802 3748 quia
842 3680 1030 3736 innoeloco:
1049 3679 1120 3733 Cum
1144 3678 1294 3749 Apostolus
1321 3678 1389 3733 alibi
1414 3680 1511 3736 dieat:
1540 3684 1641 3738 Fidelis

109 3776 155 3827 ¹tes
167 3771 216 3826 lilii
229 3770 347 3825 Abrahae
362 3769 516 3823 secundum
531 3784 760 3828 carnem,sumus
773 3776 802 3821 et
844 3772 912 3825 llclts
925 3771 975 3838 qui
985 3783 1041 3822 eren
1054 3769 1177 3835 potietur
1192 3783 1236 3822 roa
1252 3770 1355 3822 tentori
1364 3784 1447 3837 supter
1469 3773 1500 3826 id
1512 3773 1642 3842 quodpe-

109 3859 250 3915 ilationem
267 3859 330 3913 fidei
339 3864 367 3913 et
376 3857 555 3929 operationis.
568 3858 602 3911 Et
616 3857 668 3911 iste
678 3856 801 3910 versicu-
844 3863 925 3920 testis,
937 3860 983 3911 scd
990 3858 1070 3925 societ
1082 3872 1143 3910 caen
1162 3860 1310 3910 tertiatione
1322 3861 1405 3912 etiam
1422 3865 1596 3928 protentum,
1610 3870 1641 3918 nt

109 3953 209 4005 rseest
220 3947 401 4020 proferendus
416 3954 444 4000 ei
458 3946 680 4016 distinguendus.
691 3947 724 3999 ln
735 3961 798 4014 quo,
839 3950 949 4017 possitis
961 3947 1099 4000 sustinere
1116 3946 1142 4013 (l
1154 3946 1213 3999 t'or.
1226 3948 1265 4015 x),
1286 3962 1372 4015 quare
1394 3947 1440 4001 hie
1466 3948 1541 4003 dicat
1554 3967 1641 4023 supro

109 4037 139 4093 lis
152 4037 275 4109 negotio,
290 4038 351 4105 quis
361 4037 453 4101 ortdet,
469 4035 602 4089 subaudis
616 4033 750 4104 gloriari5
772 4035 801 4087 in
842 4035 956 4090 modum
973 4034 1000 4088 in
1014 4032 1104 4104 plagis
1116 4049 1177 4087 esse
1200 4032 1357 4087 afflictum?
1370 4052 1432 4107 quae
1446 4037 1486 4090 ita
1499 4039 1638 4096 nola-itur:

109 4129 166 4181 ntia
180 4129 249 4189 dico,
265 4126 352 4179 aerim
362 4130 387 4178 et
403 4141 448 4191 apo
461 4123 594 4194 gloriari:
611 4139 644 4177 ae
660 4121 684 4176 si
696 4121 802 4176 diceret
844 4124 909 4195 quia
924 4123 1014 4177 multa
1024 4120 1161 4175 sustinuit
1174 4121 1326 4193 ipsesupra
1340 4124 1455 4178 niodum
1472 4126 1638 4193 hermanum,

109 4212 183 4269 erbis:
200 4215 313 4268 Autlcnt
326 4213 366 4267 illi
381 4212 494 4283 gloriari
510 4212 539 4265 in
561 4210 707 4266 nobilitate
718 4226 802 4281 gene·
843 4218 964 4282 etsupra
972 4210 1103 4264 virtutem
1117 4210 1245 4264 bumana
1253 4209 1422 4280 tragilitatis,
1435 4215 1482 4268 sed
1493 4232 1548 4270 tion
1555 4233 1641 4290 supra

109 4307 135 4359 et
147 4302 421 4367 insidienterdicarn,
433 4302 522 4356 audeo
537 4308 566 4355 et
582 4318 633 4372 ego
642 4301 758 4371 gloriari
767 4300 802 4354 de
843 4302 973 4357 virtutem
989 4299 1123 4363 divinam,
1154 4297 1273 4370 ideoque
1288 4301 1380 4370 potuit
1403 4318 1436 4357 ea
1451 4305 1590 4361 sustinere
1613 4315 1642 4362 et

109 4396 151 4448 ute
158 4392 279 4465 generis.
292 4390 357 4446 ideo
366 4391 552 4456 aeternait,ln
562 4392 721 4458 iusipientia
731 4390 802 4456 ilico,
844 4389 1060 4464 superore‚quia
1080 4388 1168 4442 rinus
1182 4389 1384 4461 omnipotentis
1400 4390 1449 4446 [tei
1464 4394 1644 4450 administre-

109 4482 196 4537 :ultum
210 4482 330 4548 uidetur,
339 4486 474 4552 qnantum
486 4480 521 4533 ad
533 4478 661 4533 homines
670 4478 801 4550 pertinet,
843 4480 892 4535 bat
903 4480 927 4534 ei
938 4477 1131 4535 fortitudinem
1145 4478 1305 4533 sullercndi.
1321 4481 1352 4534 ln
1364 4483 1497 4536 artantibus
1515 4483 1644 4555 frequen·

109 4571 245 4645 nsipientia
254 4569 530 4641 aliquissibiarctipsi
539 4567 731 4623 testimonium
739 4569 802 4623 lau·
846 4577 896 4637 ter,
908 4569 1042 4625 subaudis
1051 4568 1092 4623 sui
1104 4568 1223 4640 positus.
1234 4569 1298 4623 Etsi
1309 4569 1482 4641 sarpeluitin
1494 4573 1640 4638 irrortibus,

110 4660 197 4733 aliquo
205 4659 614 4733 perhibeat.llpostolustamen
623 4675 680 4713 non
691 4663 752 4713 erat
763 4658 804 4712 in·
845 4660 985 4733 quomodo
998 4657 1128 4713 virebat?
1144 4660 1175 4712 ln
1192 4659 1326 4711 irrortilrna
1341 4658 1418 4721 dixit,
1436 4675 1486 4729 pro
1510 4676 1543 4713 eo
1568 4662 1641 4730 qnod

109 4749 199 4821 aquia
208 4766 263 4804 non
273 4754 373 4820 sponte
384 4750 435 4803 hoc
445 4749 554 4820 agebat,
565 4749 612 4803 sed
621 4754 733 4802 coactus
742 4772 748 4806 :
757 4765 803 4804 nc·
845 4756 888 4804 est
902 4749 929 4802 in
943 4747 1074 4819 periculis
1086 4746 1184 4800 mortis
1200 4752 1227 4800 et
1241 4745 1270 4799 in
1285 4746 1479 4815 desperatione
1491 4747 1562 4801 ritas.

109 4852 130 4893 .·o
139 4836 222 4893 laude
237 4839 369 4904 bumana,
385 4838 433 4892 scd
445 4843 476 4892 ut
490 4836 649 4893 Corinthios
657 4851 709 4891 sua
722 4836 803 4892 laude
880 4836 1008 4891 Alleluia
1018 4836 1175 4904 qrrirrqniea,
1189 4835 1392 4901 qreodrnprnaa,
1404 4834 1539 4889 subaudis
1546 4836 1643 4908 plagas

109 4942 183 4983 orem
198 4944 281 4982 suum
296 4928 452 4982 retraheret
470 4926 505 4980 ab
519 4942 615 4981 amore
629 4925 804 4998 pseudoapo-
847 4942 903 4980 arra
920 4942 944 4978 nr
951 4927 1014 4979 inus
1024 4926 1123 4993 accepi.
1140 4924 1312 4992 Praeceptum
1335 4926 1398 4976 erat
1421 4921 1450 4977 in
1474 4924 1646 4982 Deuterono-

109 5031 154 5083 rm,
170 5017 212 5071 rel
225 5016 254 5070 in
270 5016 431 5087 insipientia
448 5015 516 5069 dicit
530 5032 559 5069 se
574 5014 678 5069 audere
688 5014 805 5085 gloriari
846 5014 1045 5085 nrio,utquem
1057 5012 1265 5080 delinquentem
1274 5008 1584 5081 judicesrerberabant,
1606 5017 1646 5072 ita

109 5102 198 5160 tilitate
221 5103 343 5175 generis,
360 5109 392 5158 ut
412 5103 524 5158 illorum
549 5103 669 5173 gloriam
691 5108 805 5157 evacuet
846 5099 1647 5170 modurnvindictaet‹·mper·arent,ntplagarumnnrnerus

117 5192 343 5265 iactabantquod
360 5192 410 5246 ulii
432 5198 526 5247 essent
539 5191 669 5257 Abrahae,
686 5192 753 5264 quia
767 5192 808 5247 in·
849 5189 1105 5263 quadragenarium
1128 5202 1279 5241 numerum
1294 5187 1410 5242 minime
1423 5193 1644 5261 transcenderet,

109 5296 144 5337 'er
156 5280 287 5354 agebant.
313 5281 523 5352 Imprudentem
548 5281 632 5335 etiam
642 5297 672 5335 se
682 5297 807 5352 pronun·
848 5298 883 5335 ne
897 5281 969 5335 loede
983 5294 1076 5333 coram
1092 5277 1132 5330 eis
1147 5275 1235 5330 frater
1246 5292 1343 5330 eorurn
1366 5277 1505 5334 laceratus
1528 5283 1646 5352 jaceret.

109 5370 291 5444 linsipienter
304 5387 387 5441 agere
402 5371 431 5424 in
446 5371 497 5424 hoc
512 5370 584 5441 quod
598 5386 627 5424 se
645 5370 752 5439 laudat,
772 5387 808 5424 no
849 5369 929 5434 Quod
940 5365 1181 5439 cgopcrquinque
1192 5364 1264 5420 vices
1277 5364 1382 5421 factum
1395 5373 1448 5434 est,
1464 5369 1509 5424 hic
1521 5386 1646 5426 summa·

109 5460 218 5517 edentes
244 5460 406 5515 riderentur
420 5460 448 5515 in
472 5461 526 5514 hac
548 5464 628 5531 parm
644 5476 677 5515 ac
690 5459 807 5529 nobiles,
849 5461 900 5517 tim
915 5455 1007 5529 tangit
1019 5454 1187 5527 Apostolus:
1203 5454 1276 5512 Nam
1291 5457 1440 5529 quinquies
1454 5460 1611 5531 flagellatus
1628 5478 1647 5515 a

112 5548 283 5615 extossebaot
296 5550 331 5607 de
344 5549 490 5607 nobilitate
503 5549 625 5622 generis.
851 5546 965 5618 ludaeis,
980 5545 1088 5618 accepit
1102 5546 1199 5620 plagas
1214 5547 1332 5619 triginta
1345 5564 1444 5605 norem
1452 5546 1651 5605 modenule·

1623 5656 1629 5683 i
