3818 6104
229 282 301 344 1167
439 278 628 337 HAYMONIS
647 275 892 333 HALBERSTAT.
913 278 1016 334 EPlSO
1035 262 1130 335 ‘OPP.
1150 278 1243 334 PARS
1262 278 1285 333 l.
1309 307 1342 318 -
1361 274 1547 334 COMMENT.
1568 277 1664 332 BIBL.
1803 275 1863 333 itte

228 410 295 482 quia
309 408 379 464 illud
393 407 468 479 quod
482 405 566 459 vitale
580 408 641 458 erat
656 402 686 456 in
707 402 809 456 divinis
823 402 942 473 eloquiis
962 403 1191 464 eliu-Athronos
1205 402 1325 473 ideoque
1335 418 1365 456 se
1379 400 1499 455 invicem
1513 400 1672 464 hortantes,
1686 398 1792 464 dicunt,
1803 399 1865 453 ,ille-

231 502 344 560 dernnt,
356 504 385 552 et
398 499 428 552 in
441 495 581 550 carnalem
593 508 706 547 sensum
719 495 873 557 verterunt,
885 492 939 562 ipsi
955 492 1034 562 quid·
1076 495 1145 556 laia,
1162 491 1190 545 id
1206 496 1260 559 est,
1275 492 1395 544 Laadmc
1409 491 1576 545 licerinum.

230 589 298 660 quid
311 587 395 642 vitale
409 584 522 648 habent,
540 581 685 635 amittunt.
1110 583 1144 637 Et
1167 598 1221 635 eoa
1232 583 1263 635 dc
1291 583 1389 635 timone
1405 584 1500 647 arion,
1524 583 1619 634 dicens
1637 599 1645 633 :
1662 580 1784 633 Laudem
1802 581 1865 632 dicite

266 678 302 733 At
312 680 416 730 iterant
427 675 559 726 dixerant
572 689 579 723 :
590 667 885 725 Alleluia.Geminatio
896 669 1034 722 sermonis
1076 673 1126 725 Deo
1149 676 1249 732 ceastre,
1267 687 1359 724 orienes·
1374 673 1465 723 sancti
1478 673 1550 738 ejus.
1570 670 1631 722 Hoc
1651 684 1710 722 non
1723 668 1817 729 semel,
1829 668 1866 721 sed

230 762 406 820 confirmatio
416 766 468 815 est.
478 759 602 814 Ecclesia
612 758 686 812 enim
700 757 989 827 semperindesinenti
996 757 1034 810 af·
1076 759 1160 812 etiam
1175 759 1297 812 secundo
1320 759 1348 811 in
1370 757 1514 828 praemissa
1534 757 1679 810 locutione
1693 756 1800 810 lactum
1813 756 1866 826 legi·

230 855 303 908 lectu
311 851 402 906 Deum
411 848 519 915 laudat,
527 864 560 903 ex
571 848 652 918 cujus
665 863 785 917 persona
795 845 1035 900 psalmistadicit:
1076 863 1150 907 mus,
1162 848 1237 917 quod
1247 846 1292 899 hic
1303 847 1407 901 iteruin
1418 846 1478 899 lieri
1487 845 1618 915 jubetur.
1634 845 1691 899 Sed
1702 851 1736 899 ut
1749 845 1808 916 ipsa
1820 845 1867 899 laus

229 940 389 994 benedicam
404 940 556 992 Dominam
572 939 602 988 in
617 936 695 988 orani
711 939 839 1002 tempore,
855 949 960 1002 scrrrpcr
973 935 1035 986 taus
1076 935 1241 989 indeficiens
1254 951 1366 1006 semper
1378 939 1548 1006 perseveret,
1563 935 1627 1005 ipsa
1643 933 1774 987 membra
1788 941 1868 987 mutua

230 1032 288 1097 ejas
302 1031 334 1081 in
348 1042 393 1081 ore
407 1042 465 1079 meo
479 1026 561 1089 (Psoi.
576 1027 682 1088 xxxin).
699 1020 819 1092 Duoque
834 1021 991 1075 meretricis
1004 1020 1035 1073 in
1077 1024 1271 1078 exhortatione
1287 1023 1486 1091 informantur,
1502 1028 1535 1076 ut
1549 1037 1650 1076 omnes
1666 1021 1694 1075 ei
1714 1021 1822 1074 laudern
1834 1022 1868 1074 di·

229 1117 283 1172 hoc
296 1115 356 1170 loco
370 1114 445 1169 iacta
458 1116 725 1175 commemorantur,
743 1110 818 1180 quod
831 1109 963 1164 videlicet
976 1115 1035 1163 ter·
1076 1119 1153 1174 cent,
1170 1112 1291 1166 thronus
1306 1111 1382 1165 enirn
1401 1111 1456 1182 ipsi
1477 1117 1544 1165 sunt
1563 1111 1640 1164 serui
1653 1109 1717 1164 Dei.
1734 1108 1804 1163 Cum
1816 1127 1870 1179 ergo

229 1222 301 1271 ram,
316 1205 369 1258 hoc
384 1209 435 1269 est,
448 1202 571 1273 seipsam
586 1199 669 1253 malis
682 1198 814 1270 operibus
828 1199 993 1267 corruperit,
1005 1202 1035 1251 et
1076 1200 1110 1254 de
1125 1200 1228 1253 throno
1243 1199 1325 1253 exirit
1336 1215 1396 1261 vox,
1406 1205 1435 1252 et
1448 1215 1531 1252 aures
1545 1196 1672 1252 eeundo
1687 1197 1870 1266 penetrat,ni·

229 1294 304 1364 quod
317 1291 483 1362 sanguinem
501 1295 662 1343 sanctorum
677 1287 790 1353 fuderit,
803 1303 853 1357 pro
870 1285 973 1356 quibus
986 1302 1033 1355 ge·
1074 1288 1177 1342 mirum
1193 1288 1265 1342 servi
1280 1288 1315 1341 ad
1337 1303 1484 1342 conservos
1506 1285 1716 1341 exhortationis
1736 1286 1866 1356 proferunt

228 1382 330 1436 henna·
343 1379 505 1434 incendium
521 1376 692 1432 aeternaliter
705 1374 862 1430 sustinebit.
885 1376 918 1428 Et
937 1378 1033 1441 saorra
1074 1376 1200 1431 verbum.
1212 1376 1316 1430 Verum
1333 1376 1362 1430 in
1378 1376 1429 1429 hoc
1448 1375 1524 1446 quod
1539 1374 1681 1446 sequitur,
1695 1381 1721 1427 et
1735 1378 1785 1443 qai
1797 1378 1866 1427 timr-

228 1475 434 1524 tormentorum
446 1471 505 1536 ejas
515 1467 638 1520 ascendit
648 1468 680 1518 in
689 1467 787 1518 secula
796 1467 970 1517 sacratorum.
981 1463 1033 1517 llic
1074 1469 1109 1519 tis
1121 1467 1217 1530 bearn,
1230 1465 1346 1535 quaestio
1357 1465 1456 1529 oritur,
1469 1481 1556 1535 quare
1568 1465 1708 1518 timentes
1720 1463 1806 1517 Deum
1815 1463 1867 1516 lau·

230 1557 324 1612 fumus
333 1573 390 1611 non
401 1554 546 1626 praesentis
555 1553 649 1607 saeculi
663 1552 884 1615 tribulationem,
897 1551 1033 1605 sedetet·
1073 1554 1420 1624 darepraecipiantur,cum
1431 1554 1624 1624 ipse-loannes
1632 1553 1712 1606 dicat
1721 1552 1750 1605 in
1758 1552 1868 1623 Epistola

228 1661 295 1700 nam
319 1644 472 1714 significat.
491 1642 572 1697 Unde
595 1641 774 1705 intuendum,
791 1639 857 1711 quia
880 1656 936 1694 non
964 1639 1032 1693 dicit
1073 1658 1143 1695 sua:
1159 1642 1297 1706 Quoniam
1313 1644 1517 1713 timorpoenam
1533 1640 1630 1706 habet,
1646 1648 1704 1695 etc.
1721 1641 1775 1705 Qui
1788 1641 1867 1704 timet,

228 1732 372 1801 ascendet,
385 1733 435 1786 sed
449 1733 580 1793 ascendit,
593 1729 660 1800 quia
673 1729 801 1783 videlicet
813 1729 842 1781 in
855 1727 974 1798 singulis
988 1743 1026 1780 re
1038 1713 1062 1773 Β
1072 1738 1180 1784 nonest
1189 1731 1327 1801 perfectus
1336 1731 1366 1784 in
1377 1731 1525 1784 charitate.
1535 1730 1611 1784 Alibi
1621 1730 1869 1801 quoquescriptum

226 1821 321 1894 probis
334 1821 459 1892 quotidie
474 1820 594 1890 reproba
607 1818 704 1872 civitas
720 1819 880 1880 damnatur,
899 1823 928 1870 et
941 1816 977 1870 nd
991 1816 1033 1870 in·
1074 1819 1201 1888 cst,quia
1210 1834 1266 1872 reon
1277 1824 1314 1871 est
1324 1821 1442 1886 spaciosa
1454 1821 1515 1872 laus
1525 1822 1558 1872 ia
1570 1835 1618 1872 ore
1625 1820 1868 1887 peecarorrstacca.

227 1909 301 1965 serni
315 1926 411 1982 poenas
435 1909 594 1969 deducitur.
619 1907 693 1961 sicut
711 1906 835 1976 quotidie
854 1905 1033 1959 Hierusalem
1074 1905 1869 1977 xv)·Sedsciendumestquiaduosunttimoressersorum

227 2000 373 2054 transitio
386 1997 505 2068 singulis
518 1996 614 2051 electis
624 1995 660 2049 ad
670 1995 790 2066 patriam
804 1995 956 2059 calestem,
966 2010 1034 2048 narn
1074 1987 1869 2066 videlicetetfiliorum.Servienimtirnentnessagellentur

225 2089 272 2143 hio
290 2106 341 2160 per
359 2089 469 2142 iunium
489 2087 605 2139 flamma
623 2091 735 2138 aeterna
754 2099 842 2154 poenae
856 2083 1031 2152 designatur,
1073 2084 1411 2147 adominisztiliiautem‚
1423 2101 1458 2138 ne
1469 2085 1867 2157 oculosollendantpiipatris,

226 2177 293 2247 quia
306 2175 402 2231 miseri
415 2176 444 2228 in
459 2180 595 2229 aeternum
619 2179 686 2226 sunt
700 2172 858 2242 torquendi.
877 2171 929 2225 llic
953 2172 1032 2225 locus
1073 2180 1101 2227 et
1111 2173 1379 2228 haereditateeorum
1391 2174 1546 2245 priventur.
1556 2173 1679 2244 ltaergo
1686 2174 1770 2228 aliter
1780 2174 1868 2227 timent

226 2265 406 2318 valetcontra
417 2261 521 2332 eosqui
532 2261 629 2314 dicunt
640 2261 715 2330 quod
729 2259 841 2330 reprobi
853 2267 916 2331 post
926 2260 1031 2314 multos
1056 2268 1059 2273 '
1073 2261 1194 2332 reprobi,
1203 2267 1288 2332 atque
1300 2261 1382 2316 aliter
1393 2262 1472 2332 justi.
1487 2261 1610 2333 Reprobi
1625 2264 1741 2327 timent,
1754 2280 1790 2316 ne
1802 2263 1867 2315 dam·

226 2368 316 2406 annos
331 2351 367 2405 ad
380 2350 500 2421 gloriam
515 2348 574 2402 sint
587 2349 736 2414 reversuri,
750 2354 848 2402 contra
860 2348 1029 2402 sententiam
1071 2358 1176 2405 nentur
1188 2352 1218 2405 in
1233 2352 1343 2405 inferno
1355 2367 1406 2422 pro
1422 2351 1479 2405 suis
1490 2352 1612 2421 peccatis
1623 2365 1629 2399 :
1641 2351 1717 2406 Justi
1728 2358 1866 2412 antemna

226 2439 349 2506 Domini,
362 2456 419 2510 qua
427 2438 554 2492 dicturus
564 2443 608 2491 est
619 2436 690 2490 illis:
704 2438 742 2490 Ite
751 2440 783 2490 in
793 2440 885 2504 r'qnern
894 2442 1030 2490 aternam
1071 2439 1179 2510 aliquid
1187 2446 1311 2511 peccent,
1323 2446 1351 2494 et
1361 2440 1455 2494 oculos
1464 2439 1507 2494 sui
1517 2440 1656 2494 creatoris
1665 2440 1865 2494 offendantlsto

228 2529 415 2597 (Matthxxr).
428 2525 570 2597 Quidquid
581 2525 657 2579 enim
665 2530 803 2578 aeternum
811 2527 864 2586 est,
875 2525 1029 2578 terminum
1069 2529 1164 2598 itaque
1171 2527 1409 2583 timoretimentes
1414 2527 1743 2599 praecipiunturlaudare
1749 2530 1865 2593 Deorum

225 2616 389 2680 nonhabet,
404 2623 433 2670 et
448 2617 500 2670 hoc
517 2614 649 2685 estquod
664 2613 710 2667 hic
723 2612 836 2680 dicitur,
853 2614 956 2666 Faenius
970 2616 1028 2679 cias
1072 2617 1107 2670 de
1114 2633 1168 2688 quo
1174 2616 1410 2670 psalmistadicit:
1424 2618 1762 2671 Timorllomintsanctns
1768 2633 1863 2685 perena·

225 2707 347 2761 ascendit
368 2708 401 2759 in
425 2708 524 2758 secula
542 2705 716 2761 seculorum,
738 2701 804 2771 quia
823 2701 951 2755 videlicet
969 2707 1028 2754 tor·
1071 2706 1864 2773 nensinraculumsacaltffsal.xv111.)-Pnsillietnra·

183 2830 186 2834 1
224 2798 331 2860 menta,
343 2793 445 2864 quibus
458 2791 554 2846 miseri
565 2796 634 2845 tunc
643 2790 802 2855 tradentur,
815 2791 900 2845 finem
914 2806 971 2844 non
983 2806 1029 2843 ac·
1071 2793 1239 2862 petrusim
1252 2799 1327 2859 sunt,
1344 2793 1392 2863 qui
1406 2809 1462 2847 non
1476 2800 1596 2864 possunt
1610 2800 1762 2865 penetrare
1776 2795 1864 2848 altiora

228 2883 344 2954 cipiant.
1072 2881 1216 2953 mysteria,
1225 2880 1649 2952 quibusApostolusdicit:il'on
1660 2887 1743 2951 potat
1757 2886 1824 2937 robis
1833 2887 1864 2936 lo·

260 2972 295 3025 El
309 2970 465 3025 maiderunt
481 2951 584 3036 oiqinti
598 2973 720 3036 quatuor
734 2971 852 3020 sen-iores
866 2971 892 3020 et
906 2971 1029 3034 quatuor
1071 2971 1470 3038 quiq-oarispiritaatibas,scd
1480 2975 1617 3039 tanquam
1623 2973 1864 3040 paraeneticen·

226 3060 376 3123 animalia,
388 3062 413 3110 et
422 3058 610 3110 adoraverant
620 3056 707 3109 Deam
717 3055 852 3108 sedentem
862 3069 943 3121 snper
955 3018 1061 3109 ibro-c
1070 3063 1119 3119 sto,
1134 3061 1176 3112 loo
1185 3060 1258 3112 vobis
1267 3063 1363 3126 polum
1374 3059 1446 3124 dedi,
1458 3074 1515 3112 non
1524 3076 1615 3113 escam
1629 3062 1668 3127 (Il
1682 3063 1745 3115 Gor.
1758 3064 1805 3130 nr).
1815 3063 1863 3114 Nec

229 3148 435 3212 stomachantes
447 3164 455 3199 .·
465 3142 790 3208 rlmca,rlllctaia.Quod
801 3141 1029 3212 vigintiquatuor
1069 3152 1187 3218 possunt
1198 3147 1282 3200 etiarn
1293 3146 1410 3216 implore
1420 3147 1532 3201 Domini
1544 3148 1706 3215 consilinm,
1718 3168 1773 3221 quo
1783 3151 1820 3203 ait
1830 3150 1863 3204 :Si

228 3233 363 3298 seniores,
377 3231 429 3286 hoc
445 3232 605 3301 significant
617 3236 643 3284 et
659 3238 782 3300 quatuor
791 3231 934 3295 animalia,
946 3231 974 3285 id
987 3237 1031 3286 est
1071 3239 1112 3289 ais
1123 3237 1259 3303 perfectas
1274 3251 1336 3301 esse,
1348 3236 1415 3288 rade
1430 3240 1455 3288 et
1468 3237 1553 3289 aenae
1563 3242 1662 3291 anania
1676 3255 1736 3306 qua
1751 3240 1832 3303 babet,
1842 3245 1862 3290 rt

229 3336 341 3374 omnem
355 3320 509 3373 electorum
523 3319 686 3373 Ecclesiam.
707 3319 779 3382 Quia
799 3319 874 3373 enini
890 3319 1030 3388 subjecto·
1072 3326 1107 3377 da
1124 3325 1303 3394 paoperibus,
1319 3329 1344 3377 et
1362 3326 1434 3388 ocni,
1451 3327 1475 3376 ct
1489 3341 1600 3393 sequere
1615 3343 1660 3380 ma
1674 3328 1784 3389 (liattb.
1801 3333 1859 3381 rixi.

227 3424 292 3461 rurn
316 3407 390 3461 facta
406 3406 557 3472 examinat,
575 3410 650 3459 recte
665 3422 715 3476 per
729 3405 854 3460 seniores
869 3420 875 3454 :
893 3406 959 3476 quia
980 3424 1031 3477 pa·
1072 3412 1166 3481 Magni
1179 3428 1244 3465 vero
1255 3417 1330 3476 sunt,
1342 3411 1377 3465 de
1392 3410 1713 3483 quibusipseDominus
1723 3417 1804 3469 dicit:
1820 3417 1862 3483 (lai

228 3512 296 3550 scua
309 3502 420 3550 internae
436 3494 585 3548 viriditatis
598 3493 726 3564 inquirit,
737 3494 821 3564 digne
833 3511 884 3564 per
898 3495 1032 3549 animalia
1071 3501 1164 3567 fecerit
1175 3505 1199 3553 al
1209 3501 1342 3562 docuerit,
1353 3501 1397 3553 bic
1410 3516 1527 3568 maenas
1538 3504 1686 3557 vocabitur
1695 3509 1729 3558 in
1740 3521 1818 3573 raquo
1825 3520 1861 3557 ra·

227 3587 376 3657 iiguratur.
389 3585 423 3639 ln
435 3583 566 3638 vicesimo
578 3589 674 3637 autern
689 3589 790 3653 quarto
816 3599 944 3647 numero,
958 3585 1032 3639 sicut
1073 3590 1164 3642 lorum
1181 3589 1288 3654 (Mattio.
1305 3588 1341 3657 r).
1358 3588 1394 3641 lli
1413 3604 1510 3645 ornnes
1525 3589 1622 3645 Deum
1640 3593 1768 3656 laudant,
1783 3603 1808 3648 et
1821 3594 1860 3646 hoc

165 3700 168 3715 ι
229 3672 431 3743 supradictum
445 3677 498 3736 est,
521 3686 620 3724 omnes
642 3677 736 3740 patres
747 3676 805 3738 tam
816 3669 926 3723 Veteris
937 3671 1032 3724 Testa·
1072 3676 1101 3730 in
1117 3676 1247 3743 Ecclesia,
1264 3676 1363 3748 inqua
1378 3676 1483 3748 pariter
1501 3679 1676 3746 consistunt,
1688 3684 1772 3752 Juxta
1786 3683 1859 3736 illud:

228 3757 318 3811 menti
333 3773 418 3827 quam
432 3757 503 3810 Novi
516 3757 711 3821 ostenduntur,
729 3763 843 3826 propter
857 3756 1031 3827 duplicatum
1072 3764 1178 3819 Parvus
1197 3771 1225 3819 et
1246 3782 1364 3837 mugnus
1387 3765 1425 3819 ibi
1448 3773 1523 3828 sunt,
1539 3767 1714 3825 subauhitur
1738 3772 1766 3826 in
1780 3787 1857 3841 regno,

227 3843 441 3913 duodenarium,
453 3843 488 3898 de
497 3845 578 3914 cujus
590 3851 693 3897 natura
703 3845 771 3897 satis
784 3844 914 3915 superius
924 3845 1031 3899 dictum
1072 3852 1122 3905 filii
1136 3852 1304 3908 dilectionis.

227 3938 279 3988 est.
296 3935 352 3988 lste
365 3939 461 3987 autern
483 3948 566 3986 casus
580 3932 723 3986 seniorum
743 3939 771 3986 et
785 3933 951 3987 animalium
975 3950 1031 3989 non
1107 3941 1139 3994 Et
1153 3942 1348 3995 audivivocem
1358 3945 1439 4010 perosi
1449 3944 1518 3997 taba
1529 3961 1651 4013 rnaqne,
1663 3954 1690 4001 et
1704 3952 1774 4002 sicut
1786 3962 1854 4002 aaran

227 4022 351 4093 peliinet
369 4022 404 4075 ad
423 4020 545 4087 ruinam,
567 4021 617 4074 Sed
635 4020 670 4073 ad
697 4020 899 4076 humilitatem·
920 4023 1032 4077 Cadunt
1072 4044 1213 4096 aquarum
1223 4032 1390 4093 meritarum,
1405 4035 1856 4091 atricatcoccrntonitruos-anna·

228 4110 303 4164 enim
314 4116 380 4165 ante
389 4110 535 4165 sedentem
544 4109 574 4163 in
582 4109 693 4172 throno,
705 4108 787 4163 idest
799 4115 865 4163 ante
875 4111 975 4173 Deum,
983 4111 1032 4182 qui
1071 4119 1363 4184 pearsondieentium
1372 4118 1629 4191 :Alleluialllagna
1637 4125 1854 4186 voxcantioorun,

228 4199 360 4270 praesidet
369 4216 426 4253 suae
437 4197 575 4262 Ecclesia,
586 4197 652 4268 quia
663 4197 829 4268 semetipsos
838 4199 1028 4266 humiliantes,
1072 4221 1176 4275 magna
1186 4212 1229 4260 est
1238 4206 1348 4261 devotio
1358 4193 1530 4262 sanctorum.
1545 4209 1616 4274 Quae
1626 4220 1704 4267 recte
1719 4215 1791 4268 2121,ae
1798 4229 1853 4266 mm.

230 4286 366 4357 quidquid
386 4286 492 4340 habent
511 4287 541 4339 in
558 4285 613 4339 fide
627 4292 656 4339 et
669 4302 763 4356 opere,
778 4286 832 4357 ipsi
846 4287 992 4358 deputant,
1014 4306 1030 4343 a
1071 4299 1197 4364 paratur,
1212 4295 1279 4365 quia
1291 4312 1394 4366 magna
1407 4297 1549 4367 praedicat.
1561 4300 1645 4354 Unde
1655 4318 1707 4372 per
1718 4303 1811 4357 lsaiam
1822 4301 1852 4353 di·

231 4389 286 4444 quo
301 4374 360 4428 hmo
373 4378 569 4444 perceperunt,
581 4373 629 4443 qui
645 4373 730 4428 dicit:
746 4375 812 4430 Sine
823 4392 865 4430 otc
876 4377 949 4431 nihil
958 4383 1030 4445 pate·
1071 4381 1164 4435 citur:
1181 4385 1266 4449 Quasi
1288 4385 1352 4438 tuba
1371 4388 1462 4439 exalta
1478 4401 1568 4440 vocem
1584 4404 1674 4442 sarain.
1693 4390 1752 4444 Vox
1767 4403 1853 4461 quoqne

230 4464 279 4515 stis
292 4463 392 4529 [acere.
407 4461 495 4515 Aiunt
509 4476 576 4531 ergo
591 4460 752 4531 adorantes,
769 4463 867 4529 Areten,
885 4463 913 4517 id
927 4470 971 4518 est
985 4481 1029 4518 ee·
1069 4487 1208 4540 aquarum
1221 4472 1385 4538 multarum,
1397 4489 1449 4527 vox
1469 4479 1511 4527 est
1526 4478 1700 4546 populorum
1713 4480 1851 4541 multorum,

196 4583 202 4597 .
229 4566 296 4604 aare
305 4557 352 4616 est,
364 4549 431 4622 quia
443 4550 500 4604 Deo
510 4554 605 4603 nostro
616 4555 660 4602 est
675 4549 737 4603 laus
747 4557 776 4605 et
785 4552 877 4621 gloria
887 4559 915 4606 et
929 4553 1026 4617 virtus,
1069 4575 1149 4630 aquae
1163 4561 1238 4613 enim
1253 4561 1348 4615 multa
1362 4561 1457 4632 populi
1472 4578 1539 4617 sunt
1552 4566 1727 4630 multi‚sieut
1739 4583 1812 4639 supra
1823 4565 1851 4617 le·

229 4638 277 4711 qui
288 4639 425 4710 judicavit
438 4640 473 4692 de
487 4637 634 4692 meretrice
647 4654 763 4708 magna;
776 4641 885 4708 justum
898 4647 941 4695 est
956 4641 1030 4697 enim
1070 4647 1175 4718 gimus.
1186 4647 1220 4702 In
1229 4665 1294 4703 voce
1304 4657 1398 4704 autem
1407 4651 1599 4706 tonitruorum
1611 4662 1851 4726 magnorumterror

229 4735 262 4783 ut
271 4728 319 4800 qui
329 4727 494 4798 sanguinem
503 4733 667 4781 sanctorum
675 4727 756 4793 fudit,
768 4729 934 4798 sanguinem
942 4729 1028 4799 bibat,
1071 4736 1239 4807 exprimitur
1261 4738 1370 4807 judicii.
1391 4739 1529 4793 Tonitrua
1551 4742 1658 4814 quippe
1677 4761 1777 4815 magna
1794 4755 1851 4796 erse

229 4816 283 4870 hoc
307 4822 359 4878 est,
381 4815 533 4870 vindictam
548 4816 694 4887 sanguinis
709 4817 855 4870 sustineat.
872 4816 907 4870 Et
926 4818 1030 4874 idcirco
1071 4826 1212 4890 emittunt,
1227 4826 1340 4896 quando
1351 4826 1446 4898 impiis
1460 4834 1600 4884 terrorem
1613 4831 1704 4886 divini
1714 4832 1850 4903 judiciian·

228 4902 387 4958 laudandus
406 4909 459 4970 est,
476 4905 524 4973 qui
544 4904 601 4958 sivo
620 4910 735 4975 propter
750 4906 926 4976 uoluptatum
940 4907 1031 4962 illece·
1071 4913 1214 4967 nuntiant.
1228 4914 1332 4968 Omnes
1346 4914 1450 4986 itaque,
1462 4916 1490 4970 id
1506 4922 1549 4971 est
1563 4920 1763 4988 praedicatores
1772 4926 1796 4974 et
1806 4916 1851 4971 sub

229 4990 306 5059 bras,
325 5008 375 5046 seu
399 4997 515 5062 propter
537 4992 683 5061 sanguinis
707 4993 880 5061 allusionem,
900 5012 957 5049 non
976 4997 1030 5052 nisi
1071 5001 1122 5055 diti
1140 5001 1283 5057 auditores
1301 5002 1420 5057 invicem
1440 5020 1469 5058 se
1488 5004 1636 5061 hortantes
1656 5008 1753 5063 dicunt
1772 5027 1778 5059 :
1795 5007 1851 5060 ,tlte-

125 5128 128 5133 ,
227 5080 1030 5157 justereprobosdamnat,seucondemnathmenquippe
1072 5091 1143 5155 laia,
1158 5088 1186 5142 id
1201 5091 1376 5159 est,lau„datc
1389 5093 1738 5161 Daremma-Quoniam
1751 5093 1850 5163 manarit

228 5174 433 5239 interpretatur
447 5185 568 5233 veruna:
583 5169 714 5233 Alleluia,
734 5172 844 5224 landate
862 5173 1025 5233 [lovennam.
1070 5177 1206 5231 lloonnas
1215 5179 1285 5234 Deus
1297 5184 1389 5233 elostat·
1399 5184 1578 5249 omraipotens.
1587 5185 1629 5238 Ac
1637 5185 1662 5238 si
1675 5184 1851 5240 dicerene

230 5253 300 5310 Cum
316 5263 411 5310 autem
426 5257 545 5312 thronus
557 5262 586 5312 et
598 5257 696 5327 viginti
710 5263 831 5327 quatuor
842 5260 966 5314 seniores
977 5279 1033 5318 una
1073 5263 1154 5317 nobis
1177 5265 1379 5321 collaudandus
1404 5275 1456 5335 est,
1471 5271 1610 5339 quoniam
1636 5274 1713 5328 sicut
1736 5273 1769 5326 ab
1789 5267 1850 5324 initio

229 5343 267 5397 sit
286 5342 418 5409 Ecclesia,
432 5344 616 5414 distinguitur
629 5345 679 5411 ita,
696 5346 761 5416 quia
776 5352 804 5400 et
816 5348 988 5417 generaliter
1011 5366 1029 5403 a
1069 5352 1167 5406 mundi
1183 5354 1311 5424 regnavit
1327 5355 1356 5409 in
1380 5355 1460 5410 nobis
1482 5358 1624 5425 diabolus,
1641 5362 1684 5416 sic
1702 5362 1737 5416 ab
1754 5361 1849 5415 adventu

229 5432 351 5498 Christo,
367 5435 484 5486 utunus
503 5434 631 5498 thronus,
648 5441 677 5488 et
699 5435 859 5505 specialiter
879 5436 908 5490 in
927 5438 1028 5508 quibus
1068 5442 1472 5513 suoregnaritipsechristus,
1487 5453 1577 5502 etnos
1588 5447 1848 5520 quieramusdudun

229 5520 288 5576 suis
307 5520 538 5578 eminentioribus
555 5522 690 5577 membris
709 5524 827 5594 mystice
845 5527 925 5583 sedet
942 5544 1028 5600 super
1068 5544 1187 5600 regnum
1200 5529 1316 5599 diaboli,
1330 5533 1476 5590 transtulit
1497 5534 1532 5590 in
1554 5552 1680 5608 regnum
1695 5538 1848 5611 gloriarm
