3818 6104
303 281 495 341 exeosrno
515 284 652 343 marr.
674 287 702 342 s.
723 285 841 343 eamr.
864 316 896 328 -
916 252 1200 344 mansuum
1220 283 1302 340 coa.
1573 275 1653 370 soe!

112 409 178 465 nolo
191 409 348 481 gloriari,et
360 409 592 466 dimittoomuem
602 411 722 482 gratiam
733 410 939 472 mi·Adiamus
953 412 1018 483 quid
1030 412 1055 466 ei
1070 411 1171 466 dixerit
1184 409 1328 474 Dominus,
1345 408 1402 462 sive
1416 423 1467 478 per
1480 405 1623 476 angelum,

109 515 203 566 assam,
219 516 255 554 ne
270 499 332 570 quis
344 504 423 568 putet
438 516 483 554 me
503 500 649 554 meliorem
663 499 786 555 sanctio-
827 499 884 554 sire
894 498 923 553 in
938 499 1031 563 corde,
1044 504 1094 555 aut
1106 499 1162 554 alia
1176 498 1354 553 revelatione.
1371 496 1481 564 Sufficit
1496 495 1547 548 tibi
1561 509 1626 561 pra-

117 604 178 644 esse
192 605 277 660 supra
296 589 324 642 id
339 588 414 659 quod
430 588 503 644 ridet
517 589 547 644 in
560 606 623 644 moa
637 605 785 644 conversa·
827 591 868 643 tic
883 605 952 643 racc.
961 588 1058 644 Gratia
1070 588 1232 642 istoinloco
1244 586 1413 658 intelligitur
1426 583 1562 656 quidquid
1577 582 1625 636 do·

109 683 157 733 aut
171 695 257 749 supra
272 678 299 731 id
311 677 386 749 quod
402 678 527 732 audites
545 696 590 732 me
605 678 640 732 ab
655 679 726 732 aliis.
828 695 928 733 norum
941 679 1030 749 gratis
1043 678 1140 732 dantum
1164 682 1207 731 est
1233 677 1359 748 apostolo
1376 674 1472 739 Paulo,
1495 672 1625 727 videlicet

117 768 282 833 maqrritedo
293 768 788 833 revetationameatottutrnasubau·
828 767 901 840 quod
917 767 951 822 de
975 769 1043 822 coelo
1059 772 1171 822 vocatus
1187 771 1239 833 est,
1255 766 1328 838 quod
1345 766 1429 819 fidem
1457 763 1566 835 accepit
1592 766 1625 815 ut

109 855 249 928 perbiam,
260 858 342 911 rfatres
353 858 787 927 estruiti,aDomino,stiruulus
828 857 964 923 crederet,
990 857 1064 928 quod
1080 857 1274 910 remissionem
1290 855 1416 909 omnium
1442 858 1624 923 peccatorum

109 948 294 1013 aea,‹raqelus
309 947 420 1001 Setaea
431 949 481 1015 qui
497 963 538 1000 me
548 948 707 1015 colaphizet.
718 947 786 1012 Qui·
828 947 857 1001 in
876 945 1044 1018 baptismate
1059 946 1195 1017 percepit,
1208 944 1281 1016 quod
1297 943 1332 997 ad
1345 943 1466 1014 gratiam
1481 941 1623 1013 apostola-

109 1040 164 1089 uut
173 1036 336 1106 Apostolum
346 1035 442 1089 dolore
452 1035 551 1107 capitis
559 1036 710 1105 laborasse,
724 1038 786 1108 qui·
828 1042 874 1091 tus
885 1040 914 1090 et
928 1035 1153 1107 predicationem
1169 1033 1296 1104 gentium
1310 1033 1415 1087 electus
1429 1038 1481 1096 est,
1492 1029 1567 1102 quod
1581 1045 1624 1082 sa·

109 1121 205 1177 iabolo
218 1124 253 1178 de
272 1124 373 1178 ardore
388 1124 511 1179 libidinis
525 1125 630 1180 tentari
645 1129 673 1179 et
687 1125 785 1196 afiligi,
827 1124 963 1196 pientiam
977 1140 1034 1195 praa
1049 1121 1180 1176 omnibus
1194 1121 1327 1192 apostolis
1342 1138 1359 1174 a
1376 1121 1434 1175 Deo
1445 1120 1577 1190 percepit,
1596 1122 1625 1170 et

109 1212 167 1268 rius
181 1218 234 1268 est.
248 1212 291 1268 Ne
306 1230 373 1284 ergo
383 1214 412 1268 in
427 1213 565 1286 superbire
576 1219 717 1269 tumorem
737 1232 784 1269 ex·
826 1213 900 1285 quod
910 1213 945 1267 ad
956 1211 1075 1267 visiones
1088 1217 1116 1266 et
1131 1210 1316 1265 revelationes
1331 1209 1442 1265 Domini
1457 1208 1492 1262 ad
1507 1207 1624 1261 tertium

109 1300 472 1372 lr,permissusesttenta1·i
487 1301 626 1356 adiabolo
637 1303 672 1357 de
684 1302 785 1357 ardore
825 1302 927 1357 coelum
937 1305 1036 1373 raptus
1049 1306 1102 1367 est,
1117 1316 1226 1354 necnon
1237 1299 1311 1370 quod
1321 1297 1404 1352 rerba
1414 1295 1566 1351 ineffabilia
1575 1311 1624 1350 au·

109 1408 123 1460 r,
138 1406 223 1460 quam
239 1390 364 1461 appellat
377 1390 524 1445 stimulum
539 1391 642 1445 carnia.
658 1392 695 1446 Ut
709 1392 785 1445 enim
826 1391 896 1445 divit
909 1390 939 1445 in
951 1390 1092 1463 paradiso,
1108 1390 1143 1443 de
1156 1390 1210 1443 ista
1223 1388 1316 1459 gratia
1329 1387 1398 1441 dixit
1421 1386 1447 1439 ei
1461 1385 1598 1439 Dominus
1616 1402 1621 1435 :

109 1478 239 1546 lectores,
264 1479 395 1534 stimulus
418 1480 530 1551 proprie
543 1480 664 1535 tumoris
678 1484 708 1534 et
721 1480 786 1534 libi·
827 1480 937 1535 Sufficit
951 1479 1004 1534 tibi
1017 1475 1333 1550 gratiamea.1deonoli
1347 1491 1428 1529 orare
1443 1490 1493 1545 pro
1507 1473 1623 1526 stimulo

109 1572 128 1633 t,
144 1567 293 1639 ipsumque
307 1569 452 1623 stimulum
466 1568 558 1623 carnis
573 1586 591 1623 a
605 1585 660 1640 quo
680 1585 785 1641 punge·
826 1570 926 1634 caruis,
940 1568 1090 1623 neforteiu
1099 1567 1259 1639 superbiam
1269 1565 1382 1621 labaris.
1403 1564 1476 1619 al'aru
1486 1565 1577 1616 uirtus
1593 1565 1623 1614 ia

109 1657 338 1727 ‚accendebatuu
348 1663 429 1712 vocat
438 1658 568 1728 angelum
580 1658 699 1724 Satanae,
708 1658 786 1712 idest
828 1661 992 1726 infirmitate
1001 1660 1156 1726 perficitur.
1174 1656 1279 1720 Virtus,
1292 1654 1373 1708 idest
1388 1651 1521 1723 perfectio
1536 1650 1623 1703 virtu-

109 1745 336 1817 idiaboli,quiaa
351 1746 462 1800 diabolo
475 1746 682 1801 immittebatur
695 1747 721 1801 ei
736 1747 785 1801 illa
796 1771 817 1830 B
827 1752 898 1813 tum,
912 1748 940 1801 in
949 1746 1112 1801 infirmitate
1122 1745 1216 1799 earnis
1226 1751 1255 1798 et
1263 1742 1359 1797 labore
1370 1747 1454 1811 atque
1466 1739 1623 1794 tentatione

109 1835 230 1889 „mulatio
244 1836 489 1906 concupiscentiae.
509 1838 546 1890 at
560 1837 784 1907 quandocunque
826 1836 979 1908 perlinitur,
995 1835 1018 1890 si
1033 1836 1095 1906 ipsa
1108 1834 1258 1888 infirmitas
1272 1832 1413 1904 patienter
1422 1829 1587 1889 sustinetur,
1595 1833 1623 1880 et

109 1939 137 1977 us
158 1924 318 1994 patiebatur
330 1925 407 1978 illanr
431 1925 662 1985 stimulationem.
680 1924 784 1981 sciebat
825 1933 921 1980 contra
935 1925 1119 1979 tentationem
1129 1920 1363 1994 concupiscentiae
1381 1919 1499 1972 viriliter
1513 1932 1622 1988 pugua-

116 2010 227 2065 diabolo
242 2011 294 2066 sibi
309 2012 492 2067 immitti.Sed
504 2013 642 2067 Dominus
657 2013 704 2083 qui
720 2030 784 2083 per·
824 2020 880 2069 tur.
894 2016 1018 2068 Libenter
1029 2013 1304 2080 iqittrrqloriaboriu
1317 2008 1529 2075 infirmitatibus
1545 2006 1619 2067 ruris,

109 2106 118 2155 t
145 2116 210 2155 eum
235 2102 413 2173 colaphizari,
442 2101 529 2156 idest
550 2102 785 2172 afssigiettribu-
825 2104 999 2158 atinlrabitet
1013 2105 1045 2155 ia
1057 2104 1194 2154 rireuirtas
1205 2101 1316 2154 Christi.
1330 2098 1482 2167 Postquam
1493 2093 1623 2164 cognorit

111 2191 237 2245 ntatione
258 2191 372 2258 diaboli,
388 2208 424 2245 ne
442 2192 472 2245 in
487 2191 648 2263 superbiam
665 2191 784 2262 erigere·
825 2192 958 2264 prodesse
973 2190 1027 2246 sibi
1054 2189 1128 2262 quod
1144 2206 1243 2243 nocere
1257 2186 1383 2259 putabat,
1399 2197 1621 2255 responsumque

110 2280 248 2335 noscendo
261 2297 340 2334 suam
355 2281 549 2351 fragilitatem,
561 2282 621 2352 ipse
631 2282 727 2352 utique
738 2298 784 2335 cu·
825 2282 931 2352 accepit
945 2298 962 2335 a
975 2281 1095 2336 Domino
1111 2279 1184 2350 quod
1201 2276 1333 2349 perfectio
1355 2275 1417 2328 ritae
1441 2274 1622 2342 omniumque

109 2372 126 2423 rt
139 2385 252 2435 eumue
267 2370 295 2423 iu
311 2370 408 2424 vitium
427 2369 553 2424 libidinis
568 2371 688 2424 caderet-
704 2369 783 2425 Unde
824 2370 960 2425 uirtutum
975 2371 1004 2424 in
1026 2370 1190 2424 infirmitate
1205 2367 1358 2439 perficitur,
1375 2364 1494 2419 libenter
1512 2379 1542 2416 se
1556 2361 1624 2416 dicit

109 2457 180 2529 ‚quia
193 2475 244 2528 per
256 2474 394 2512 venenum
409 2459 527 2529 fugabat
536 2475 684 2514 venenum.
694 2459 783 2513 Vene-
823 2460 951 2532 gloriari,
965 2459 993 2514 id
1009 2466 1052 2513 est
1064 2459 1187 2530 gaudere
1203 2465 1231 2510 et
1240 2455 1328 2510 laetari
1343 2456 1372 2509 iu
1383 2455 1441 2508 suis
1453 2449 1624 2507 infirmitati·

109 2545 194 2601 miset
204 2547 359 2602 tentatione
369 2549 461 2603 carnis
470 2547 629 2619 fugabatab
644 2548 692 2601 illo
703 2564 783 2603 rene·
825 2548 886 2611 bus,
899 2549 927 2603 id
937 2548 1018 2602 estin
1031 2549 1088 2603 suis
1103 2545 1280 2619 passionibus
1294 2561 1362 2615 quas
1377 2559 1428 2613 pro
1441 2541 1553 2596 Christo
1564 2555 1623 2593 sus·

109 2635 294 2690 erbiaeDedit
305 2653 426 2708 namque
441 2639 467 2692 ei
479 2637 783 2692 Dominusantidotum
824 2637 940 2701 tinebat,
959 2636 1033 2691 utin
1051 2653 1083 2690 eo
1098 2636 1263 2705 dignaretur
1272 2632 1400 2686 habitare
1410 2631 1499 2684 virtus
1512 2638 1540 2681 et
1554 2642 1621 2696 gra·

109 2741 135 2792 u,
147 2725 223 2796 quod
239 2726 273 2779 de
287 2733 417 2797 serpente
432 2727 588 2792 conficitur,
608 2727 655 2797 qui
667 2737 784 2781 vocatur
825 2727 874 2792 tia,
888 2726 945 2780 sire
970 2725 1102 2797 perfectio
1117 2724 1243 2777 omnium
1258 2723 1395 2776 donorum
1416 2717 1529 2774 Christi.
1545 2715 1621 2786 Ergo

109 2813 152 2868 ire
165 2814 311 2884 Tyriacus,
324 2832 402 2885 aquo
418 2822 446 2869 et
460 2815 599 2886 tyriacum
612 2815 781 2885 appellatur,
825 2816 889 2887 quia
898 2816 983 2869 aliter
989 2814 1190 2886 perfectionem
1201 2813 1337 2866 virtutum
1348 2811 1513 2863 haberenon
1525 2821 1621 2878 possu-

109 2917 245 2956 reuenum
255 2902 429 2973 aliud.Aquo
440 2902 603 2957 tentabatur
611 2902 645 2956 de
656 2902 781 2968 libidine,
826 2921 899 2969 urus,
912 2904 965 2957 nisi
974 2907 1148 2958 tentamenta
1159 2907 1187 2955 et
1194 2900 1399 2954 oblectamenta
1413 2897 1505 2951 carnis
1513 2895 1620 2967 patien-

109 2989 246 3045 anabatur
261 2990 357 3045 aritio
373 2991 521 3063 superbiae,
538 2991 604 3062 quia
629 3009 646 3045 a
661 2992 783 3046 Domino
824 2997 868 3047 ter
877 2990 1364 3063 sustinuerimus,puguandotamen
1375 2993 1473 3042 contra
1483 2986 1550 3040 vitia
1560 3001 1621 3038 cer·

109 3083 236 3134 itcontra
247 3095 385 3133 reueutuu
395 3078 542 3150 superbiae,
558 3078 720 3133 'antidotum
735 3086 781 3150 ty·
791 3051 914 3136 Otemus
932 3098 996 3135 curu
1010 3081 1154 3151 Apostolo,
1174 3087 1207 3134 ut
1221 3079 1249 3133 iu
1269 3078 1349 3132 nobis
1363 3077 1471 3132 habitet
1490 3076 1579 3130 virtus
1592 3078 1621 3129 et

118 3169 194 3240 quod
218 3173 361 3238 gustatum
389 3184 526 3222 uenenum
546 3167 634 3239 pellit.
662 3168 781 3223 Erudire
821 3171 914 3240 gratia
926 3171 1064 3226 donorum
1079 3170 1193 3236 Christi,
1211 3169 1372 3240 pariterque
1386 3184 1449 3221 cum
1471 3166 1520 3221 illo
1540 3179 1621 3220 coro-

109 3258 197 3312 roleus
212 3257 348 3311 Dominus
363 3257 465 3311 electos
476 3273 551 3322 suos,
564 3257 739 3311 etcustodire
751 3257 781 3311 in
822 3277 924 3315 namur
938 3261 968 3315 iu
981 3260 1088 3314 coelesti
1103 3277 1199 3330 regno.

109 3347 285 3401 iterirtutum
298 3346 437 3416 permittit
447 3346 605 3400 eosteutari
614 3363 697 3418 saepe,
710 3346 782 3402 sicut
858 3352 971 3419 Propter
985 3352 1066 3419 qaod,
1082 3349 1216 3403 subaudis
1230 3354 1263 3402 ut
1273 3347 1413 3402 inhabitet
1426 3346 1455 3400 in
1471 3362 1515 3401 me
1531 3344 1619 3398 virtus

109 3451 128 3489 u
138 3436 352 3507 predicatorem
367 3435 505 3490 adiabolo
520 3436 650 3507 permisit
664 3436 778 3497 tentari,
823 3439 946 3508 Christo,
958 3443 1050 3508 placeo
1065 3440 1135 3493 mibi
1150 3442 1180 3493 iu
1196 3438 1410 3505 infirmitatibus
1425 3439 1501 3500 rucis,
1515 3450 1571 3488 uon
1586 3433 1616 3487 in

109 3524 229 3579 titudine
244 3525 447 3579 revelationum
459 3525 554 3579 extolli
564 3526 703 3597 potuisset
719 3542 724 3578 :
741 3525 781 3597 ip·
821 3528 1007 3600 prosperitate
1017 3534 1045 3582 et
1054 3528 1159 3582 divitiis
1171 3528 1254 3596 hujus
1265 3523 1425 3584 saeculised
1440 3527 1471 3577 ia
1482 3528 1620 3578 cordema-

116 3614 301 3669 tentationem
316 3613 355 3668 sic
366 3614 498 3686 disponit,
511 3614 600 3684 utqui
612 3615 677 3669 elati
689 3615 780 3686 perire
822 3621 878 3676 tiis,
896 3617 923 3670 id
939 3621 982 3670 est
993 3615 1230 3687 flagellationibus
1240 3616 1283 3667 rel
1293 3612 1458 3685 opprobriis,
1467 3627 1523 3665 non
1532 3610 1562 3662 in
1571 3610 1621 3663 ho·

109 3704 156 3759 tin
172 3704 340 3758 humilitatis
353 3703 442 3773 gradu
457 3704 651 3770 consistentes,
663 3720 681 3757 a
690 3704 781 3775 perdi·
822 3704 937 3760 neribus
948 3703 1051 3768 sarculi,
1069 3704 1118 3758 sed
1133 3707 1164 3757 in
1180 3703 1392 3763 necessitutibus,
1411 3716 1467 3754 non
1482 3699 1513 3753 in
1528 3698 1618 3770 epulis

109 3793 326 3865 precipitatione
337 3798 492 3850 serventur.
503 3790 780 3865 Quaproptersiquis
821 3794 864 3848 vel
874 3794 941 3858 otio,
951 3793 999 3847 sed
1009 3792 1382 3862 asperseratr'onibes,u0nin
1390 3788 1616 3855 salutationibus,

109 3898 167 3937 uem
180 3883 302 3953 aliquam
322 3882 452 3948 sustinet,
464 3898 519 3935 non
536 3880 619 3936 debet
632 3882 780 3954 desperare
822 3883 870 3938 sed
884 3886 915 3937 in
926 3885 1076 3951 aitqustiis,
1092 3899 1149 3936 non
1164 3883 1192 3936 in
1204 3883 1342 3952 jactantia
1364 3879 1502 3945 elationis,
1519 3885 1547 3933 et
1565 3879 1618 3932 hoc

109 3972 216 4037 aDcere,
233 3972 282 4025 sed
297 3988 360 4025 eum
375 3971 426 4025 Dei
441 3971 580 4040 adjutorio
594 3972 780 4026 decertarent
819 3988 870 4042 pro
877 3973 984 4027 Christo
991 3972 1093 4042 patior,
1101 3987 1216 4042 nonpro
1229 3970 1323 4041 aliquo
1336 3968 1535 4024 criminalium·
1542 3971 1617 4021 enirn

821 4059 1101 4128 r'rtfir·mor,subaudis
1116 4060 1144 4113 iu
1160 4075 1285 4131 corpore,
1297 4064 1363 4113 tanc
1376 4055 1619 4127 potenssurn,sub·

109 4164 132 4203 rr
144 4151 226 4219 quod,
242 4149 377 4203 subaudis
395 4149 629 4220 impedimentum
643 4149 776 4211 libidinis,
820 4149 902 4204 audis
912 4149 941 4203 in
953 4149 1055 4203 anima.
1067 4148 1147 4204 Unde
1157 4165 1222 4203 earo
1232 4148 1374 4212 atteritur,
1384 4145 1529 4217 affligitur,
1539 4145 1617 4200 etin·

109 4241 184 4293 inurn
196 4243 291 4306 requei
303 4244 331 4291 ut
341 4240 487 4292 dr'scccteret
497 4256 514 4293 e
524 4256 565 4293 rna
580 4239 780 4294 stimuluscar·
820 4241 960 4302 firmatur,
980 4238 1046 4292 inde
1061 4239 1156 4293 anima
1168 4239 1317 4293 roboratur
1331 4243 1359 4292 et
1374 4238 1482 4293 erescit.

109 4328 240 4398 iangelus
257 4328 376 4381 Satanae.
394 4327 486 4391 Quaeri
501 4328 691 4398 potestistoin
706 4328 813 4435 loco,D
859 4329 1030 4382 factitatum
1047 4331 1192 4397 insipieus,
1202 4327 1337 4383 subaudis
1352 4345 1413 4382 mea
1423 4325 1618 4382 meritaetriru

109 4416 193 4472 uinus
208 4417 282 4472 dicat
303 4433 353 4487 per
368 4417 534 4487 prophetam
560 4419 624 4483 (Ire.
644 4423 718 4478 auu)
744 4416 779 4471 de
822 4421 897 4471 tutes
913 4415 1259 4487 propriasnarrando,sad
1272 4424 1366 4472 tamen
1382 4434 1426 4471 uos
1440 4433 1483 4470 mc
1497 4416 1619 4483 coepistis

109 4506 209 4561 ¹electo
223 4525 228 4559 :
240 4507 338 4562 lldlruc
346 4512 373 4561 ta
384 4507 523 4560 clamante
534 4506 624 4560 dicam
638 4507 721 4561 :Ecce
734 4506 781 4560 ad·
822 4507 856 4560 ad
872 4505 933 4570 hoc,
951 4522 1021 4578 quos
1030 4505 1065 4559 ab
1073 4524 1168 4561 amore
1178 4508 1312 4563 falsorum
1323 4505 1556 4579 apostolorumad
1567 4521 1618 4559 no-

118 4594 147 4650 in
164 4596 314 4666 Evangelio
332 4598 419 4662 (laert.
431 4603 488 4661 xiv)
506 4613 512 4647 :
536 4593 636 4650 Ornata
650 4612 779 4664 queritu—
820 4603 910 4650 strum
922 4595 1333 4669 voluireducere.lucipieutem
1344 4595 1509 4657 sedicit,sed
1521 4594 1617 4663 utique

109 4687 181 4738 tritis
196 4688 228 4737 ira
244 4686 357 4737 nomiae
381 4701 437 4737 areo
452 4687 497 4751 fiet
515 4685 598 4749 cobr's,
620 4700 706 4755 quare
721 4682 778 4737 exi·
820 4702 876 4740 non
891 4692 934 4740 est
949 4685 1166 4757 iusipiens.quia
1181 4703 1245 4739 rera
1259 4687 1367 4740 locutus
1377 4689 1435 4737 est:
1452 4686 1481 4736 et
1494 4682 1617 4752 licetpro

109 4771 661 4838 rotulorum,oransliberariateutatioue
675 4771 779 4826 diaboli
821 4775 912 4830 salute
927 4776 1047 4831 aliorum
1059 4783 1170 4830 coactus
1181 4776 1617 4839 suasvirtutesnarraret,tamen

109 4860 211 4916 latione
221 4861 325 4925 carnis,
336 4878 392 4915 non
405 4862 442 4915 sit
452 4861 616 4915 exauditus?
626 4861 680 4916 Sed
692 4862 780 4914 scien·
821 4863 855 4917 de
870 4864 1039 4920 humilitatis
1051 4865 1143 4935 gradu
1155 4880 1210 4917 neu
1225 4862 1334 4917 cecidit.
1348 4864 1402 4929 qu
1416 4864 1492 4915 enim
1504 4863 1586 4916 debui
1599 4878 1617 4915 a

109 4992 117 5013 ,
132 4951 199 5022 quia
210 4951 273 5004 ideo
283 4967 339 5004 non
354 4954 397 5010 est
412 4951 568 5014 exauditus
585 4951 650 5020 quia
663 4967 719 5004 non
733 4968 780 5022 pe·
820 4955 892 5008 uobis
905 4956 1102 5018 caramendari,
1115 4953 1143 5006 id
1155 4961 1197 5006 est
1206 4951 1315 5006 laudari
1328 4970 1333 5004 :
1345 4953 1423 5006 Nihil
1433 4954 1509 5007 enim
1522 4954 1617 5006 urinas

115 5039 229 5093 nomine
240 5039 315 5102 Jesu,
332 5039 360 5092 id
376 5039 501 5110 estquod
513 5038 548 5092 ad
564 5039 683 5093 salutem
697 5056 777 5094 suam
819 5045 865 5111 sui
878 5044 907 5098 in
921 5043 1129 5115 praedicatione,
1146 5041 1175 5095 in
1185 5040 1288 5095 virtute
1303 5040 1514 5107 miraculorum,
1530 5044 1565 5097 ab
1575 5042 1617 5097 bis

110 5133 147 5183 at.
157 5127 305 5183 Nesciebat
315 5128 389 5181 enim
405 5134 499 5199 petere
516 5144 566 5199 pro
585 5146 616 5183 se
630 5129 704 5200 quod
726 5129 778 5183 sibi
820 5137 870 5202 qai
884 5138 948 5186 sarit
963 5149 1049 5201 supra
1064 5132 1177 5184 raedam
1191 5133 1317 5199 apostoli,
1334 5131 1362 5184 id
1376 5136 1446 5186 asta
1463 5132 1556 5200 Petro,
1573 5132 1619 5187 la·

109 5224 134 5286 it,
144 5218 297 5273 sicutalias
309 5217 456 5289 ipsedicit:
470 5219 539 5272 lt'uu:
550 5220 733 5286 quateremur
744 5222 780 5272 si·
820 5221 887 5275 eobo
901 5226 929 5274 et
943 5220 1004 5274 aliis
1019 5219 1269 5290 praedecessoribus
1285 5221 1364 5285 meis,
1382 5221 1430 5294 qui
1444 5239 1461 5276 a
1477 5222 1547 5277 meis
1566 5221 1616 5276 de-

109 5312 141 5362 let
156 5311 293 5361 nescimus
310 5309 392 5373 (Detur.
403 5311 471 5373 rur).
482 5306 511 5361 Si
523 5324 590 5376 ergo
605 5312 679 5361 esset
694 5323 778 5361 exau-
820 5309 1219 5381 tractoribusdicuutursupm
1229 5311 1342 5365 modum
1352 5310 1617 5381 meumessemagni

109 5395 161 5452 tab
175 5397 223 5450 illo
235 5396 378 5450 recederet
393 5396 511 5451 tentatio
527 5395 780 5466 diaboliconcupi·
822 5397 949 5470 apostoli.
975 5399 1091 5451 Tametsi
1104 5399 1179 5453 nibil
1193 5416 1267 5464 rara,
1287 5401 1316 5455 id
1339 5407 1381 5456 est
1396 5401 1522 5473 quamvis
1545 5397 1616 5452 ulbil

110 5501 145 5541 ue
160 5487 255 5541 carnis
266 5491 377 5558 poterat
390 5485 501 5539 evenire
521 5490 552 5538 ut
567 5485 621 5539 cito
638 5486 667 5539 in
681 5501 780 5557 super·
822 5487 874 5540 sim
887 5485 1096 5556 compaurtione
1110 5487 1233 5556 illorum,
1247 5493 1327 5558 siqua
1343 5497 1434 5544 turnare
1448 5488 1614 5556 apostolatus

109 5575 261 5634 tolleretur.
269 5576 305 5631 Et
317 5591 353 5632 ue
367 5574 487 5632 nimium
501 5574 725 5645 contristaretur,
733 5590 782 5630 au·
823 5577 889 5644 mei,
899 5574 979 5631 idest
988 5575 1135 5648 miracula,
1145 5579 1221 5646 suctu
1231 5584 1323 5637 sunta
1336 5595 1382 5634 me
1396 5591 1479 5648 seper
1488 5590 1542 5641 uos,
1558 5571 1615 5626 sire
