3818 6104
130 298 183 359 155
359 299 807 360 miuomsuausausmu.
821 304 932 362 EPISO.
951 302 1031 360 OPP.
1052 303 1145 359 PARS
1155 302 1180 357 1.
1195 331 1229 343 -
1245 300 1433 357 GOMMENT.
1447 299 1540 356 BIBL.
1719 268 1773 354 156

127 423 245 494 augelus
259 423 397 495 apparuit,
412 429 441 478 et
452 431 551 480 natura
567 428 807 489 Deumnuatiavit,
818 430 953 501 quiqueA
965 427 1191 500 populasductus
1201 427 1230 479 in
1240 425 1439 494 captivitatem.¹
1451 429 1516 495 post
1524 421 1707 493 septuaginta
1720 432 1771 476 aa·

129 509 233 565 ibidsat
256 511 453 566 venerabiliter
476 514 580 568 conditi
602 517 790 586 requiescunt.
815 519 927 572 Turrim
969 532 1020 569 nos
1035 515 1087 569 sub
1099 516 1166 569 lesu
1180 521 1209 568 et
1222 512 1374 568 Zorobabel
1387 519 1416 566 et
1426 512 1515 566 Esdru
1530 511 1667 565 liberatus
1680 515 1722 564 cst
1743 514 1769 564 et

129 605 225 655 sutem
235 600 403 656 nebulosam
417 603 495 664 dicit,
510 611 624 675 propter
640 605 838 662 obscuritatem
864 624 928 679 my·
969 621 1106 659 reversus.
1120 602 1265 657 Moraliter
1277 601 1372 655 aalma
1384 588 1499 672 propter
1519 607 1665 671 peccatum
1682 599 1716 652 de
1734 598 1770 652 ci·

129 689 280 745 steriamm
295 691 459 756 coelestiam,
474 692 928 763 quemirevelatasuntl’otestas
969 694 1064 757 vitate,
1089 691 1126 760 (id
1146 697 1190 746 est
1208 690 1342 758 Ecclesia)
1364 689 1580 761 pulsabamus
1601 687 1716 743 inimico
1742 687 1770 741 in

130 779 463 850 sumpsissem
474 783 928 855 sumsrrgeticmquastlurisiu
968 781 1116 836 interitum
1131 779 1233 844 carnis,
1244 777 1362 848 jubetur
1375 777 1520 831 veniread
1542 776 1726 848 Babylonem,
1741 775 1771 830 id

131 867 329 933 accinctius,
344 887 357 922 o
375 869 539 924 resultando
551 871 744 937 concinabant,
761 877 791 928 et
803 873 865 944 ipsa
888 881 932 929 est
971 877 1023 936 est,
1035 870 1073 925 ad
1086 868 1280 924 confasionem
1290 866 1422 921 vitiorum
1436 872 1466 931 et
1474 865 1641 936 dejectionis
1656 880 1724 930 sua,
1740 868 1773 918 ut

131 972 251 1027 ragnum
265 957 330 1011 salise
345 957 532 1025 Hierusalem,
545 959 640 1026 idest,
653 970 785 1032 superare
798 962 927 1027 civitatis,
970 965 1120 1030 postquam
1134 957 1248 1028 dignam
1264 955 1353 1026 egerit
1378 953 1583 1025 paenitentiam,
1596 953 1734 1009 liberetur
1754 969 1772 1007 a

130 1044 179 1099 ubi
192 1045 324 1116 angelicae
336 1046 454 1101 virtuoes
474 1050 567 1103 iteam
593 1048 712 1104 sabaoth
737 1052 926 1121 spemlaatur.
971 1047 1132 1119 captivitate
1147 1045 1265 1116 peccati,
1277 1050 1307 1099 et
1316 1059 1428 1099 reversa
1441 1041 1771 1114 adpaternamdomum,

130 1132 287 1203 Allffiorioe
300 1135 388 1189 turris
402 1134 546 1199 nebulosa,
559 1137 641 1207 plebs
651 1144 694 1192 est
707 1139 930 1202 israelitica,sii·e
972 1141 1115 1191 aversatur
1127 1134 1214 1205 recipi
1228 1150 1246 1188 a
1259 1131 1478 1188 clementissimo
1493 1132 1586 1186 Patre.
1602 1129 1659 1185 Sed
1680 1134 1710 1183 et
1731 1144 1774 1183 se·

129 1221 929 1293 templamDeiuSalamoneconstructumiaHierusalem.
971 1226 1212 1282 cundumbeatara
1221 1219 1770 1294 Gregoriumaspecontiagitutsaima,

133 1310 172 1366 lle
185 1311 241 1365 'hac
256 1317 335 1365 tame
345 1312 416 1366 rlioit
429 1313 532 1367 isaias:
545 1314 581 1368 Et
601 1315 748 1370 edificant
773 1319 876 1372 turrira
901 1318 931 1373 in
972 1333 1034 1388 que
1049 1315 1107 1369 silis
1121 1315 1317 1377 Sioavocatur,
1328 1326 1391 1382 quae
1403 1311 1491 1365 Deum
1502 1309 1639 1365 debuerat
1651 1314 1774 1363 contem·

132 1399 226 1453 medio
238 1401 312 1470 eius,
326 1400 418 1466 idest,
432 1401 530 1457 enee
542 1403 608 1458 liae
619 1405 716 1465 turris,
737 1405 766 1460 id
789 1412 833 1461 est
854 1407 932 1477 plebs
974 1404 1055 1477 plari.
1068 1404 1166 1473 aliquo
1179 1400 1318 1472 spirituali
1328 1406 1358 1455 et
1371 1399 1480 1454 occulto
1491 1398 1558 1453 vitio
1569 1397 1656 1465 (verbi
1667 1395 1771 1466 grstia,

133 1487 259 1554 lidum,
275 1489 401 1559 quandiu
414 1489 513 1544 habuit
533 1493 695 1557 maceriam,
715 1493 744 1548 id
763 1497 934 1566 sanugelo·
974 1495 1121 1567 superbiae.
1145 1493 1266 1560 invidie)
1294 1493 1465 1546 devastetur.
1493 1490 1584 1554 Qus·
1612 1488 1774 1545 misericors

133 1577 347 1647 rumprasidia,
362 1584 392 1632 ot
403 1580 537 1646 torcular,
550 1580 633 1635 idest
643 1582 742 1649 altam,
758 1599 810 1639 nec
822 1584 933 1639 diabolo
973 1587 1049 1641 Deus
1070 1596 1273 1653 nonnunquam
1300 1579 1439 1652 permittit
1462 1578 1564 1633 cadere
1590 1577 1620 1632 iu
1644 1582 1774 1648 apertura

137 1665 233 1737 pervia
246 1672 382 1732 arsimus
402 1668 548 1733 nebulosa,
565 1671 724 1726 sedcivitas
746 1672 881 1743 umque
904 1673 933 1728 in
974 1673 1067 1728 carnis
1080 1677 1234 1744 peccatum,
1251 1675 1281 1724 et
1303 1669 1382 1741 quasi
1408 1669 1444 1723 ad
1474 1667 1657 1738 Babylonem,
1679 1666 1708 1719 id
1732 1672 1775 1721 ast

92 1756 102 1771 '
134 1759 230 1808 moute
242 1755 308 1822 (hoc
321 1760 365 1811 est
376 1756 405 1810 in
419 1758 586 1814 celsitudine
600 1759 747 1829 virtutum)
767 1761 822 1815 sits
843 1734 964 1816 lutereB
973 1764 1008 1819 ad
1022 1761 1212 1817 confusionem
1226 1759 1330 1824 venire,
1346 1763 1379 1812 ut
1391 1757 1506 1812 matins
1529 1756 1656 1811 inditate
1684 1754 1776 1825 aperti

133 1856 190 1896 nou
199 1847 320 1915 pomrat.
334 1845 534 1917 Adpostquum
547 1864 578 1903 se
591 1850 728 1919 sanguine
749 1851 859 1905 Domini
878 1850 931 1905 soe·
973 1849 1107 1914 criminis,
1123 1848 1289 1903 liberatura
1301 1845 1465 1917 captivitate
1480 1845 1539 1899 vitii
1553 1843 1678 1899 latentis.

133 1930 220 1997 davit,
236 1932 370 1989 nebulosa
384 1936 551 2007 tesqualida
562 1938 776 2008 appellaturus
786 1940 859 1994 lianc
866 1956 933 2010 per·
1011 1941 1071 1995 «Et
1081 1943 1337 2007 aancoengregstae
1350 1942 1509 2006 suntsuper
1518 1939 1653 2004 tegentes
1667 1932 1774 1999 multae,

133 2020 211 2074 veuit
231 2028 355 2092 potestas
380 2024 482 2093 prima,
499 2025 527 2079 id
550 2031 603 2092 est,
620 2026 749 2080 videlicet
771 2027 868 2092 Filius,
885 2026 934 2099 qui
975 2047 1036 2101 quae
1050 2029 1149 2083 dicunt
1163 2045 1169 2080 :
1185 2025 1347 2092 lapidetur,
1369 2029 1398 2079 et
1411 2022 1529 2094 aspiciat
1546 2021 1577 2076 in
1588 2022 1657 2078 Sion
1676 2020 1775 2076 oculas

134 2108 261 2178 loquitur
273 2110 303 2164 in
312 2111 513 2182 Apocalypsi«
525 2114 582 2183 ligo
596 2124 658 2168 sum
669 2135 685 2166 α
699 2119 727 2169 et
740 2135 772 2179 ω,
784 2115 895 2171 initium
904 2125 934 2173 et
974 2125 1105 2173 nostem
1124 2117 1183 2171 Vos
1198 2114 1356 2186 prophet'ae:
1373 2111 1644 2174 Ollierusalem,cui
1653 2109 1776 2180 pudice

135 2197 210 2264 tisis,
228 2216 241 2251 i
258 2203 286 2252 et
299 2199 348 2269 qui
363 2215 525 2270 erpersona
538 2203 676 2272 assumpti
704 2203 827 2259 hominis
852 2205 930 2269 dicit,
974 2207 1168 2261 imminentem
1182 2202 1383 2275 captivitatem,
1394 2199 1507 2255 interim
1518 2197 1774 2260 doaecillavenist,

136 2287 301 2344 «amiam
313 2289 582 2359 posseditmeiuitio
593 2292 701 2347 viarum
712 2308 857 2348 suarum.»
867 2294 935 2359 Qun
972 2296 1032 2366 J'am
1047 2298 1223 2364 congregate
1235 2297 1303 2346 sunt
1322 2295 1448 2361 superte
1465 2294 1565 2360 gentes
1583 2289 1687 2351 multia,
1714 2303 1777 2361 ques

134 2380 260 2449 poter
273 2383 448 2447 astraguum
465 2379 528 2434 nliae
544 2381 935 2453 Hierusalemllenitergoin
976 2384 1057 2454 quasi
1071 2383 1106 2436 de
1127 2383 1257 2437 adultera
1279 2379 1397 2434 muliere
1424 2379 1580 2449 loquantur
1599 2382 1628 2432 et
1654 2376 1774 2431 dicunt:

135 2465 210 2520 hauc
222 2465 358 2520 muudum
373 2473 497 2538 potestas
507 2470 608 2539 prims,
624 2476 656 2524 ut
670 2471 935 2527 taceretsecundam
977 2472 1137 2543 lapidetur,
1150 2476 1178 2525 et
1191 2469 1308 2540 aspiciat
1317 2468 1415 2522 oculus
1429 2467 1562 2521 nosteria
1578 2465 1712 2530 Siou‚lvoc
1721 2470 1774 2529 est,

136 2558 313 2625 potestatem.
331 2557 478 2612 Noaenim
494 2564 585 2629 potest
605 2559 659 2614 dici
670 2560 770 2630 primu,
786 2560 837 2615 nisi
847 2561 885 2615 sit
894 2578 936 2616 se·
976 2567 1074 2616 contra
1086 2559 1163 2623 Sion,
1179 2566 1212 2613 ut
1224 2558 1393 2612 insultemus
1411 2561 1440 2610 et
1454 2555 1629 2626 gaudeamus
1645 2553 1675 2608 in
1695 2553 1778 2608 malis

136 2643 237 2698 cunda.
247 2644 323 2699 Fecit
332 2661 399 2714 ergo
409 2645 734 2717 arandampotestatem
743 2648 772 2703 in
782 2648 935 2719 apostolos,
978 2653 1048 2722 ejus.
1067 2647 1296 2704 attractionis:

137 2738 170 2788 ut
182 2732 257 2788 deut
267 2734 471 2804 appellaritars
481 2735 541 2789 luce
553 2735 664 2790 Chrism
672 2737 728 2801 lux,
740 2736 937 2806 etapansvivo
1016 2756 1029 2791 s
1041 2739 1098 2810 lpsi
1112 2744 1208 2792 autem
1219 2752 1276 2790 noa
1286 2738 1478 2806 cognoverunt
1487 2731 1672 2802 cogitationes
1684 2730 1779 2802 Domi-

139 2821 252 2878 Obristo
263 2829 398 2879 vocentur
410 2823 502 2894 paule,
512 2823 599 2879 Paulo
608 2824 720 2880 dicente
733 2847 739 2882 ι
752 2825 939 2896 «Uauspaais
980 2829 1020 2887 ni,
1034 2834 1062 2882 et
1076 2841 1133 2881 aon
1145 2822 1497 2880 intellexeruntcoasilium
1507 2822 1578 2890 eius.
1590 2819 1657 2891 quie
1665 2836 1782 2890 congre·

139 2910 221 2966 multi
232 2920 331 2966 samus
345 2913 374 2967 in
391 2912 513 2980 Christo,
528 2930 543 2967 s
557 2913 596 2967 ita
610 2930 628 2968 a
641 2914 731 2984 prime
742 2920 882 2985 potestate
891 2930 940 2985 po·
979 2919 1057 2990 gavit
1069 2934 1117 2972 eos
1133 2917 1214 2988 quasi
1228 2916 1325 2970 tenum
1351 2929 1433 2967 areu.
1452 2931 1463 2964 v
1480 2912 1533 2976 Qui
1554 2910 1618 2965 idea
1632 2909 1699 2966 fecit
1717 2911 1782 2965 illas

139 3002 265 3054 tesia-let
276 3017 396 3070 regnum
406 3008 540 3056 V0⁰0¹¹i1¹r
948 3006 1157 3086 ceongregeri,
1172 3010 1246 3060 utta
1261 3005 1324 3058 illas
1337 3008 1466 3058 conteras
1481 2999 1562 3072 quasi
1574 3001 1671 3055 lenam
1686 3007 1717 3054 et
1729 3000 1780 3055 sti·-

174 3088 383 3158 sNunaquars
392 3091 710 3147 moevorecoatrsherisl
743 3093 937 3164 Cumtinqait)
977 3097 1073 3169 pulum
1086 3111 1168 3150 areas.

139 3174 215 3231 aare
243 3183 361 3231 venturu
387 3177 425 3232 sit
449 3178 542 3251 prima
561 3185 696 3250 potestas,
711 3197 799 3251 quare
818 3193 938 3236 moerore
1016 3185 1130 3255 usurpa
1146 3202 1157 3234 v
1174 3182 1262 3252 igitur
1277 3201 1288 3233 ι
1304 3186 1333 3251 et
1342 3178 1520 3245 triturantia
1531 3179 1606 3238 Sion,
1619 3178 1687 3249 quia
1695 3194 1782 3234 cornu

138 3265 548 3322 ooutmhsrisethumlliarisl
591 3268 724 3340 Nunquid
749 3283 797 3324 rex
815 3287 873 3325 non
895 3276 939 3347 est
977 3281 1058 3330 taam
1069 3270 1782 3346 ponamserrsum,etungulastuasponamrereas,v

137 3354 199 3420 tibi,
215 3355 631 3429 autroasiliariastuuspsriit,
648 3359 714 3429 quis
727 3359 940 3430 comprehendit
979 3364 1033 3418 hoe
1060 3369 1112 3426 est,
1128 3359 1347 3432 insuperabilem
1376 3357 1610 3412 tortitudinem·
1642 3357 1677 3411 llt
1704 3374 1718 3409 a
1742 3356 1784 3411 sic

138 3450 167 3500 te
180 3443 261 3499 dolor
275 3444 346 3499 sicut
371 3444 596 3512 parturientem?
611 3467 622 3497 v
640 3446 844 3517 Interrogando
870 3462 939 3501 coa·
982 3474 994 3505 «
1008 3452 1183 3507 comminues
1196 3450 1314 3521 populos
1327 3448 1440 3507 multos.
1454 3452 1483 3501 et
1494 3447 1648 3500 interficies
1662 3446 1783 3500 Domino

137 3534 233 3589 firmat
244 3535 320 3604 juste
335 3551 397 3588 euru
408 3535 504 3589 dolere
517 3542 547 3589 et
559 3551 687 3599 morere,
714 3536 781 3606 quis
806 3553 854 3591 rex
876 3538 939 3607 ejus
980 3541 1093 3611 rapinas
1106 3555 1213 3604 eorum,
1229 3546 1257 3593 et
1269 3536 1464 3591 tortitudinem
1478 3548 1575 3590 eorum
1589 3534 1711 3589 Domino
1721 3535 1783 3589 ani-

140 3623 279 3689 Ohristus,
291 3624 339 3694 qai
355 3630 385 3678 et
393 3624 570 3679 covasiliarius
581 3631 611 3679 et
624 3625 741 3696 angelus
763 3625 857 3695 magni
870 3640 940 3680 con·
979 3647 1065 3684 versia
1079 3633 1171 3689 terrae,
1188 3645 1202 3680 s
1217 3632 1251 3681 ut
1272 3631 1471 3680 consecrentur
1496 3623 1614 3677 Domino
1642 3623 1702 3676 Deo
1720 3630 1780 3677 tuo.

140 3712 207 3781 silii,
222 3713 356 3783 periitei,
373 3714 426 3768 hoc
439 3719 491 3778 est,
507 3714 656 3773 crucifixus
684 3720 736 3781 est,
765 3714 800 3769 ab
828 3714 894 3781 illis,
910 3720 938 3769 et
978 3712 1591 3771 TalienimsacrillciodelectaturDominus:
1605 3711 1782 3782 euadentem

140 3802 314 3872 quantumin
328 3801 397 3873 ipsis
412 3801 473 3867 tuit,
492 3801 584 3873 periit,
600 3803 690 3875 etqui
708 3804 790 3878 Juxta
812 3804 938 3873 Evange-
980 3821 1066 3861 ctvrau
1080 3798 1149 3859 dicit
1161 3810 1191 3858 et
1211 3804 1341 3874 ungarius,
1358 3801 1564 3872 metaphoricos
1587 3799 1782 3870 accipiendum

78 3890 81 3897 '
138 3889 221 3945 licem
232 3891 395 3962 parabolam
411 3892 550 3947 haeredem
564 3893 885 3964 ejectamextraviacam
895 3909 941 3947 oc·
981 3900 1033 3960 est,
1051 3893 1086 3948 ab
1101 3893 1230 3948 hostibus
1244 3890 1783 3960 triturantibuslloralitercongregau-

139 3979 279 4048 c'tderaat,
293 3980 346 4052 ipsi
362 3997 473 4053 quoquc
496 3981 532 4036 ab
544 3983 667 4037 exercitu
690 3983 816 4038 Rolnam
841 3982 940 4037 vastati
980 3989 1028 4038 tur
1042 3983 1175 4038 adversus
1193 3980 1343 4037 Ecclesiam
1361 3979 1420 4045 Dei,
1435 3979 1631 4033 multitudines
1645 3977 1781 4050 spiritua-

141 4077 217 4128 suat.
233 4072 351 4127 Etsicut
365 4072 525 4142 parturiens
540 4072 665 4127 dolorem
681 4086 737 4126 noa
760 4077 853 4143 potest
867 4072 939 4127 ella·
979 4072 1048 4127 lium
1063 4072 1262 4142 nequitiarum,
1277 4075 1306 4123 et
1334 4068 1471 4122 insultant
1499 4072 1584 4136 etque
1609 4064 1784 4136 exprobrant

139 4160 263 4230 germaio
276 4160 325 4214 ille
338 4162 458 4230 populus
470 4161 621 4215 imminens
634 4161 791 4233 periculum
805 4167 834 4217 et
846 4168 939 4216 vaste·
980 4177 1062 4215 neces
1074 4160 1197 4214 filioram
1217 4160 1287 4231 ejus,
1312 4157 1469 4212 nescientes
1490 4154 1639 4209 consiliam
1669 4153 1782 4208 Domini

140 4247 247 4302 tionem
261 4263 319 4302 aon
333 4248 426 4318 potuit
439 4248 590 4303 declinare.
979 4265 1032 4304 nec
1045 4249 1227 4319 cogitationes
1242 4249 1314 4318 ejas,
1331 4247 1397 4317 quia
1407 4246 1442 4300 ad
1455 4243 1703 4314 hucpermittiteis
1714 4256 1782 4313 pru·

178 4353 192 4389 s
207 4335 276 4390 Dolo
290 4341 320 4389 et
330 4341 436 4406 satage,
453 4335 512 4389 tilia
522 4336 597 4401 Sion,
609 4337 688 4407 quasi
701 4337 1073 4437 parturiensquistalere
1086 4337 1122 4391 ad
1141 4343 1263 4408 tempus,
1279 4341 1312 4390 ut
1325 4342 1354 4391 et
1365 4336 1478 4389 illorum
1494 4332 1632 4405 patientia
1646 4339 1780 4386 ceraune-

140 4438 216 4479 nuac
229 4423 382 4495 egredieris
395 4423 431 4478 de
445 4425 566 4489 civitate,
579 4431 607 4480 st
622 4425 762 4480 habitabis
770 4426 799 4482 in
814 4427 936 4497 regione,
980 4431 1068 4489 retur,
1084 4431 1114 4480 et
1128 4426 1228 4479 horum
1254 4424 1362 4479 malitia
1385 4423 1528 4495 puniatur.
1545 4424 1707 4492 Congregat
1734 4436 1783 4474 eos

141 4512 274 4569 etveaies
292 4529 381 4585 usque
400 4513 435 4568 ed
451 4513 639 4585 Babylonem:
656 4514 693 4569 ibi
709 4515 884 4583 liberaberis,
900 4517 938 4572 ibi
982 4514 1124 4578 Dominus,
1141 4519 1172 4567 at
1185 4519 1378 4578 conterantur,
1395 4518 1424 4567 et
1443 4527 1541 4567 eorum
1562 4512 1643 4581 j'usta
1665 4511 1783 4564 damas·

140 4602 262 4659 redimet
275 4601 451 4657 toDomiaus
468 4601 935 4660 demauuinimicorumtuorum.v
978 4604 1018 4658 tio
1045 4603 1173 4674 proficiat
1198 4604 1227 4657 in
1250 4604 1363 4657 laudem
1393 4600 1544 4666 Creatoris,
1561 4605 1590 4653 et
1618 4599 1725 4669 rapitiae
1750 4614 1783 4652 ac

140 4691 305 4764 Prreoipitur
318 4693 384 4749 lilioe
398 4693 475 4760 Sion,
490 4692 517 4747 id
534 4697 587 4755 est,
605 4708 679 4763 saepe
700 4692 783 4748 dictae
808 4693 890 4764 plebi,
907 4699 939 4750 ut
979 4691 1113 4747 fortitudo
1142 4708 1240 4747 eoram
1267 4691 1297 4746 in
1326 4690 1494 4754 sacrificium
1521 4688 1642 4744 Domino
1670 4696 1784 4743 conver-

141 4780 235 4836 dolest
247 4788 277 4837 et
288 4783 451 4854 egrediatur
464 4783 499 4837 de
511 4782 633 4844 civitate,
642 4792 670 4837 at
684 4781 793 4837 habitet
805 4783 835 4837 ia
849 4784 939 4854 regio·
978 4787 1084 4836 masur.

139 4883 186 4933 ae,
200 4869 267 4940 quie
282 4871 332 4925 Dei
346 4876 390 4926 est
401 4872 542 4926 sententia
550 4876 582 4926 ut
590 4877 690 4943 pergat
698 4871 727 4926 in
735 4871 937 4943 captivitatem,
1294 4869 1415 4924 CAPUT
1433 4869 1467 4923 V.

141 4972 192 5010 aec
206 4963 300 5026 potest
312 4960 417 5014 mutari
433 4960 570 5031 judicium
585 4962 654 5031 ejus.
671 4960 803 5016 Morietur
817 4978 883 5032 ergo
908 4967 939 5017 ut
1017 4981 1029 5014 ι
1047 4963 1127 5017 Nunc
1140 4959 1303 5021 vastaberis,
1322 4959 1380 5013 tilia
1395 4957 1529 5012 latronis:
1546 4955 1723 5011 obsidionem
1736 4971 1784 5026 po·

139 5044 280 5115 patienter
293 5047 440 5113 sustineat,
452 5054 480 5103 et
493 5060 582 5120 usquc
597 5050 633 5105 ad
647 5049 821 5123 Babylonem
836 5051 938 5117 teniat,
981 5055 1099 5106 suerunt
1113 5067 1198 5122 super
1209 5066 1271 5110 nos,
1283 5050 1312 5102 ia
1330 5047 1406 5118 virga
1421 5047 1580 5118 percutient
1588 5045 1730 5099 maxillam
1737 5045 1784 5113 ju·

139 5133 940 5206 scieus'quiusisortiterllagellumsustinueritcitoredi·
980 5141 1049 5195 dicis
1064 5138 1161 5194 Israel.
1186 5137 1401 5193 »Promisersm
1428 5135 1479 5190 tibi
1501 5135 1604 5205 (inquit
1633 5130 1784 5204 propheta)

141 5222 245 5276 menda
258 5222 296 5276 sit
309 5222 344 5277 ds
358 5237 443 5278 manu
458 5224 647 5291 inimicorum,
659 5235 692 5282 ut
702 5229 857 5284 cumiuerit
868 5227 938 5282 libe·
980 5230 1055 5301 quod
1069 5229 1219 5283 triturares
1235 5233 1263 5283 et
1276 5226 1480 5281 comminueres
1493 5240 1590 5279 omnes
1601 5229 1709 5293 gentes,
1721 5237 1784 5293 que

140 5317 214 5379 rats,
229 5310 319 5381 possit
331 5311 437 5365 dicere:
454 5333 464 5362 ι
483 5313 525 5367 Nc
535 5313 638 5368 laeteris
653 5316 767 5371 inimica
781 5333 939 5387 mousuper
980 5319 1126 5373 adversum
1142 5323 1170 5372 te
1182 5321 1357 5386 congregate
1379 5321 1469 5378 erant,
1486 5319 1515 5368 et
1534 5314 1649 5368 allerros
1669 5313 1785 5383 rapinas

141 5399 680 5471 mequiaoecidi,consurgamv;eteam
692 5406 939 5462 PsalmistsisNon
980 5423 1077 5461 eorum
1091 5407 1210 5462 Domino
1223 5407 1279 5460 Deo
1298 5411 1357 5459 tuo.
1374 5404 1428 5459 Sed
1442 5404 1508 5474 quia
1533 5402 1585 5456 hoc
1616 5418 1673 5455 non
1700 5402 1785 5456 modo

141 5488 347 5561 inperpetuum
362 5488 499 5552 irascetur
512 5490 657 5553 Dominus,
667 5495 793 5564 aequeia
803 5500 939 5551 eternum
981 5494 1038 5559 flat,
1056 5495 1105 5549 aed
1125 5510 1188 5549 cum
1203 5493 1348 5565 plenitudo
1365 5493 1493 5563 gentium
1505 5489 1620 5546 intrabit
1629 5491 1659 5545 in
1671 5490 1728 5544 tine
1738 5506 1788 5544 sse-

145 5566 942 5656 comminabitur.»Patetautemjuxtalitteram,quodille
984 5582 1051 5648 culi,
1068 5583 1184 5638 iuterim
1202 5581 1323 5636 vastaris
1346 5580 1520 5652 promeritis
1543 5579 1610 5634 tuis.
1626 5578 1708 5635 Unde
1725 5579 1787 5649 jam
