3818 6104
373 282 565 341 musmo
578 284 620 340 IN
633 280 713 341 BPP.
730 287 760 341 S.
776 284 895 341 pauni.
911 312 947 329 -
961 285 1002 342 IN
1016 282 1127 340 EPIST.
1142 280 1192 337 AD
1207 279 1315 340 llliBR.
1604 276 1659 336 802

116 405 202 461 modo
217 421 298 478 posse
308 407 378 462 fleri.
401 408 436 462 lit
450 409 517 480 quia
537 408 626 473 virtus
645 408 930 481 baptismatisAret:
947 409 1011 465 Nou
1019 407 1133 479 quidem
1143 405 1269 478 quaudiu
1278 406 1401 478 spatium
1412 404 1566 477 poenitendi
1574 402 1660 459 habet

109 508 166 559 uce
197 500 226 549 et
253 496 399 566 sepultura
426 496 530 551 Christi
556 498 676 551 mansne
701 502 821 564 constat,
863 495 1187 568 maledictioniproxima
1197 501 1250 558 est,
1262 494 1311 549 sed
1326 495 1350 548 si
1360 492 1548 566 permanserit
1560 492 1590 546 in
1604 490 1658 569 ini-

109 578 142 637 de
156 582 303 653 subjunxit
319 604 325 640 ι
864 585 972 665 quitate
981 600 1042 649 sua,
1052 582 1237 638 combustioni
1246 582 1344 637 aetemi
1354 581 1483 653 supplicii
1493 576 1657 650 subjacebit.

109 684 182 725 rcum
200 675 389 739 maeifipentes
412 674 589 743 sibimetipsis
606 677 710 730 Filiam
728 677 778 731 liei
798 681 823 731 et
864 674 929 728 llaec
939 673 1014 729 enim
1024 671 1181 727 combustio
1190 687 1248 726 nou
1257 670 1312 725 erit
1326 670 1379 725 uisi
1396 670 1439 725 his
1458 669 1505 741 qui
1523 684 1613 740 usque
1631 667 1660 721 ln

109 758 289 813 uibadentes.
303 760 409 814 Tamen
420 776 476 815 non
491 760 554 816 ideo
564 762 720 832 denegatur
733 763 822 833 pieni·
864 761 949 816 tinem
961 762 1024 816 niter
1035 777 1092 815 suae
1102 758 1309 831 permanserint
1321 757 1351 812 in
1365 757 1486 830 peccatis
1505 756 1580 812 suis:
1594 754 1661 833 quia

109 866 123 911 q
147 846 213 915 quia
236 847 304 901 licet
323 864 378 902 non
402 856 573 904 renoventur
591 852 619 905 in
641 849 821 923 baptismate,
863 851 892 905 in
912 866 1079 922 quacunque
1099 848 1144 904 die
1162 862 1313 902 conversus
1332 846 1418 901 licerit
1439 849 1579 917 peccator,
1605 840 1663 915 vita

109 948 128 986 u
140 928 345 1004 indulgentiam
364 941 460 992 tamen
483 937 615 993 valebunt
627 939 753 1013 accipere
773 957 823 1019 per
863 940 945 1006 vicet,
957 945 986 994 et
998 953 1054 993 uon
1067 937 1213 993 morietur.
1224 936 1376 1006 Postquam
1384 932 1555 989 sufficienter
1569 932 1661 987 incre·

109 1019 696 1096 ssionempeccatorum,perhumilitatem,
707 1044 824 1099 perpoe·
865 1030 940 1102 parit
953 1044 1011 1094 eos,
1027 1026 1130 1081 terruit
1150 1043 1182 1081 ac
1203 1025 1350 1096 percussit,
1366 1023 1535 1079 blandiendo
1557 1023 1661 1078 iterum

109 1107 185 1174 darn,
196 1126 246 1180 per
260 1111 466 1184 eleemosynam
482 1114 506 1168 si
520 1114 641 1169 babetur
653 1116 782 1180 facultas,
795 1123 823 1172 et
864 1116 1018 1188 alloquitur
1028 1132 1085 1177 eos,
1097 1132 1132 1168 ne
1147 1113 1310 1184 desperatas
1334 1112 1480 1179 redderet;
1496 1112 1546 1166 sed
1563 1117 1661 1166 tamm

109 1198 220 1252 riserint
229 1199 364 1254 iratribus
374 1201 403 1255 in
415 1218 445 1255 se
455 1203 643 1273 peccantibus.
656 1205 709 1269 Qui
719 1205 823 1259 iterum
864 1222 957 1279 neque
971 1206 1000 1259 iu
1015 1202 1146 1258 omnibus
1158 1202 1299 1267 adulatur,
1315 1217 1406 1272 neque
1420 1201 1449 1255 in
1457 1199 1587 1255 omnibus
1598 1216 1661 1271 per·

109 1286 161 1340 cari
175 1287 283 1352 volunt,
300 1291 476 1359 quantumin
489 1298 581 1355 seest,
596 1293 739 1347 Christum
756 1311 823 1365 quo·
863 1295 943 1349 cutit.
959 1293 1034 1349 Dicit
1047 1308 1114 1362 ergo
1130 1310 1136 1344 :

109 1381 197 1445 terum
217 1377 380 1448 crueitlgere
401 1380 497 1435 volunt
509 1387 538 1435 et
552 1382 685 1436 derisioni
707 1382 819 1447 habero,
901 1382 1070 1451 decidimus
1078 1381 1209 1434 cartennis
1217 1382 1302 1447 cobis,
1317 1379 1500 1443 dilectissimi,
1512 1381 1628 1432 metiore
1638 1384 1663 1432 et

108 1469 137 1531 st
151 1465 226 1518 euim
241 1464 321 1519 illum
343 1468 467 1522 ostentui
488 1468 602 1523 babere.
620 1470 674 1525 Sed
694 1487 750 1525 nou
771 1488 823 1543 po-
864 1464 1665 1534 m'einiorasaluti,tametsiituloquimar.Quianonhabuit

109 1550 167 1617 leri,
185 1552 318 1622 quoniam
341 1555 413 1609 sicut
436 1556 564 1611 Christus
584 1560 669 1613 semel
694 1564 822 1615 mortuus
864 1559 938 1614 unde
948 1574 997 1613 eos
1006 1558 1042 1611 ad
1052 1572 1175 1628 praesens
1191 1554 1329 1617 laudaret,
1337 1553 1434 1608 laudat
1443 1569 1491 1609 eos
1505 1553 1540 1607 de
1555 1568 1605 1625 spe
1618 1550 1663 1608 t'u·

109 1654 209 1694 icarus
230 1641 259 1695 in
274 1658 366 1708 cruce,
379 1643 459 1699 itaet
472 1661 523 1699 nos
537 1647 625 1701 semel
640 1647 712 1702 mori
725 1664 824 1719 possu-
865 1652 994 1701 turonum
1009 1660 1094 1716 quam
1109 1643 1231 1698 habebat
1244 1644 1278 1697 de
1290 1642 1356 1703 illis,
1372 1642 1452 1713 quasi
1468 1640 1574 1696 diceret
1584 1660 1590 1695 :
1600 1642 1664 1696 Non

109 1726 139 1782 5¹¹
153 1726 323 1799 baptismate
335 1737 459 1801 peccato·
830 1719 985 1789 Bdicimus
998 1735 1051 1788 hoc
1067 1732 1152 1788 veluti
1167 1736 1298 1802 putantes
1315 1747 1363 1785 vos
1385 1728 1474 1803 spinis
1488 1730 1595 1801 plenos,
1613 1730 1663 1784 sed

109 1820 231 1871 reenim
238 1834 424 1891 sapesnperse
434 1825 586 1877 uenientem
596 1825 687 1877 bibens
696 1826 822 1890 imbrem,
865 1823 999 1878 timentes
1013 1839 1048 1877 ne
1068 1821 1141 1876 tales
1156 1819 1327 1875 estleiamini.
1343 1816 1444 1873 Melius
1459 1825 1503 1872 est
1525 1817 1599 1872 enim
1614 1834 1664 1872 ros

109 1919 195 1959 arans
202 1906 701 1980 berbamopportnnamillisequibus
711 1916 823 1981 colitur,
867 1911 957 1967 verbis
966 1911 1077 1975 terreri,
1091 1925 1176 1981 quam
1186 1908 1221 1963 de
1232 1910 1316 1963 rebus
1326 1906 1453 1962 doleatis.
1465 1906 1579 1978 Optima
1590 1921 1664 1977 quae·

109 1996 128 2046 rt
137 1994 349 2049 benedictionem
359 2013 376 2050 a
387 2000 447 2052 lieo.
459 1999 518 2053 Hoc
526 2000 720 2071 paradigmate
731 2003 825 2074 arguit
866 2018 921 2072 que
929 2016 1014 2071 opera
1025 1998 1060 2053 de
1070 1997 1147 2053 uobis
1156 1997 1334 2059 confidimus,
1342 2001 1497 2066 vestraeque
1507 1995 1591 2049 saluti
1600 2009 1664 2065 pro·

109 2096 137 2135 es
163 2081 211 2152 qui
236 2099 309 2154 sape
337 2084 469 2140 biberunt
492 2087 609 2142 imbrem
633 2090 751 2145 caelestis
777 2092 824 2145 do-
865 2088 939 2143 tlcua
955 2106 961 2141 :
979 2087 1108 2159 quamvis
1123 2086 1164 2140 ita
1181 2085 1340 2155 loquamur.
1358 2084 1429 2159 Nam
1445 2084 1520 2154 quod
1533 2083 1663 2154 superius

109 2171 188 2239 e‚sed
199 2175 751 2250 nunquamgerminasrdcibouorumque
760 2196 823 2250 ope·
865 2171 1661 2251 diximusdereprobaterraetcombustionibusproxima,

109 2259 286 2314 ›rotulerunt
300 2263 383 2316 Ponit
393 2268 488 2318 autem
499 2265 622 2336 primurn
638 2268 824 2338 comparatio·
865 2282 921 2320 non
939 2267 975 2321 dc
991 2264 1069 2319 robis
1087 2265 1141 2319 hoc
1164 2263 1296 2327 diximus,
1311 2260 1378 2333 quia
1399 2261 1516 2315 meliora
1530 2260 1565 2314 de
1586 2259 1664 2313 robis

109 2346 136 2401 le
154 2346 228 2402 bona
247 2355 332 2416 terra,
345 2368 378 2404 ac
397 2351 498 2408 deinde
512 2354 546 2408 de
563 2355 646 2408 mala.
662 2356 758 2420 Terra,
779 2357 823 2411 in·
865 2355 1015 2410 credimus.
1029 2353 1152 2408 Reduxit
1165 2367 1276 2422 qnoque
1286 2350 1478 2421 eispraeterita
1490 2348 1565 2403 bona
1579 2364 1665 2420 opera

109 2430 206 2490 bibens
225 2437 355 2502 imbrem,
371 2440 399 2494 id
415 2448 458 2495 est
472 2448 575 2498 sanctae
590 2449 619 2496 et
632 2442 711 2498 bonae
719 2445 824 2499 solun-
865 2444 977 2498 illorum
1000 2445 1030 2510 in
1051 2442 1228 2499 memoriam.
1253 2445 1281 2494 et
1299 2448 1440 2512 qnatenus
1463 2455 1495 2493 cx
1515 2437 1665 2509 praeteritis

110 2524 206 2579 anirna
220 2527 358 2597 accipiens
379 2530 502 2599 gratiam
517 2532 639 2602 Spiritus
653 2533 753 2598 sancti,
769 2535 823 2588 im·
864 2539 959 2604 posset
972 2532 1110 2587 adducere
1123 2531 1159 2586 ad
1172 2530 1246 2585 bona
1257 2514 1383 2601 queque,
1398 2529 1461 2583 ideo
1473 2526 1627 2599 subjunxit:

109 2626 159 2683 que
167 2614 324 2669 divinorum
334 2617 510 2688 eloquiorum
521 2625 550 2673 et
557 2637 697 2690 generans
707 2622 824 2676 herbam
900 2622 961 2677 Non
974 2637 1050 2675 enirn
1066 2623 1187 2688 injustus
1201 2623 1245 2672 est
1258 2619 1338 2680 lieris,
1355 2621 1385 2669 nt
1407 2618 1585 2670 obliuiscetur·
1606 2630 1665 2683 ope-

109 2706 224 2765 tunam,
243 2705 295 2758 lroc
311 2712 354 2759 est
363 2707 481 2761 virtutes
492 2708 591 2774 bonas,
610 2710 749 2780 iidemque
764 2728 825 2782 per·
865 2713 906 2763 ris
918 2712 1002 2763 vestri
1015 2714 1039 2762 et
1054 2709 1219 2763 dilectionis.
1240 2722 1324 2774 qnam
1341 2705 1496 2758 ostendistis
1506 2706 1537 2757 in
1553 2706 1665 2757 nomine

109 2792 284 2862 uprolerens
302 2795 361 2848 suis
376 2796 643 2865 praedicatoribus,a
662 2799 763 2870 quibus
782 2816 827 2853 ex·
867 2800 988 2868 ejusqui
995 2799 1177 2869 ministrastis
1185 2797 1287 2849 sanctis
1296 2799 1322 2847 et
1329 2791 1582 2847 ministratisllcce
1593 2807 1663 2862 quo-

109 2894 140 2949 rr,
149 2879 207 2934 sire
218 2880 383 2954 sibimetipsi
394 2885 493 2957 accipit
519 2885 740 2943 benedictionem
765 2888 827 2944 ritae
867 2888 950 2942 ruodo
963 2887 1097 2941 recreavit
1109 2885 1219 2940 animos
1230 2899 1327 2938 eorum
1339 2888 1368 2937 et
1377 2880 1551 2936 reformarit:
1563 2885 1664 2952 praete-

109 2982 149 3033 ue,
165 2970 208 3022 rel
228 2970 429 3027 abundantiam
453 2974 598 3041 virtutum,
619 2982 649 3031 et
666 2977 752 3031 refert
770 2978 828 3031 sru-
868 2977 922 3031 rita
936 2976 1010 3030 bona
1024 2990 1109 3046 opera
1124 2974 1160 3028 ad
1173 2976 1296 3027 mentem
1311 2985 1443 3025 revocans
1457 2988 1464 3038 3
1476 2970 1543 3041 quia
1558 2969 1588 3023 in
1601 2984 1664 3023 oru-

112 3055 278 3125 tricesimos,
304 3063 501 3132 sexagesimos,
525 3064 685 3137 pariterque
706 3066 857 3130 ecclesi-C
868 3064 1041 3136 nipoteutem
1054 3063 1142 3117 Deum
1158 3060 1259 3115 oblivio
1271 3075 1328 3115 uon
1339 3058 1423 3123 cadit,
1439 3056 1503 3113 ideo
1516 3074 1574 3112 non
1593 3057 1665 3112 obli·

118 3145 196 3200 Nihil
211 3149 285 3201 enim
299 3153 485 3221 opportunius
500 3153 554 3208 fide
569 3154 691 3225 perfecta
701 3154 827 3210 lldelium
869 3154 983 3209 viscitur
994 3168 1113 3224 operum
1123 3156 1152 3204 et
1167 3148 1295 3204 laborum
1311 3147 1436 3203 lldeliurn
1447 3162 1575 3212 suorum,
1596 3144 1666 3199 etin

109 3250 158 3289 um
172 3237 229 3289 vita
243 3239 358 3308 optima.
372 3240 519 3295 Proicrens
530 3258 597 3313 ergo
611 3245 761 3314 Apostolus
776 3245 827 3300 hoe
868 3244 921 3297 hoc
933 3248 974 3296 est
984 3243 1089 3313 justus
1102 3239 1170 3312 quia
1183 3242 1347 3292 remunerat
1358 3237 1462 3290 electos
1484 3251 1550 3289 anos
1571 3249 1621 3304 pro
1635 3249 1666 3289 se

110 3322 188 3394 plum
202 3325 237 3380 de
252 3327 347 3381 anirna
367 3330 484 3384 llorentc
501 3331 700 3397 invirtutibus,
720 3333 827 3405 Deique
867 3332 1039 3397 laborantes.
1049 3329 1080 3385 Si
1094 3327 1168 3382 enim
1182 3326 1394 3381 oblivisceretur
1407 3340 1525 3397 operum
1540 3323 1664 3386 illorum,

109 3410 222 3468 lictione
237 3415 331 3486 digua,
344 3434 408 3471 mox·
417 3419 562 3489 subjunxit
570 3421 648 3474 aliud
663 3421 826 3493 paradigma
868 3436 919 3475 nee
932 3436 980 3475 eos
994 3423 1197 3481 remuneraret,
1213 3421 1356 3486 utcunque
1371 3414 1493 3487 injustus
1507 3418 1665 3484 putaretur,

110 3516 129 3555 a
142 3518 203 3573 quae
218 3521 298 3559 suam
311 3506 429 3579 negligit
442 3509 571 3571 salutern,
583 3510 651 3565 dum
665 3512 827 3583 frequenter
868 3509 943 3582 quod
964 3508 1080 3563 omnino
1102 3504 1179 3559 nefas
1204 3509 1247 3558 est
1271 3502 1374 3557 dicere.
1396 3501 1476 3557 Unde
1490 3500 1640 3572 Apostolus
1658 3518 1663 3553 :

109 3604 148 3645 ern
161 3593 282 3647 coelestis
296 3595 428 3650 doctrinae
443 3600 530 3668 possit
540 3600 699 3670 suscipere:
869 3599 940 3662 Non,
953 3597 1054 3668 inquit,
1066 3596 1326 3667 iniustnsestDeus,
1336 3600 1368 3649 ut
1379 3592 1561 3649 obliviscatur
1573 3589 1666 3662 operis

109 3679 209 3747 arerem
224 3688 315 3735 aretem
330 3688 425 3752 spinas
436 3702 469 3739 ac
480 3688 605 3741 tribulos.
621 3689 736 3756 reproba
750 3694 788 3742 est
802 3696 827 3743 et
868 3686 1027 3756 laborisque
1047 3685 1141 3749 vestri,
1171 3689 1200 3738 et
1220 3684 1378 3738 dilectionis
1398 3699 1481 3759 quam
1503 3678 1667 3735 ostendistis

109 3768 220 3822 tietioni
231 3774 373 3838 proeium.
394 3774 448 3827 Per
461 3774 555 3849 spinas
579 3792 612 3829 ac
625 3776 744 3841 tribulos
760 3793 828 3848 pun·
870 3791 919 3846 pro
934 3788 1031 3828 amore
1043 3773 1165 3827 nominis
1174 3774 1235 3844 ejus
1247 3774 1274 3826 in
1285 3772 1402 3825 invicem
1415 3776 1444 3824 et
1454 3770 1482 3824 in
1493 3785 1601 3831 omues,
1617 3765 1666 3837 qui

109 3870 137 3911 cs
153 3865 331 3929 peccatorum
359 3879 509 3933 possumus
533 3864 699 3935 intelligere,
725 3866 826 3938 quibus
868 3862 1048 3917 ministrastis
1071 3862 1184 3926 sanctis,
1205 3867 1233 3915 et
1248 3862 1340 3915 adlrm
1359 3859 1514 3915 secundum
1543 3861 1666 3931 vestrum

108 3944 167 3999 itur
186 3948 289 4011 aniene,
310 3950 460 4022 dequibus
485 3952 620 4007 Dominus
642 3954 713 4009 dixit
730 3956 798 4010 nia
818 3974 824 4009 :
868 3968 950 4024 posse
961 3950 1136 4006 ministratis.
1145 3951 1185 4005 De
1199 3950 1255 4004 illis
1263 3949 1368 4004 sanctis
1378 3949 1455 4013 dicit,
1466 3948 1514 4020 qui
1523 3946 1666 4001 venientes

109 4038 827 4115 ituaspimrractritulosperrniaabittibiidcn.111),
870 4042 906 4096 ad
918 4041 1002 4096 tidem
1029 4039 1144 4101 Christi,
1160 4039 1307 4110 exspoliati
1331 4043 1398 4092 sunt
1415 4037 1450 4092 ab
1468 4036 1530 4091 aliis
1550 4034 1664 4099 ludaeis,

109 4126 126 4188 i,
142 4140 207 4178 caro
223 4132 272 4180 tua
287 4128 451 4198 punctiones
463 4137 645 4200 peccatorum
667 4140 696 4187 et
718 4134 829 4188 aculeos
871 4146 941 4201 quos
953 4128 1051 4183 laudat
1060 4129 1089 4182 in
1099 4128 1152 4182 bac
1163 4127 1297 4199 Epistola,
1310 4127 1405 4181 dicens
1421 4127 1577 4193 :napinam
1587 4125 1667 4178 bono·

109 4226 163 4265 nm
175 4214 298 4282 proferet
311 4215 372 4269 tibi.
389 4217 450 4271 Sive
469 4235 519 4288 per
532 4220 628 4289 spinas
647 4226 675 4274 et
700 4221 827 4285 tribulos,
869 4234 936 4271 rein
950 4221 1103 4271 uestrorum
1114 4232 1177 4270 curn
1194 4217 1296 4285 paridis
1309 4216 1463 4283 suscepistis
1479 4214 1568 4283 illebr.
1579 4218 1604 4275 xl
1618 4228 1624 4262 :
1639 4216 1668 4264 et

109 4303 293 4373 isuperllnas,
310 4305 569 4380 sollicitudinesque
584 4308 666 4364 istius
675 4310 768 4365 saeculi
783 4310 830 4364 de-
870 4306 1017 4379 dequibus
1033 4306 1121 4361 isaias
1136 4307 1219 4376 longe
1233 4310 1299 4359 aute
1314 4304 1500 4376 praedixerat:
1519 4303 1549 4358 Et
1564 4304 1614 4370 qui
1627 4316 1669 4355 re·

108 4391 279 4462 reaccipere,
296 4394 329 4447 de
354 4395 455 4466 quibus
474 4397 608 4451 Dominus
629 4398 658 4452 in
680 4398 830 4469 Evangelio
871 4400 960 4463 cessit,
983 4396 1123 4466 inquiens,
1148 4412 1165 4449 a
1187 4397 1261 4449 mulo
1276 4393 1440 4448 ludaeorum
1455 4390 1555 4464 proedae
1578 4389 1671 4461 putuit

111 4494 118 4531 :
134 4478 215 4533 curae
229 4480 310 4535 istius
329 4485 424 4538 saeculi
449 4490 477 4538 et
497 4485 699 4540 sollicitudines
720 4487 830 4541 divitia·
873 4488 934 4555 tlsu.
950 4488 1018 4548 mxl.
1039 4485 1103 4540 istis
1118 4483 1222 4538 talibus
1237 4483 1407 4554 exspoliatis,
1423 4482 1453 4535 hi
1469 4481 1589 4552 quinon
1607 4478 1668 4533 sue·

109 4566 243 4623 suffocant
253 4572 376 4639 verbum,
390 4573 428 4626 ita
439 4579 471 4628 ut
480 4573 683 4629 infructuosum
696 4575 831 4630 reddatur
871 4579 936 4628 rant
950 4574 1105 4645 exspoliati,
1118 4577 1202 4651 prout
1216 4578 1347 4643 poterant
1361 4570 1568 4624 ministrabant.
1576 4569 1668 4634 Quare

109 4656 141 4710 tls.
165 4663 236 4726 ¹111).
265 4660 366 4714 Anima
385 4661 471 4733 igitur
498 4665 643 4737 proterens
664 4664 830 4735 punctiones
870 4679 935 4716 vero
951 4669 1123 4732 quantumve
1135 4660 1306 4716 desiderium
1325 4659 1443 4712 haberet
1456 4657 1491 4712 de
1513 4657 1603 4711 selme
1618 4670 1668 4709 co·

109 4749 361 4819 storum,curisque
372 4752 465 4805 seculi
481 4759 509 4806 ct
518 4752 753 4807 sollicitudinibus
763 4753 830 4807 diri·
871 4770 944 4815 rum.
969 4752 1151 4824 sequentibus
1178 4750 1268 4804 verbis
1292 4752 1426 4817 exparte
1454 4744 1594 4817 exprimit,
1623 4743 1668 4797 di·

109 4848 136 4887 m
157 4846 302 4907 occupata,
329 4839 449 4911 reproba
470 4846 523 4903 est,
545 4841 597 4895 hoc
615 4848 666 4907 est,
689 4843 772 4896 laude
790 4843 831 4896 in·
871 4858 960 4897 cens:

109 4938 117 4975 i
130 4926 161 4977 et
175 4925 363 4981 maledictioni
383 4929 519 4999 proxima.
536 4930 753 5003 Notandumque
766 4931 832 5003 quia
908 4930 1041 4999 Cepimus
1052 4934 1145 4983 aretem
1164 4940 1389 4994 unumquemque
1402 4926 1524 4977 vetrum
1547 4922 1671 4976 eamdem

109 5008 179 5080 lixit,
191 5013 341 5069 maledicta
357 5022 408 5079 cst,
420 5017 468 5070 scd
489 5018 679 5072 maledictioni
693 5017 830 5090 proxima.
873 5018 1011 5072 ostendere
1024 5016 1248 5076 sollicitudinem,
1269 5009 1403 5065 subaudis
1418 5025 1502 5080 quam
1525 5012 1603 5064 retro
1622 5009 1671 5064 ha·

109 5096 164 5153 rdiu
174 5101 249 5154 enim
260 5109 421 5157 reservatur
430 5104 465 5157 ad
477 5105 670 5174 poeuitentiam
680 5106 761 5176 quasi
776 5122 833 5160 non
874 5103 985 5172 buistis,
997 5105 1034 5158 ad
1046 5105 1224 5171 repletionem
1239 5103 1296 5169 spei
1311 5115 1397 5168 usqne
1406 5102 1437 5153 in
1452 5102 1536 5167 finem
1550 5099 1613 5155 vitm
1628 5117 1672 5155 re-

109 5188 240 5243 ruledicta
256 5209 262 5243 :
276 5191 319 5244 siu
328 5208 392 5246 vero
403 5193 597 5262 penitentiam
608 5195 831 5265 nolueritagere.
875 5200 951 5256 stim,
964 5190 1083 5247 slvediei
1091 5189 1200 5261 judicii,
1216 5194 1248 5243 ut
1258 5205 1315 5243 non
1329 5204 1421 5257 sepner
1434 5189 1609 5256 efficiamini,
1619 5189 1672 5244 boc

109 5276 255 5331 maledicta
275 5279 338 5333 erit.
359 5281 439 5335 Unde
454 5291 480 5334 et
502 5282 639 5352 sequitur,
665 5287 745 5352 errius
768 5300 833 5337 enn-
875 5279 997 5351 estpigri
1005 5285 1032 5333 et
1042 5278 1150 5333 desides
1157 5277 1186 5331 in
1199 5276 1270 5331 bono
1285 5292 1369 5347 opere
1383 5280 1412 5330 et
1426 5276 1455 5329 in
1471 5277 1612 5331 mandatis
1621 5277 1672 5331 Dei

109 5370 194 5427 natio.
206 5367 234 5420 id
245 5374 289 5422 est
300 5369 363 5423 nnis
374 5369 447 5424 illius
463 5371 600 5424 animaein
611 5388 696 5442 pravo
707 5389 791 5443 opere
806 5379 835 5427 et
876 5368 1060 5442 perficiendis.
1078 5365 1285 5428 Desideramus,
1302 5365 1403 5436 inquit,
1420 5382 1468 5419 vos
1488 5382 1543 5420 non
1561 5369 1672 5419 tautum

109 5454 243 5508 nerautia
254 5455 282 5509 in
294 5457 367 5509 malo
377 5474 466 5529 usque
478 5458 512 5511 ad
523 5458 629 5513 exitum
640 5459 751 5527 vitae‚in
762 5476 835 5514 corre·
877 5458 951 5512 circa
960 5455 1053 5520 rerba,
1066 5454 1208 5509 sedetiam
1228 5456 1256 5508 in
1268 5454 1418 5509 uirtutibus
1434 5453 1601 5518 conversari,
1615 5466 1672 5505 non

109 5556 201 5607 onem,
215 5542 350 5600 subaudis
368 5546 441 5616 ignis
458 5547 556 5603 aeterni
571 5547 636 5602 erit.
663 5548 750 5612 Quasi
764 5548 838 5603 dice-
878 5546 959 5618 quasi
974 5544 1118 5617 preterita
1131 5560 1217 5617 opera
1230 5548 1323 5599 vestra
1344 5543 1498 5614 culpantes,
1514 5539 1563 5594 sed
1584 5541 1617 5591 ut
1637 5537 1672 5593 de
