3818 6104
129 214 181 272 bil
370 217 560 274 lrararoa'is
577 218 818 276 iracunnsrar.
837 218 950 276 EPlSC.
966 217 1045 272 OPP.
1064 218 1154 272 PilllS
1168 218 1179 272 1
1195 248 1227 258 -
1244 218 1431 276 COblllEN'l'.
1448 218 1541 273 uiue.
1718 215 1763 279 ’Ὡὸ

127 343 218 399 Deum
226 344 381 399 secundum
393 345 532 417 quodipse
543 344 609 398 dicit
620 359 626 392 τ
637 346 692 411 Epo
704 351 929 414 srqricstrrrrster
937 346 962 404 Α
972 345 1047 411 Orrorl
1065 349 1159 397 autem
1175 344 1268 398 adlrrrr
1282 349 1362 399 arraei
1381 347 1460 409 dicit,
1477 344 1606 400 ostendit
1628 341 1763 398 mobilium

129 434 236 487 medius
252 436 326 487 inter
340 436 425 488 Doara
439 440 463 487 et
478 450 522 486 vus
537 433 695 503 (licuerat),
705 434 744 488 ita
754 440 782 488 ct
792 434 927 489 Dominus
968 432 1180 486 translationem
1200 437 1336 503 tanquam
1359 433 1511 497 sactorum,
1528 439 1561 488 ut
1584 437 1719 486 maneant
1736 446 1764 484 ea

128 522 210 576 lesus
222 522 305 576 verba
323 522 372 577 Dei
384 522 475 575 Patris
486 521 584 575 retulit
594 521 684 581 nobis,
700 528 729 575 et
740 524 927 577 modonostra
968 536 1029 588 quae
1050 525 1116 597 sunt
1128 519 1297 576 immobilia.
1313 523 1369 576 Ista
1385 521 1473 576 motio
1487 519 1718 575 coelietlerraead
1732 520 1766 573 in·

130 609 925 682 retertadillurninterpellansassiduepronobissimnl-
967 608 1144 660 novarionom
1176 612 1205 660 et
1237 608 1463 662 meliorationem
1488 608 1607 662 illorum
1642 607 1763 675 pertinet.

131 713 243 768 quesua
249 699 379 769 passione
388 698 647 752 confirmansnobis
658 700 868 754 Testamentum
877 701 931 754 No·
971 695 1057 748 Terra
1071 696 1195 766 quidem,
1211 697 1458 767 appropinquante
1476 696 1524 750 die
1541 695 1655 767 judicii,
1672 704 1765 748 motum

130 788 704 854 vuar..tdasprrsr'onerrrqrrriprrcmnprrinis
715 788 870 841 accessistis
879 806 932 841 mr-
971 783 1182 847 sustinebitsed
1199 785 1305 855 pariter
1320 784 1509 838 merebuntur
1519 785 1625 838 coelurn
1640 792 1765 837 aeterra:

132 875 932 946 iiusloqrrenlemquomabdiderelegisaspersionisne-
972 878 1000 926 et
1014 872 1199 927 mutabuntur
1214 873 1249 927 ab
1281 875 1333 928 boc
1360 874 1452 944 specie
1472 873 1502 927 in
1528 872 1691 937 meliorem,
1700 874 1766 943 juxta

130 963 442 1018 mineemundationem
451 963 933 1036 Christisanguinisintimnritquo·
974 961 1046 1032 quod
1067 962 1218 1032 Apostolus
1238 963 1306 1016 dicit
1328 961 1413 1015 alibi:
1442 964 1570 1016 Preterit
1585 964 1680 1029 flaura
1693 962 1763 1028 liujus

132 1050 210 1106 nium
226 1052 372 1107 mundatio
383 1070 445 1123 quae
462 1069 512 1124 per
525 1052 691 1122 sanguinein
702 1053 796 1119 siebat,
808 1053 932 1124 aspersio
974 1049 1074 1102 narrarit
1090 1051 1113 1114 (I
1127 1051 1188 1104 Cor.
1204 1055 1265 1115 mr)-
1287 1051 1395 1104 llutata
1414 1051 1519 1120 ligura,
1531 1048 1692 1103 remanebit
1712 1048 1766 1103 sub·

132 1139 481 1196 vocabaturdecesserum
491 1141 646 1211 orgoillind
656 1141 820 1211 sanguinem
828 1142 934 1198 Christi
975 1137 1088 1199 stantia,
1107 1138 1216 1208 eritque
1231 1139 1550 1209 posteacoelumnovum
1566 1149 1597 1192 et
1606 1143 1684 1192 terra
1698 1154 1759 1192 nora

132 1228 934 1300 siveademundationem‚hocestadpassionemejusquo·
976 1226 1082 1279 Crrlurn
1098 1231 1192 1280 autern
1204 1227 1249 1281 hic
1270 1243 1326 1281 non
1339 1227 1480 1281 sidereum
1499 1242 1595 1297 neque
1618 1227 1766 1292 athenam,

135 1317 209 1372 niam
219 1317 274 1372 side
291 1318 428 1389 passionis
439 1319 500 1387 ejus
511 1317 637 1371 mundati
646 1324 723 1372 surii.
734 1318 854 1388 Sanguis
868 1335 934 1374 vero
974 1314 1021 1367 sed
1033 1313 1106 1367 istud
1117 1330 1232 1369 aereum
1244 1315 1366 1384 accipea
1375 1322 1465 1385 quoet
1477 1314 1617 1368 areseoeli
1630 1315 1763 1371 dicuntur.

134 1405 237 1461 Christi
257 1406 359 1460 arelius
385 1407 510 1476 loquitur
533 1423 617 1477 apuam
638 1407 752 1477 sanguis
772 1407 851 1469 libel,
868 1407 934 1477 quia
1010 1406 1104 1471 ltaque
1124 1419 1241 1469 rrparrm
1269 1406 1410 1457 immobile
1438 1407 1631 1472 suscipientes.
1647 1403 1766 1458 subaudis

133 1493 247 1564 sanguis
262 1493 331 1548 libel
347 1495 497 1548 vindictam
515 1495 682 1566 exposcebat
711 1496 857 1550 homicidae
877 1496 934 1549 sra-
975 1508 1050 1545 nune
1068 1491 1094 1545 in
1111 1491 1248 1562 spe‚quod
1264 1493 1420 1562 percepturi
1436 1509 1537 1546 sumus
1551 1493 1582 1546 in
1598 1491 1766 1555 reinbernus

134 1581 204 1636 tris:
221 1582 336 1651 sanguis
347 1582 522 1636 reroChristi
535 1583 617 1636 nitram
629 1584 869 1655 etindulgentiam
880 1585 934 1637 irn-
975 1581 1094 1650 gratiam
1105 1579 1161 1650 'per
1175 1596 1259 1649 quarn
1272 1581 1427 1635 serviamus
1456 1581 1605 1652 placentes
1633 1580 1689 1634 Deo
1714 1597 1768 1634 oum

135 1668 329 1741 plorabatsuis
340 1672 690 1741 persecutoribnsdicente
702 1673 749 1726 illo
757 1673 791 1726 ad
798 1673 909 1727 Patrem
925 1674 1053 1753 :Bmetu
1068 1677 1097 1722 et
1111 1669 1275 1722 rererentia·
1296 1671 1418 1737 [lennem
1431 1672 1585 1731 irrrmobile,
1604 1669 1722 1724 Ecclesia
1732 1676 1767 1724 cst

134 1761 227 1824 Pater,
244 1762 350 1827 iprroscc
360 1762 499 1829 illiapaia
515 1763 640 1814 traiciunt
654 1764 722 1830 qrrid
736 1764 845 1829 sumunt
856 1763 934 1831 (Luc.
978 1757 1165 1827 coelcstisqure
1175 1762 1283 1811 constat
1298 1774 1331 1810 ex
1346 1758 1453 1828 angelis
1464 1763 1492 1812 et
1505 1758 1671 1812 bominibus
1685 1757 1767 1826 justis.

133 1861 213 1913 xxm,
230 1845 285 1917 34).
300 1848 348 1901 Vel
368 1854 444 1903 certe
467 1849 568 1902 molius
586 1849 712 1919 loquitur
735 1850 801 1904 dum
823 1865 874 1904 nos
898 1848 938 1903 lo·
978 1847 1105 1916 Regnum
1121 1851 1216 1899 autem
1234 1845 1279 1899 Dei
1295 1846 1418 1900 Ecclesia
1445 1846 1500 1901 ista
1530 1854 1585 1909 est,
1603 1853 1633 1900 et
1659 1862 1765 1915 regnum

137 1942 256 2007 quantes
272 1937 337 1993 tacit
360 1940 435 2010 quod
446 1939 527 1992 lesus
545 1938 605 2009 ipse
621 1945 664 1992 est
679 1938 765 1993 Filius
782 1939 841 1992 Dei.
857 1939 937 2007 cuius
977 1933 1106 1988 Ecclesiae
1122 1934 1300 2004 omnipotens
1324 1935 1397 1988 Deus
1412 1939 1464 1988 est.
1481 1935 1541 1988 Hoc
1562 1951 1681 2005 regnum
1698 1933 1768 1989 modo

135 2025 266 2096 passione
281 2042 380 2081 sumus
395 2026 533 2096 redempti
554 2032 583 2080 et
597 2026 765 2097 baptismate
779 2026 866 2080 abluti
883 2045 888 2079 :
905 2029 935 2081 et
975 2023 1144 2093 suscipimus
1159 2023 1186 2075 in
1202 2039 1261 2093 spe,
1279 2029 1346 2076 tnnc
1367 2028 1461 2077 autem
1487 2023 1679 2094 percipiemus
1690 2023 1717 2076 in
1730 2038 1763 2085 re,

136 2112 201 2183 quia
216 2130 267 2184 per
277 2114 443 2183 sanguinem
458 2115 520 2184 ejus
536 2131 634 2168 sumus
645 2115 734 2168 allecti
746 2115 796 2168 filii
811 2115 871 2178 Dei,
896 2117 934 2168 l'i·
974 2127 1037 2164 cum
1048 2111 1196 2165 tradiderit
1211 2111 1339 2165 Christus
1363 2128 1480 2180 reguum
1502 2112 1561 2165 Deo
1577 2116 1607 2164 et
1621 2111 1707 2165 Patri.
1721 2111 1763 2164 ld·

134 2202 192 2254 dete
205 2217 239 2255 aa
252 2206 381 2255 recusetis
396 2205 558 2271 loquentem,
573 2203 647 2272 quod
657 2208 699 2256 est
713 2203 805 2257 dicere
817 2221 822 2255 :
832 2205 934 2258 Cavete
975 2201 1047 2254 circo
1063 2201 1322 2271 nutemappellatur
1337 2215 1456 2270 regnum
1471 2198 1631 2265 immobile,
1645 2199 1763 2270 quoniam

135 2303 172 2343 ne
187 2289 373 2343 contemnatis
387 2291 483 2345 lesum
505 2292 665 2361 loquentem
688 2307 737 2362 per
751 2292 932 2361 Evangelium
974 2289 1103 2343 sicmlum
1129 2295 1157 2343 et
1178 2295 1254 2342 terra
1282 2289 1465 2343 immobiliter
1488 2287 1697 2359 permanebunt
1715 2293 1764 2358 post

136 2392 230 2444 suum,
247 2383 381 2445 quoniam
397 2382 428 2431 in
442 2380 553 2432 dextera
568 2381 660 2432 Patris
676 2381 745 2433 ardet
760 2383 936 2434 rorisirlrrons
978 2378 1212 2443 immutationem,
1228 2377 1417 2447 multomagis
1432 2377 1585 2448 eleetipost
1599 2376 1762 2431 resurrectio

133 2467 206 2535 quod
219 2469 409 2536 unusquisqne
424 2472 550 2521 nostrum
564 2473 630 2536 apat
640 2469 852 2536 (lire.xxri·i.Si
862 2472 937 2523 enirn·
978 2483 1041 2522 nem
1055 2465 1237 2520 immobiliter
1251 2466 1493 2520 immortalitatem
1507 2466 1534 2519 in
1550 2482 1677 2536 corpore,
1690 2472 1716 2519 et
1727 2465 1760 2518 in·

139 2556 187 2608 illi
198 2571 253 2609 noa
265 2558 590 2623 essuperrrni‚recnmatcs
600 2573 661 2610 erran
673 2559 723 2625 qui
735 2573 817 2625 sirper
831 2564 936 2611 terrum
977 2555 1256 2609 commutabilitatem
1276 2554 1303 2607 ia
1327 2554 1422 2606 anima
1445 2553 1613 2625 percipient,
1631 2550 1757 2623 regnaturi

141 2644 311 2711 loquebatur,
329 2647 417 2698 arullo
426 2647 515 2712 inopis
530 2661 577 2698 nos
591 2649 641 2713 qni
654 2647 685 2699 cle
699 2649 770 2699 reiis
784 2648 936 2714 loquentem
976 2661 1039 2698 cum
1055 2644 1110 2697 lleo
1125 2643 1296 2698 eternaliter
1308 2662 1316 2696 :
1329 2649 1468 2713 eruntque
1475 2643 1530 2713 ipsi
1541 2658 1662 2713 regnum
1674 2642 1756 2696 imma

139 2733 216 2786 nodis
231 2735 393 2799 anserinam,
407 2731 541 2787 subaudis
555 2750 610 2787 non
623 2734 796 2803 effugiemus,
813 2751 845 2788 ac
860 2734 883 2787 si
895 2734 936 2788 di·
978 2733 1032 2786 bile
1047 2733 1248 2803 omnipotentis
1263 2732 1323 2794 Dei,
1338 2738 1366 2785 et
1384 2748 1503 2802 regnum
1519 2731 1634 2784 illorum
1651 2736 1755 2784 conten·

138 2825 227 2875 caret:
246 2821 275 2876 Si
297 2826 391 2892 patres
405 2823 490 2876 vestri
504 2822 654 2876 vindictam
672 2823 871 2894 oninipotentis
884 2823 936 2878 Dei
977 2822 1063 2893 platio
1075 2829 1179 2874 sanctae
1191 2821 1386 2875 'l'rinitatisEt
1405 2820 1478 2891 quod
1494 2820 1570 2875 istud
1588 2835 1700 2889 regnum
1715 2818 1756 2871 in·

135 2904 193 2964 non
208 2910 376 2980 effugerunt,
388 2911 436 2983 qui
452 2917 590 2982 praecepta
603 2912 679 2966 illius
689 2912 861 2983 praevaricati
870 2917 936 2966 sunt
977 2910 1078 2965 mobile
1086 2910 1271 2980 suscipiamus
1287 2909 1315 2962 in
1332 2909 1505 2971 rehortatur
1515 2909 1667 2979 Apostolus
1680 2913 1707 2962 ut
1718 2907 1754 2959 ha·

135 2998 299 3053 fabricando
314 2999 431 3065 idolum,
449 3016 510 3072 quie
526 3017 576 3072 per
591 3002 704 3071 Moysen
723 3001 763 3055 rel
780 3017 831 3071 per
849 3016 936 3070 ange·
977 3000 1092 3052 beamus
1106 2999 1237 3068 gratiam,
1254 3015 1304 3069 per
1319 3014 1403 3068 quam
1414 2997 1571 3052 serviamus
1589 2998 1651 3058 Deo,
1664 2996 1752 3067 placen·

136 3086 270 3141 lumdatn
281 3094 347 3142 sunt
361 3088 429 3151 illis,
448 3105 567 3159 quorum
578 3094 696 3160 uterque
709 3090 738 3143 in
752 3097 827 3142 terra
841 3090 936 3161 loque·
976 3087 1078 3142 teailli·
1095 3087 1220 3140 Gratiam
1234 3092 1328 3140 autem
1355 3086 1423 3139 dicit
1448 3086 1534 3139 tidem
1564 3091 1751 3154 rectarn‚spen

137 3173 231 3241 batur,
248 3176 339 3229 multa
355 3176 444 3245 magis
459 3192 510 3230 nos
520 3194 575 3231 non
590 3179 744 3248 poterimus
754 3179 871 3232 eradere
880 3178 937 3232 rin·
976 3182 1092 3239 certam,
1113 3175 1277 3228 charitatem
1294 3174 1522 3245 perlectarrr,currr
1537 3174 1696 3244 operatione
1704 3186 1752 3225 san·

137 3262 241 3316 dietam
257 3262 370 3328 illius,si
385 3271 524 3335 peraccepta
536 3282 598 3334 quar,
609 3283 659 3334 per
669 3266 769 3319 Filium
783 3266 849 3319 data
859 3273 934 3329 sunt,
976 3269 1030 3326 cta,
1048 3279 1096 3332 per
1111 3278 1172 3334 quae
1186 3262 1320 3316 debemus
1342 3263 1398 3316 lleo
1423 3262 1529 3316 servire
1551 3279 1615 3316 cum
1639 3270 1716 3321 rnatu,
1727 3259 1750 3312 ti·

137 3350 443 3421 contempserimusllli
461 3369 524 3406 eum
540 3354 567 3406 in
581 3360 657 3407 tarra
670 3355 829 3424 loquentem
843 3356 937 3408 audie·
978 3352 1173 3405 irrentesillum
1189 3358 1220 3404 ut
1237 3352 1324 3404 Deum
1340 3358 1369 3404 et
1377 3351 1502 3421 judicem
1518 3352 1656 3409 oninium,
1666 3356 1692 3404 et
1703 3364 1749 3402 curn

137 3442 213 3503 runt,
229 3454 279 3493 nos
292 3439 327 3492 de
337 3440 422 3494 coeloz
434 3446 549 3512 propter
559 3441 695 3495 unitatem
708 3449 801 3495 autem
811 3459 935 3513 personae
978 3441 1133 3493 reverentia
1147 3438 1296 3508 diligentes
1310 3440 1388 3493 illum
1405 3447 1436 3493 ut
1446 3446 1568 3510 patrem.
1584 3441 1689 3494 'lirinens
1704 3451 1749 3491 eun

138 3543 222 3598 quarn
241 3527 325 3583 babet
341 3528 426 3583 Filius
442 3528 491 3583 Dei
506 3530 534 3583 in
548 3529 889 3591 duabusiraturisdicitur
902 3531 936 3586 de
978 3528 1121 3592 debemus
1138 3544 1173 3582 ne
1189 3532 1218 3581 et
1232 3527 1277 3581 hic
1295 3527 1479 3598 flagellemur,
1495 3539 1525 3582 et
1551 3526 1720 3599 postmodum
1740 3538 1752 3574 a

137 3617 207 3670 coelo
222 3615 303 3671 nobis
315 3616 399 3688 loqui.
417 3618 449 3672 ln
465 3624 541 3673 terra
552 3620 627 3673 enim
641 3619 788 3673 videbatur
798 3619 874 3690 loqui
888 3637 937 3690 per
979 3618 1074 3688 requie
1089 3633 1260 3689 separemur.

136 3704 353 3776 humanitatem,
369 3707 417 3760 sed
432 3714 493 3763 erat
506 3709 536 3762 in
556 3714 632 3762 terra
648 3714 676 3763 et
687 3709 714 3762 in
729 3709 797 3762 coelo
808 3725 858 3779 por
871 3708 937 3762 diri·
1271 3687 1388 3742 CAPUT
1404 3687 1478 3741 ΧῙΗ·

137 3793 266 3847 nitatem.
283 3794 362 3848 Unde
378 3796 436 3865 ipse
452 3796 534 3850 dicit:
553 3798 636 3851 ll‘emo
648 3799 769 3851 asccndr't
784 3800 814 3850 ia
829 3802 935 3861 celani,
1014 3796 1121 3849 Etenim
1137 3797 1206 3849 deus
1218 3799 1308 3848 noster
1319 3797 1392 3860 ignis
1402 3810 1566 3848 contemnens
1575 3794 1702 3852 cst.Deus
1712 3805 1752 3846 on·

137 3883 195 3935 nis-i
208 3885 258 3950 qui
270 3883 405 3936 descendit
416 3885 448 3936 de
461 3886 532 3950 celo,
550 3887 637 3939 Filius
653 3887 773 3939 bominis
786 3889 836 3954 qui
853 3891 889 3940 est
907 3889 936 3939 in
978 3885 1106 3955 nipotens
1125 3884 1197 3954 ignis
1215 3883 1383 3954 appellatur,
1401 3899 1457 3936 non
1480 3890 1513 3936 ut
1528 3884 1674 3938 materiam
1687 3895 1748 3953 quarn

136 3972 199 4023 cerlo
210 3972 298 4029 (loon.
315 3970 366 4040 111).
384 3971 521 4026 Similiter
536 3973 603 4027 dum
634 3974 814 4044 Evangelinrn
840 3974 937 4045 praedi·
977 3972 1041 4028 tecit
1059 3972 1277 4031 consumatsed
1294 3972 1368 4042 quod
1397 3971 1520 4025 exterius
1542 3970 1750 4027 bomoatimhat

136 4059 255 4113 caturia
270 4059 363 4125 terris,
379 4060 439 4131 ipse
454 4078 565 4132 quoque
579 4062 615 4115 de
643 4063 712 4116 coelo
737 4062 817 4116 nobis
845 4063 937 4134 loqui·
978 4062 1136 4133 rubiginem
1151 4063 1257 4116 scilicet
1267 4068 1454 4131 peccatorum·
1471 4061 1534 4114 Non
1547 4061 1624 4115 enirn
1635 4061 1749 4115 illudcon-

136 4151 200 4201 tur:
216 4155 388 4220 quapropter
401 4149 558 4204 audiendus
574 4157 617 4204 est
629 4152 717 4205 multo
733 4152 834 4206 melius
853 4153 1063 4222 qnamDsumit
1079 4152 1152 4221 quod
1168 4152 1228 4221 ipse
1247 4150 1330 4203 tecit:
1349 4150 1397 4203 sed
1419 4149 1493 4220 quod
1511 4149 1748 4202 malitiabomimn

136 4236 254 4307 Moyses·
267 4238 418 4307 Sequitur,
438 4242 519 4306 rujam
542 4255 592 4292 eoa
617 4243 700 4292 arorr't
726 4246 830 4294 terram
856 4246 932 4308 tunc,
975 4240 1079 4295 intulit.
1095 4240 1197 4309 Agitut
1210 4239 1278 4292 illud
1290 4238 1344 4292 istc
1360 4237 1442 4308 ignis,
1455 4237 1524 4291 dum
1540 4239 1627 4291 eorda
1651 4236 1748 4290 ridelis

138 4324 273 4380 subaudis
286 4326 398 4398 quando
410 4327 453 4380 lex
468 4327 534 4380 data
547 4331 599 4392 est,
611 4344 687 4381 rrunc
697 4333 876 4393 ropromittit,
889 4332 930 4384 di·
979 4329 1123 4382 hominurn
1140 4328 1173 4380 ad
1188 4344 1313 4381 amorem
1325 4327 1374 4381 Dei
1383 4325 1520 4379 accendit.
1535 4327 1575 4381 De
1585 4326 1704 4397 quoigne
1714 4319 1748 4371 l'r

135 4429 215 4468 cens:
230 4415 326 4468 ddlrrro
340 4417 421 4468 cernel
434 4421 459 4469 et
473 4432 519 4482 epo
533 4418 638 4470 moreio
652 4432 704 4471 noa
714 4420 804 4471 solnm
818 4424 932 4487 terrani,
976 4410 1140 4471 aliusdicit:
1155 4419 1245 4484 ignem
1257 4418 1477 4470 serrirnitterrr'n
1489 4408 1746 4483 circumcinnant

135 4504 181 4557 sed
194 4506 278 4557 ctiam
292 4504 465 4575 cnlumlpse
477 4504 524 4575 qni
536 4505 741 4574 tunejussione
757 4508 843 4561 morit
854 4524 933 4562 mon·
976 4510 1073 4560 nr'ar'at
1095 4506 1191 4559 ardeat
1216 4507 1355 4573 (Luemr,
1372 4502 1438 4572 labli
1459 4503 1548 4557 Terra
1576 4504 1650 4557 enirn
1677 4501 1745 4553 recab

135 4598 193 4647 tem
209 4592 286 4659 Sina,
304 4598 333 4647 et
344 4598 449 4648 terram
467 4593 495 4647 in
511 4593 630 4648 circuitu
658 4595 719 4665 ejus
744 4596 791 4649 ubi
815 4597 934 4666 populns
974 4599 1041 4648 sunt
1055 4594 1139 4648 corda
1153 4598 1275 4658 terrena,
1292 4609 1353 4664 quae
1366 4593 1433 4646 dum
1448 4607 1561 4662 semper
1576 4593 1606 4646 in
1621 4589 1744 4646 insaniam

135 4681 237 4749 stabat,
254 4682 366 4753 quando
381 4682 470 4754 Moysi
479 4682 556 4736 dedit
568 4683 670 4753 legem,
687 4685 746 4754 ipse
757 4700 830 4738 auno
840 4700 933 4755 repro·
976 4682 1161 4752 gitationibus
1176 4679 1507 4751 desideriisquuterrenis
1520 4686 1693 4744 semanima
1705 4686 1744 4726 uit·

134 4771 232 4837 mittit,
248 4788 304 4826 non
315 4777 424 4843 partem
439 4778 520 4826 terrae
531 4773 778 4832 morondamase,
790 4789 880 4842 neque
895 4773 935 4842 ip·
975 4771 1058 4841 lignis
1087 4771 1233 4842 spiritibus
1248 4771 1327 4840 quasi
1352 4776 1467 4823 terrena
1495 4754 1744 4822 conculcamur-ted

139 4875 198 4912 sam
214 4865 303 4914 totam
318 4865 423 4914 terram
438 4860 624 4922 solummodo,
641 4863 690 4914 sed
711 4861 796 4914 etiam
814 4862 929 4919 calum.
973 4860 1067 4930 ignem
1078 4860 1212 4914 Dominus
1224 4860 1251 4912 iri
1263 4867 1367 4912 terram
1378 4858 1464 4912 mittit
1473 4874 1537 4910 curn
1545 4857 1643 4911 atilatu
1653 4851 1743 4924 Spiritus

138 4945 172 4998 Et
187 4946 249 5000 ideo
265 4955 369 5017 quanto
385 4950 493 5018 majora
504 4965 590 5018 opera
604 4949 664 5002 beri
690 4949 837 5020 promittit,
854 4953 932 5004 tanto
975 4951 1065 5004 sancti
1080 4949 1164 5003 corda
1175 4940 1328 5002 carnalium
1346 4947 1492 5000 hominum
1503 4946 1539 4999 ad
1555 4937 1743 5000 arnorembeiet

134 5033 226 5102 magis
240 5035 384 5090 timendus
398 5044 451 5091 est.
463 5038 540 5091 Licet
556 5037 630 5091 enim
644 5042 821 5092 terraemotus
833 5038 934 5109 sapius
976 5039 1093 5109 proximi
1109 5037 1243 5091 accendit.
1262 5038 1422 5104 Eccequare
1433 5032 1743 5105 appellaturomnipans

132 5118 259 5174 fueritin
274 5122 390 5176 diversis
406 5125 473 5177 locis
492 5126 665 5196 diversisque
680 5126 806 5197 partibus
823 5127 932 5192 muudi,
975 5126 1143 5196 Ileusignis,
1160 5125 1286 5179 uidelicet
1315 5125 1380 5194 quia
1411 5123 1572 5194 rubiginem
1599 5124 1743 5194 peccatorum

133 5222 189 5261 non
204 5207 258 5261 tuit
271 5213 367 5263 tamen
383 5228 434 5281 per
448 5219 539 5265 totum
554 5215 702 5279 mnndum,
720 5215 783 5269 etsi
800 5222 876 5269 mota
891 5220 936 5270 cst
975 5215 1123 5280 consumit,
1144 5221 1173 5269 et
1187 5214 1271 5268 corda
1285 5213 1429 5266 bominum
1444 5211 1480 5265 ad
1491 5211 1658 5266 charitatem
1672 5214 1743 5262 accel-

130 5300 215 5355 terra,
232 5311 287 5350 non
301 5302 405 5352 tamem
427 5300 536 5354 coelum.
563 5302 643 5357 Unde
669 5304 740 5358 bene
761 5304 828 5358 dicit
847 5305 934 5359 semel
974 5305 1088 5360 dit.Sed
1101 5309 1194 5374 potest
1210 5303 1300 5357 adbuc
1314 5301 1402 5371 quaeri
1417 5316 1505 5370 quare
1519 5283 1743 5363 assimilamini?

131 5387 260 5442 [uturum
282 5401 342 5440 esse
368 5386 422 5440 hoo
446 5387 476 5440 in
502 5388 547 5441 die
571 5390 843 5459 jurlieii,ostendens
868 5393 934 5464 quia
974 5394 1017 5448 ild
1042 5395 1093 5447 hoc
1109 5392 1486 5463 verorespondendumest:
1515 5390 1583 5460 quia
1602 5390 1672 5443 sicut
1693 5376 1744 5454 ignis

128 5491 273 5547 nunquam
290 5475 394 5530 iterum
421 5475 616 5531 movebuntur.
629 5481 709 5536 Unde
729 5487 757 5538 et
780 5482 930 5553 sequitur:
973 5483 1043 5537 latet
1056 5482 1085 5536 in
1097 5482 1223 5537 silicibus
1242 5479 1376 5550 separis,
1387 5479 1427 5535 ita
1453 5477 1633 5550 omnipotens
1649 5478 1713 5532 Deus
1725 5466 1744 5520 il
