3818 6104
127 239 199 305 ross
360 245 551 305 uamonrs
565 248 811 310 amsansrar.
827 252 942 310 uerso.
971 244 1052 311 ore.
1068 253 1161 311 raas
1175 253 1199 309 1.
1214 281 1247 295 -
1262 248 1449 307 counaur.
1465 247 1561 305 aisn.
1649 226 1653 233 '
1707 236 1772 296 iou

130 372 309 436 animalibus.
334 374 499 443 senioribus,
516 382 545 431 et
572 380 681 449 angelis
707 367 1633 448 demonstretur,Ainviutmclesiamsequentemdicenffilssssi
1648 365 1771 421 adfidem

132 461 199 534 quia
214 462 312 517 laudat
326 463 488 520 Creatorem
499 483 591 532 suum,
605 469 650 522 eui
672 470 725 524 soli
742 470 860 527 debetur
878 472 930 525 ho·
971 473 1080 531 scilicet
1094 469 1209 534 Christi,
1222 483 1278 523 aon
1292 461 1436 536 gressibus
1451 458 1589 532 coeperit,
1607 456 1660 512 sed
1673 454 1735 509 fidei
1748 458 1774 509 ‘t

128 566 192 618 nor,
208 550 373 620 benedictio,
389 554 488 610 lenset
500 557 592 626 gloria
601 557 630 612 in
640 560 743 614 secula
754 561 929 615 saeculorum.
972 562 1085 624 mentis,
1096 566 1125 615 et
1138 557 1280 613 transiens
1294 569 1310 608 a
1325 551 1444 624 mystico
1454 550 1526 621 legis
1537 555 1566 604 et
1578 546 1776 619 prophetarum

167 640 207 696 Et
221 647 341 709 quotuor
351 645 491 698 antinous
504 647 630 701 dicebant
644 665 652 699 :
668 648 766 704 Areten.
783 651 815 704 Et
831 650 933 717 oiqinti
973 651 1083 723 eloquio
1097 649 1133 703 ad
1148 643 1316 717 cognitionis
1331 640 1518 704 intellectu&
1544 643 1574 692 et
1588 635 1654 690 Vid⁰
1673 649 1708 688 ⁰¹¹
1721 649 1776 703 ‘1⁰³³

134 735 256 798 quatuo-r
266 734 385 784 seniores
395 735 588 798 ceciderantcl
599 737 788 792 adorauerunt
799 742 930 792 cicentem
972 745 1039 796 ante
1053 743 1120 794 sunt
1132 735 1277 808 predicta,
1291 733 1352 801 jam
1370 733 1469 799 ²¹P0¹⁴te
1483 727 1639 797 ⁰⁰¹¹¹P¹⁸t³·
1655 721 1726 778 Hinc
1740 726 1779 775 ⁰³²

130 819 164 873 s'n
181 820 280 872 secula
303 822 478 878 camelorum.
499 823 579 878 Sicut
590 841 663 895 saepe
685 826 791 881 dictum
811 832 863 886 est,
879 827 931 881 hoc
971 829 1051 892 illud,
1078 826 1162 893 Audi,
1178 826 1251 892 filias
1265 827 1289 876 ⁶¹
1302 821 1361 874 ⁹¹3⁶
1377 820 1458 886 (Pub
1482 820 1571 883 xmo·
1588 812 1666 868 Audi
1679 810 1779 865 ”inm

132 909 200 961 sunt
214 905 349 961 animalia
372 910 447 979 quod
469 911 605 975 seniores,
629 912 657 967 id
672 919 714 968 est
727 919 818 970 totum
830 930 932 986 corpas
971 917 1117 994 praedicta,
1132 914 1195 968 vide
1209 909 1356 982 completa·

131 993 270 1050 Ecclesia.
280 995 470 1061 Quamobrem
489 1005 518 1055 et
531 1001 656 1056 seniores
678 1019 743 1058 cum
764 1002 933 1058 animalibus
1008 1010 1042 1064 Et
1055 1022 1111 1061 eccs
1134 1019 1219 1072 equus
1240 1001 1333 1064 alcas,
1349 1001 1374 1051 0²
1389 997 1439 1064 tuf
1452 994 1558 1048 What
1576 1006 1665 1060 wilfi?
1691 990 1778 1053 illvm·

131 1083 223 1139 Amen
237 1086 418 1156 respondent,
440 1089 611 1145 etenimalia
625 1108 688 1146 cum
699 1092 856 1148 senioribus
870 1093 935 1147 ado·
975 1099 1086 1153 lactabat
1110 1108 1222 1157 arcuna,
1247 1095 1271 1144 ct
1285 1089 1352 1142 dato
1368 1089 1405 1139 cst
1428 1085 1455 1137 ei
1468 1098 1582 1138 corono.
1611 1081 1668 1134 Per
1682 1092 1778 1148 equum

133 1176 200 1226 rant
209 1178 238 1227 ct
251 1174 363 1230 cadunt.
381 1177 443 1231 Una
453 1178 528 1232 enim
539 1180 693 1252 eademque
709 1180 835 1236 Ecclesia
845 1180 935 1236 divor·
975 1183 1069 1240 album
1095 1179 1231 1234 debemus
1253 1174 1412 1244 intelligere
1428 1186 1530 1242 corpus
1550 1167 1737 1223 Dominicum
1750 1163 1779 1218 ab

133 1259 173 1315 sis
187 1261 330 1318 vocabulis
344 1265 475 1334 figurata,
492 1272 522 1321 et
536 1269 626 1323 Deum
641 1270 832 1337 collaudabat
845 1270 935 1341 ipsam
976 1270 1053 1327 omni
1067 1274 1180 1340 peccato
1190 1264 1327 1321 mundum
1343 1281 1349 1315 :
1365 1278 1415 1334 per
1430 1274 1569 1315 sessorem
1583 1257 1674 1321 illius,
1687 1253 1779 1309 divini-

46 1374 51 1393 .-
133 1348 219 1403 ssdem
234 1349 401 1422 interposito
424 1357 515 1410 nmen
536 1373 629 1411 veram
655 1361 888 1423 essecontirmat,
909 1363 938 1412 et
976 1366 1064 1414 tatem
1082 1356 1175 1421 Verbi,
1190 1371 1252 1426 quae
1275 1350 1562 1421 nancutiquesupcr
1588 1347 1666 1399 bunc
1683 1360 1778 1415 equam

134 1453 199 1492 eum
211 1454 294 1508 quem
307 1457 372 1495 vero
387 1443 479 1498 laudis
492 1446 630 1515 praeconio
645 1448 758 1514 attollit,
767 1448 870 1503 cadens
879 1446 934 1500 hu·
976 1444 1227 1516 ascendit,quando
1235 1441 1359 1496 Verbum
1371 1438 1420 1492 Dei
1430 1452 1543 1492 carnem
1552 1441 1584 1490 et
1594 1435 1722 1488 animam
1734 1431 1779 1486 sibi

134 1525 242 1580 militer
264 1527 373 1583 adffli-
399 1531 472 1595 Quid
487 1533 524 1586 sit
547 1539 641 1588 autem
656 1535 710 1590 iste
729 1553 811 1592 casus
832 1541 860 1590 et
877 1536 936 1589 luec
978 1542 1053 1596 intra
1068 1543 1180 1592 uterum
1190 1533 1305 1604 virginis
1319 1529 1472 1601 conjunxit.
1481 1527 1562 1582 Unde
1577 1526 1641 1598 ipse
1653 1540 1705 1596 per
1713 1522 1780 1577 Psal-

134 1613 271 1682 admito,
287 1632 374 1688 supra
384 1619 443 1690 jam
459 1620 793 1696 exposuimus.Sequitur:
978 1630 1091 1684 mistam
1102 1624 1227 1696 loquitur
1236 1623 1272 1677 ad
1282 1623 1371 1676 Deum
1381 1620 1506 1682 Patrem,
1516 1623 1546 1671 ut
1559 1618 1728 1685 jainantum
1741 1613 1779 1678 so-

592 1766 600 1781 .
947 1696 1037 1776 ssctiss
1051 1732 1114 1771 scm
1124 1714 1199 1783 opud
1213 1718 1236 1766 tc
1252 1713 1338 1779 (Paul.
1355 1712 1452 1771 cxxiii,
1473 1712 1527 1761 etc.
1547 1706 1605 1760 Per
1618 1717 1719 1757 arcum
1732 1700 1780 1754 duo

445 1763 563 1820 CAPUT
577 1764 625 1819 η’
979 1806 1176 1878 significantur
1189 1802 1381 1863 Testamenta,
1398 1814 1431 1851 ex
1447 1812 1503 1866 quo
1516 1799 1560 1849 tot
1574 1790 1734 1865 procedunt
1745 1805 1780 1843 sa-

171 1883 272 1937 Etcidi
280 1901 343 1939 curn
354 1891 504 1954 aperuisset
515 1905 605 1958 opacis
615 1908 704 1946 rentem
715 1909 747 1945 ca
757 1895 940 1961 scptcnvsiqr'l·
980 1896 1138 1968 gittae‚quot
1149 1895 1215 1945 sunt
1229 1889 1323 1943 divina
1333 1886 1455 1957 eloquia.
1469 1883 1590 1954 Sagittis
1605 1881 1684 1935 enim
1701 1880 1781 1933 inter-

138 1971 181 2025 lr's.
194 1972 310 2043 Apertio
322 1975 408 2045 sigilli
423 1978 557 2033 revelatio
577 1985 622 2034 est
636 1981 820 2038 sacramenti.
836 1981 940 2037 Verum
981 1985 1116 2041 ficiuntur
1125 1979 1262 2047 homines,
1272 1983 1301 2031 et
1312 1977 1356 2030 bis
1365 1974 1476 2045 sagittis
1486 1972 1653 2027 divinarum
1663 1968 1781 2038 Scriptu-

136 2075 188 2133 Per
201 2068 309 2132 wllem
321 2064 422 2135 sigilla,
437 2066 512 2121 Sicut
526 2070 719 2140 supradictum
732 2076 784 2133 cst,
796 2068 942 2141 plenitudo
982 2088 1079 2128 rarum
1093 2067 1302 2123 interficiuntur
1312 2062 1433 2134 reprobi,
1444 2066 1477 2116 ut
1491 2061 1656 2114 moriantur
1665 2061 1781 2128 peccato,

136 2151 336 2222 mysteriorum
349 2153 576 2213 absconditorum
600 2159 774 2230 designatur,
788 2174 849 2230 qaae
875 2158 945 2211 late·
984 2168 1014 2219 et
1028 2162 1119 2215 vivant
1135 2159 1203 2213 Deo.
1215 2154 1295 2210 Unde
1309 2151 1459 2207 Psalmista
1475 2167 1481 2202 :
1506 2149 1622 2216 Sagitta
1637 2151 1692 2199 tua
1706 2149 1783 2197 mate

137 2236 261 2294 halante
271 2242 422 2298 adventum
434 2245 556 2300 Domini·
567 2247 634 2311 ΟΜ
646 2264 708 2302 cum
721 2248 812 2302 multa
825 2247 892 2312 sint,
913 2250 942 2300 et
982 2253 1069 2325 (Psal.
1081 2250 1161 2311 xciv),
1178 2250 1207 2299 et
1216 2249 1327 2298 caetera.
1345 2240 1396 2295 His
1411 2238 1523 2309 sagittis
1546 2251 1686 2307 percussa
1701 2233 1785 2288 suerat

137 2327 313 2384 multimodis
325 2334 523 2402 praenuntiata,
537 2340 570 2390 ut
579 2337 619 2390 ait
631 2337 781 2408 Apostolus
795 2354 801 2389 :
817 2336 941 2402 Multisn-
983 2338 1178 2407 Ecclesiaquae
1192 2331 1303 2388 dicebat
1319 2350 1324 2384 :
1339 2329 1512 2384 Invenerunt
1526 2342 1574 2380 me
1588 2323 1732 2388 custodes,
1742 2320 1784 2392 qui

139 2418 214 2470 mom
227 2421 473 2488 stultisqueinodis
486 2427 553 2479 oliva
565 2427 636 2479 Deus
647 2429 758 2495 loquens
770 2426 899 2494 putribus
911 2427 942 2477 in
983 2429 1158 2485 circumeunt
1167 2423 1319 2483 civitatem,
1334 2420 1535 2490 percusserunt
1551 2430 1598 2468 me
1615 2419 1647 2467 et
1661 2411 1784 2467 vulnera·

140 2507 278 2575 prophetis
294 2509 381 2575 (Hebe.
395 2523 426 2580 ij,
443 2519 562 2583 possunt
586 2519 682 2570 utinen
697 2513 827 2569 universa
851 2511 943 2567 tribus
983 2520 1086 2574 verunt
1112 2530 1167 2570 me.
1184 2512 1238 2565 Per
1251 2524 1383 2564 corenam
1410 2520 1475 2560 vero
1503 2519 1568 2575 quae
1591 2502 1633 2556 illi
1653 2500 1720 2554 data
1736 2506 1783 2562 est,

140 2593 232 2648 ¹¹¹⁰di⁵
257 2599 465 2668 ⁰⁰¹¹¹l³l⁰h⁸¹¹dis
490 2603 597 2658 scilicet
620 2603 770 2667 mentione,
787 2602 898 2657 actione
913 2605 941 2655 et
981 2621 1132 2682 possumus
1143 2600 1302 2670 intelligere
1314 2591 1649 2652 credulitatemomnium
1661 2588 1785 2660 gentium

141 2697 235 2752 ⁰P0l‘32
251 2684 327 2739 verbi
338 2689 430 2757 gratia
446 2705 452 2739 ²
468 2690 537 2745 Ecce
552 2693 645 2755 venio.
661 2692 765 2748 locutio
776 2702 834 2747 cst:
850 2691 884 2745 In
899 2707 943 2744 ca·
982 2694 1143 2753 incircuitu
1159 2691 1245 2760 hujus
1269 2687 1362 2742 saeculi
1386 2682 1639 2739 commorantium.
1666 2677 1787 2733 Surrexit

143 2771 201 2842 pite
211 2772 277 2827 libri
286 2775 421 2847 scriptum
435 2784 477 2834 est
489 2779 524 2834 de
539 2798 594 2848 me,
606 2782 729 2853 cognitio
739 2786 782 2836 est
792 2779 942 2853 premisse
983 2782 1057 2837 enim
1072 2799 1090 2834 a
1101 2776 1229 2841 mortuis,
1246 2775 1414 2846 praedicatus
1428 2776 1472 2826 est
1483 2770 1518 2826 ab
1531 2767 1682 2842 apostolis,
1700 2765 1785 2820 credi·

142 2860 447 2928 locutionistlhristum
460 2868 706 2937 demonstrans‚de
717 2871 938 2942 quopropheta:
982 2875 1028 2926 tas
1042 2886 1060 2922 a
1072 2872 1133 2923 toto
1148 2866 1266 2921 mundo.
1295 2864 1328 2918 Et
1351 2864 1427 2916 sciit.
1445 2860 1535 2925 Unde,
1557 2858 1613 2913 nisi
1633 2862 1732 2929 aperto
1755 2854 1787 2908 si·

143 2948 208 3004 Ecce
224 2956 309 3007 ueniet
324 2956 495 3011 desideratus
509 2963 615 3014 cunctis
630 2959 870 3032 pentibus(1qus·.
891 2962 938 3027 n).
952 2959 1059 3041 Cssffl⁰⁹
1075 2956 1103 3010 id
1117 2960 1161 3009 est
1175 2970 1207 3009 cx
1222 2952 1345 3006 revelato
1365 2949 1578 3021 scripturarum
1592 2950 1782 3002 sacramento.

143 3037 217 3094 Nam
238 3042 310 3096 etin
331 3045 423 3116 capite
436 3048 574 3105 Geneseos
594 3049 629 3104 de
645 3066 678 3104 eo
695 3049 808 3115 dicitur,
821 3049 895 3121 quod
916 3048 945 3102 in
985 3049 1063 3104 'l'unc
1073 3044 1141 3100 exiit
1154 3043 1188 3097 de
1204 3041 1296 3111 sigillo
1306 3039 1428 3111 quando,
1441 3036 1720 3109 sicutsupradictum
1731 3033 1787 3088 tue·

145 3127 294 3199 principio,
309 3131 338 3185 id
351 3139 394 3188 est
407 3134 437 3188 in
446 3136 517 3191 Filio
532 3136 629 3193 lecerit
643 3139 718 3193 Deus
735 3139 834 3192 coelum
851 3145 880 3191 et
888 3142 946 3191 ter·
986 3140 1042 3201 rat,
1057 3135 1220 3189 incarnatus
1239 3135 1291 3194 est,
1307 3130 1359 3183 hoc
1374 3133 1426 3192 est,
1443 3127 1557 3198 quando
1579 3124 1707 3180 Verbum
1727 3138 1786 3179 caro

145 3230 217 3269 ram.
234 3217 313 3281 Quod
325 3219 399 3275 idem
410 3223 497 3278 Filius
510 3225 545 3280 de
563 3243 593 3280 se
606 3227 727 3281 ostendit
740 3227 768 3280 in
785 3226 944 3296 Evangelio,
986 3224 1091 3277 tactum
1104 3226 1156 3275 est.
1173 3219 1246 3274 Exiit
1260 3222 1355 3271 autem
1371 3219 1482 3270 oirrccns
1497 3213 1655 3280 diabolum,
1671 3213 1788 3283 primum

145 3302 241 3359 dicens
255 3307 358 3363 Judaeis
375 3328 380 3363 :
398 3312 456 3380 Ego
470 3314 693 3386 principiumqui
705 3320 734 3369 et
747 3316 847 3384 loquor
857 3314 944 3368 vobis.
986 3313 1017 3366 in
1028 3310 1130 3382 seipso,
1157 3314 1188 3362 ut
1210 3310 1328 3361 euinceret
1347 3304 1479 3376 deinceps
1498 3304 1580 3357 illum
1604 3303 1635 3356 in
1662 3298 1789 3355 membris

146 3392 274 3463 Actione,
285 3411 349 3450 curn
364 3399 502 3468 sequitur,
513 3407 545 3455 ut
558 3401 660 3455 faciam
674 3402 947 3471 voluntatemtuam,
987 3401 1055 3455 suis.
1067 3400 1221 3453 Possumus
1234 3400 1263 3449 et
1281 3410 1332 3465 per
1343 3409 1447 3464 equum
1461 3392 1560 3447 album
1575 3390 1735 3460 intelligere
1746 3404 1789 3459 ge

147 3478 225 3536 Deus
236 3499 325 3540 meas.
337 3486 427 3550 Quam
441 3490 633 3560 operationem
645 3490 720 3544 idem
733 3507 844 3561 quoque
860 3489 947 3544 Filius
987 3488 1122 3543 neraiiter
1135 3484 1322 3542 universalem
1338 3481 1504 3546 Ecclesiam,
1524 3496 1589 3551 quae
1601 3478 1735 3534 dealbata
1751 3481 1788 3531 est

148 3586 229 3625 suam
245 3589 306 3628 esse
321 3576 443 3630 ostendit
457 3593 522 3632 cum
538 3578 567 3634 in
589 3580 739 3650 Evangelio
754 3579 887 3650 loquitor,
907 3578 948 3632 di·
987 3578 1017 3632 in
1030 3576 1209 3647 baptismate,
1225 3573 1271 3627 cui
1286 3571 1415 3627 Christus
1431 3569 1574 3641 praesidet,
1596 3585 1663 3640 quae
1678 3567 1744 3622 dicit
1761 3565 1788 3618 in

147 3674 232 3713 cens:
248 3662 324 3715 Meus
338 3664 414 3717 cibus
428 3670 465 3718 est
481 3671 512 3719 ut
525 3668 629 3733 facium
644 3671 812 3722 saluritatem
827 3670 886 3735 ejus
899 3669 948 3734 qui
990 3667 1099 3738 psalmo
1110 3661 1344 3734 quinquagesimo
1362 3659 1511 3728 :Asperum
1526 3675 1580 3721 mc,
1591 3659 1720 3723 Dareine,
1731 3657 1787 3723 llas·

149 3749 228 3801 misit
241 3765 284 3803 inc
296 3752 388 3804 Patris
404 3753 492 3809 (loun.
507 3768 555 3818 rvr.
573 3757 710 3811 Caeterum
729 3761 760 3810 ut
775 3754 894 3819 breviter
907 3754 948 3808 di·
988 3771 1060 3824 sepo,
1071 3760 1094 3807 ct
1110 3752 1285 3806 inundatur:
1302 3749 1406 3802 locabis
1420 3763 1472 3811 ine,
1488 3746 1790 3815 etsuperaioemdeoi·

148 3849 255 3902 carnus,
280 3842 347 3892 tanc
370 3855 460 3910 agnus
483 3849 591 3915 septem
608 3845 700 3915 sigilla
723 3845 803 3900 nobis
825 3843 946 3916 aperuit,
989 3844 1082 3898 babor.
1098 3840 1264 3913 Specialiter
1282 3845 1377 3892 autem
1391 3837 1422 3890 in
1441 3851 1513 3907 equo
1528 3834 1593 3889 albo
1614 3835 1686 3890 ordo
1698 3832 1790 3905 predi·

150 3922 262 3993 quando
276 3942 327 3996 pro
341 3929 432 3985 salute
446 3937 553 4000 nostra,
575 3934 648 3989 sicut
662 3940 724 3988 erat
745 3934 774 3987 in
795 3932 948 4004 Scripturis
988 3938 1116 3986 catorum
1127 3927 1303 4001 exprimitur,
1314 3927 1349 3981 de
1362 3941 1418 3997 quo
1430 3924 1500 3979 dicit
1514 3923 1787 3992 Habacucltlupnul:

149 4012 255 4068 sanctis
268 4014 303 4070 de
318 4033 351 4072 eo
365 4021 545 4090 promissum,
556 4028 582 4077 et
592 4023 670 4078 irasci
682 4028 711 4077 et
720 4023 791 4077 mori
806 4028 861 4076 eta
875 4038 949 4076 mor·
988 4020 1106 4078 Ascende
1124 4033 1207 4086 super
1221 4032 1301 4084 equos
1317 4021 1387 4080 tuos,
1402 4018 1432 4068 et
1445 4013 1590 4084 equitatus
1606 4019 1675 4067 tuus
1689 4010 1789 4066 sanitas

150 4100 206 4156 tuis
219 4119 376 4177 resurgere,
393 4126 444 4165 nec
462 4128 519 4166 non
534 4113 570 4166 ad
584 4104 668 4167 coelos
682 4112 833 4166 ascendere
850 4111 946 4177 voluit,
995 4115 1047 4165 est.
1064 4108 1117 4172 Qui
1128 4109 1194 4177 jare
1209 4105 1274 4176 equi
1285 4102 1396 4159 Domini
1407 4107 1553 4167 vocantur,
1567 4101 1616 4173 qui
1630 4118 1650 4156 a
1663 4101 1791 4157 Dominus

147 4182 219 4244 'etse
234 4193 416 4264 adjudicium
431 4206 581 4255 venturum
598 4218 659 4255 esse
671 4200 808 4271 praedixit.
826 4200 906 4253 Unde
920 4204 949 4253 et
989 4199 1046 4254 illis
1061 4196 1215 4269 praesidens
1235 4211 1285 4265 per
1299 4193 1361 4247 illos
1386 4192 1532 4246 universas
1554 4196 1658 4261 gentes
1673 4187 1791 4244 circuivit

151 4292 302 4348 resurgens
316 4299 333 4337 a
347 4288 476 4353 mortuis,
487 4290 598 4359 aperuit
616 4289 761 4359 discipulis
781 4305 895 4342 sensum
917 4293 949 4342 ut
989 4284 1166 4358 praedicando
1177 4288 1261 4353 atque
1276 4281 1311 4335 ad
1326 4282 1409 4334 fidem
1418 4295 1500 4335 suam
1511 4276 1790 4349 colligendo,quando

152 4363 343 4436 intelligerent
356 4374 450 4428 omnia
471 4391 532 4445 quae
556 4377 591 4430 do
610 4377 671 4448 ipso
687 4377 903 4432 continebantur
920 4377 949 4430 in
990 4376 1031 4430 illi
1044 4373 1161 4447 profecti
1175 4369 1396 4442 praedicaverunt
1419 4367 1533 4439 ubique,
1551 4368 1586 4422 de
1601 4385 1661 4439 qua
1674 4367 1789 4423 sessione

154 4452 526 4527 Scripturissanctis,dicens
536 4464 603 4534 quia
617 4466 656 4520 sic
670 4469 790 4533 orrortuil
798 4469 859 4534 pail
871 4467 951 4521 ciria·
992 4464 1077 4519 etiam
1086 4461 1222 4517 Dominus
1230 4460 1312 4514 dicit:
1326 4461 1390 4513 Ecce
1405 4474 1451 4526 eqo
1465 4459 1606 4512 sublacum
1620 4474 1687 4512 carn
1710 4457 1790 4510 omni·

153 4546 227 4598 stum
237 4551 262 4600 ct
270 4563 412 4617 resurgere
421 4568 438 4605 o
448 4557 567 4607 errortot's
576 4553 724 4623 cleram).
734 4555 802 4609 Inde
812 4560 855 4609 est
864 4554 950 4608 etiam
993 4555 1041 4607 ties
1055 4553 1150 4606 dicbus
1160 4566 1243 4617 usque
1257 4550 1294 4602 od
1304 4549 1573 4603 cornuinmotioncm
1587 4544 1787 4616 sccuiifflctlb.

152 4634 228 4704 quod
237 4635 382 4710 discipulis
392 4641 529 4713 Spiritum
541 4649 668 4697 sanctum
684 4661 714 4698 se
728 4646 880 4696 missurum
889 4659 952 4713 pro·
992 4644 1099 4708 xxviii).
1129 4640 1221 4710 Eques
1237 4653 1303 4706 ergo
1328 4636 1375 4706 qui
1397 4634 1522 4700 sedebat,
1549 4633 1677 4690 habebat
1690 4647 1785 4692 arcum,

152 4723 291 4796 misit,qui
304 4743 352 4782 eos
365 4729 479 4786 doceret
495 4732 599 4800 omnia,
611 4738 640 4787 et
654 4732 700 4804 qui
713 4732 753 4786 eis
764 4748 825 4802 qua
835 4737 952 4785 ventura
993 4730 1060 4803 qnia
1077 4744 1128 4800 per
1141 4726 1370 4799 praedicationem
1385 4723 1532 4807 doctorum
1547 4724 1699 4778 sententiis
1712 4717 1788 4776 divini

153 4818 236 4867 erant
253 4819 443 4875 annuntiaret.
993 4819 1077 4874 Verbi
1092 4818 1220 4873 Christus
1232 4814 1369 4887 percussit
1382 4813 1466 4867 corda
1485 4812 1650 4882 gentilium,
1667 4818 1697 4865 et
1713 4811 1786 4864 inter

190 4903 223 4955 nt
236 4907 335 4961 oudini
356 4926 448 4964 anicia
470 4929 502 4966 en
522 4917 643 4979 quotuor
666 4913 838 4965 animalibus
860 4911 952 4964 diceres
992 4908 1059 4964 fecit
1067 4907 1097 4960 in
1111 4906 1151 4960 eis
1166 4905 1235 4959 vitia
1249 4911 1277 4959 et
1290 4914 1413 4974 peccata,
1431 4906 1463 4956 ut
1476 4906 1574 4972 posset
1593 4915 1741 4971 resurgere
1752 4911 1788 4951 ss·

155 4991 290 5056 Ecquem
304 5012 391 5051 ccccm
405 5003 526 5055 tonitrui
539 5018 547 5052 .·
567 5003 630 5055 Veni
648 5006 672 5054 et
684 5002 753 5055 eicie.
775 5001 807 5054 ln
825 5000 952 5054 hocloco
993 4996 1067 5051 nitas
1082 4994 1227 5048 virtutum.
1244 4992 1459 5046 Gorrvnaautem
1474 4988 1633 5044 secundum
1647 4989 1724 5043 hunc
1736 5000 1786 5040 sea·

155 5090 243 5130 unum
252 5081 355 5137 animal
365 5086 535 5155 primitivam
548 5089 698 5143 Ecclesiam
710 5088 850 5159 significat
859 5105 892 5141 ex
905 5088 919 5141 J
923 5103 953 5141 u·
994 5101 1057 5140 sum
1072 5081 1223 5154 dupliciter
1233 5079 1455 5152 potestintelligi
1464 5096 1470 5130 :
1479 5076 1530 5132 Vel
1541 5077 1661 5132 victoria
1670 5075 1786 5130 videlicet

156 5164 233 5231 (¹25⁸,
246 5167 391 5239 dequibus
405 5177 539 5247 scriptum
553 5158 684 5249 estquod
696 5194 753 5231 una
767 5177 812 5231 dic
826 5176 953 5232 credide·
994 5170 1195 5227 sanctorumde
1206 5168 1317 5223 diabolo
1323 5174 1351 5223 et
1360 5167 1587 5238 persecutoribus
1593 5167 1681 5237 hujus
1690 5163 1786 5229 mundi,

155 5260 223 5311 runt
236 5258 292 5312 tria
312 5260 409 5328 millia,
434 5264 490 5318 alia
505 5267 628 5339 quinque
649 5266 749 5333 millia,
773 5274 802 5321 et
823 5266 954 5336 deinceps
993 5262 1037 5317 vel
1052 5261 1137 5315 etiam
1151 5257 1303 5313 multitudo
1323 5255 1514 5327 subjectorum
1530 5255 1723 5324 fidelium,pro
1737 5252 1787 5324 qui·

156 5346 356 5418 multamillia.
374 5351 496 5406 loannes
508 5360 601 5409 antem
614 5356 765 5410 Ecclesiam
778 5362 952 5427 sequentem.
996 5351 1048 5406 bus
1061 5348 1114 5420 ipsi
1128 5344 1384 5401 remunerationem
1406 5343 1504 5398 aeterni
1524 5343 1606 5413 regni
1629 5342 1786 5414 percipiunt,

154 5436 229 5492 Dicit
239 5454 306 5509 ergo
316 5441 433 5511 angelus
442 5441 544 5495 loanni
554 5460 560 5495 :
569 5444 640 5497 Veni
651 5451 679 5498 et
691 5445 762 5510 vide,
778 5445 845 5517 quia
858 5445 956 5499 videli·
998 5437 1227 5510 sicutApostolus
1241 5433 1417 5490 auditoribus
1426 5432 1493 5487 dicit
1509 5433 1626 5503 lebam.
1643 5439 1684 5502 rv)
1700 5426 1788 5496 :Quod

158 5536 203 5588 cet
214 5529 338 5589 Ecclesia
351 5530 496 5605 primitiva
508 5547 561 5586 sua
576 5532 744 5588 doctrinaet
761 5534 959 5609 predicatione
998 5531 1132 5599 parisium
1154 5531 1205 5580 aut
1224 5540 1285 5597 qua
1307 5539 1408 5581 corono
1427 5521 1525 5594 gaudii
1539 5523 1608 5591 mei,
1635 5537 1728 5578 nonne
1749 5532 1788 5573 sos
