3840 6098
162 255 214 312 titt
499 253 691 311 EXPOSITIO
711 253 751 308 IN
770 250 846 307 EPP.
870 252 900 309 S.
918 249 1038 305 PAULI.
1060 278 1092 292 -
1111 251 1152 307 IN
1170 252 1282 308 EPIST.
1302 255 1351 310 AD
1370 255 1458 312 ROM.
1742 269 1818 328 450,

162 376 272 443 didit,et
281 377 311 432 in
326 378 386 449 ipso
401 377 598 449 perfectionem
606 377 811 450 Justitiaenobis
821 376 955 440 exhibuit,
966 375 1094 434 Aluturo
1106 378 1593 450 praedixit,Paulusapostolusverbo
1608 386 1669 455 ejus
1678 388 1714 442 ad
1723 390 1802 444 Chri·

162 465 241 534 cuy'us
253 466 318 520 fidei
325 467 419 536 gratie
428 467 626 538 perfectionem
637 466 958 537 consequimereremur.
1002 470 1077 518 stum
1094 467 1323 522 retulitafferens
1334 468 1411 522 illurn
1426 469 1478 523 hoc
1499 470 1601 526 dixisse
1615 491 1666 544 per
1676 477 1801 548 Moysen,

163 551 195 606 Et
209 553 375 622 quietudaei
387 555 528 623 justitiam
550 571 628 610 suam
645 556 958 625 quaesieruntstnmrro,
1001 553 1049 623 qui
1062 560 1105 607 est
1113 555 1226 623 justitia
1244 573 1319 610 veru.
1335 556 1442 620 Quibus
1457 558 1547 612 verbis
1560 560 1677 616 instruit
1689 581 1751 634 nos,
1765 582 1801 620 ne

162 639 246 694 idest
261 642 477 712 legisjustitiam
493 644 546 696 sibi
555 649 724 715 putaverunt
733 643 872 711 sufficere,
877 642 960 712 justi·
1001 640 1127 696 dicemus
1145 643 1171 696 in
1184 644 1266 697 corde
1279 651 1385 710 nostro,
1402 653 1431 699 et
1449 651 1581 716 putemus
1597 650 1739 706 Christum
1759 653 1801 707 lo·

162 729 205 782 tim
220 730 280 796 Dei,
296 731 378 785 idest
393 732 505 786 Christo
518 740 545 786 et
561 733 624 786 tidei
640 732 715 786 illius
734 738 819 801 atquc
831 731 959 802 Evange·
999 729 1088 782 colem
1104 747 1175 797 esso,
1191 737 1223 785 ut
1242 731 1271 784 in
1288 732 1382 802 aliquo
1397 734 1457 786 loco
1476 735 1664 797 contineatur,
1681 740 1729 792 sed
1750 757 1801 810 po-

160 817 217 871 lice
234 818 369 874 doctrinae
383 822 536 874 noluerunt
549 821 620 874 colla
632 821 807 875 submittere.
998 818 1055 872 tius
1068 820 1216 873 credamus
1226 820 1305 874 illum
1321 822 1474 875 secundum
1485 822 1639 879 divinitatis
1651 827 1802 896 plenitudi-

195 909 274 962 Finis
285 911 361 962 enim
374 910 457 975 tepis,
476 911 600 965 Christus
615 914 662 969 est,
677 911 868 976 adjustitiam
881 913 958 963 oiruu'
1000 923 1063 960 nem
1080 907 1295 977 ubiqueesse,ec
1304 925 1354 979 per
1371 911 1466 964 omnin
1490 911 1622 966 diffusum
1637 932 1700 968 curn
1718 917 1800 971 Patre
1843 912 1847 919 '

160 998 288 1050 eruteuti.
306 997 357 1050 Est
369 997 433 1052 linis
454 997 503 1069 qui
519 1014 569 1068 pro
584 997 797 1068 consumptione
811 998 956 1068 accipitur,
999 1003 1028 1048 et
1042 996 1149 1066 Spiritu
1165 1004 1272 1063 sancto,
1284 998 1364 1066 juxta
1380 999 1454 1068 quod
1468 1000 1543 1053 Deus
1558 1002 1642 1056 Pater
1661 1021 1712 1074 per
1724 1006 1800 1060 lere·

159 1083 232 1138 sicut
242 1090 318 1151 tune,
330 1086 443 1156 quando
458 1086 576 1140 dicimus
591 1105 597 1140 ς
614 1087 635 1140 F
637 1086 708 1140 inite
723 1094 765 1141 est
772 1103 860 1151 eoenn,
877 1086 905 1140 id
916 1092 959 1141 est
999 1085 1084 1138 mium
1099 1085 1264 1155 prophetam
1274 1085 1343 1138 dicit
1355 1103 1360 1136 :
1374 1088 1474 1141 Cretum
1490 1094 1515 1141 ot
1527 1094 1632 1143 terrum
1641 1108 1687 1158 epo
1696 1096 1797 1162 impleo

159 1180 324 1244 consumpto
343 1182 405 1241 est;
422 1176 508 1229 etiem
524 1176 691 1247 quandoque
715 1193 764 1246 pro
778 1192 957 1231 consumma·
997 1171 1066 1243 (Jer.
1084 1172 1295 1243 inotldeoque
1309 1174 1383 1227 onim
1395 1190 1451 1227 non
1461 1177 1637 1231 concluditur
1647 1180 1716 1247 loce,
1731 1183 1798 1252 quic

154 1262 233 1316 tione
244 1269 273 1317 et
283 1263 612 1334 pertectionesicuttunc
620 1264 731 1334 quando
739 1265 869 1319 dicimus:
883 1265 957 1319 Fini·
998 1260 1026 1313 in
1043 1277 1076 1314 eo
1095 1261 1223 1315 consistit
1237 1262 1328 1315 omnis
1354 1262 1440 1315 locus
1457 1264 1634 1320 Praesidendo
1658 1268 1798 1338 siquidem

150 1356 187 1404 te
199 1358 244 1406 est
259 1353 325 1416 tela,
342 1353 394 1407 hoc
405 1361 448 1407 est
462 1354 585 1424 perfecto
598 1357 626 1407 et
635 1358 839 1407 consummato.
853 1355 956 1407 Secun-
996 1351 1228 1416 sustinetomnio,
1241 1351 1404 1406 sustinendo
1428 1352 1566 1421 presidet,
1583 1354 1727 1425 implendo
1742 1359 1798 1412 cir-

142 1439 224 1494 ‹lum
240 1440 313 1495 hunc
328 1458 441 1496 sensum
456 1441 560 1495 dicitur
574 1441 701 1496 Christus
725 1441 789 1494 sinis
803 1458 863 1495 esse
875 1442 954 1511 legis,
997 1439 1322 1502 cumdut,circumdnndo
1332 1440 1441 1510 implet.
1451 1439 1484 1493 hi
1499 1441 1661 1512 verbisergo
1671 1446 1798 1514 Apostoli

134 1544 212 1587 mon
224 1531 464 1602 consumptio,sed
474 1531 623 1602 completio
633 1536 662 1584 et
672 1530 876 1584 consummatio
886 1529 955 1599 legis
997 1543 1095 1581 seusus
1110 1528 1272 1598 hujusmodi
1288 1534 1331 1582 est
1355 1550 1360 1582 z
1386 1529 1427 1582 Ne
1448 1528 1551 1582 dixeris
1566 1529 1595 1582 in
1609 1531 1765 1600 cordetuo,
1781 1550 1796 1586 o
1861 1522 1863 1526 ’

130 1617 447 1688 aetPropheterummd
455 1618 594 1688 justitiam
606 1618 682 1672 omni
693 1618 957 1688 credentiComple·
999 1616 1158 1685 quicunque
1175 1633 1215 1679 es,
1231 1616 1294 1687 quis
1310 1616 1443 1670 ascendet
1456 1616 1485 1670 in
1499 1618 1622 1671 coeluni?
1638 1620 1664 1672 id
1678 1627 1728 1684 est,
1741 1638 1797 1677 non

127 1703 195 1761 iio
210 1705 282 1776 legis
297 1713 326 1759 et
339 1707 540 1778 prophetarum
554 1708 614 1777 ipse
632 1712 684 1771 est,
704 1707 771 1777 quia
784 1706 880 1760 omnio
894 1724 955 1778 quae
965 1705 1094 1780 Beredos
1106 1698 1247 1759 Christum
1260 1705 1376 1758 localem
1387 1722 1458 1769 esse,
1473 1712 1505 1759 ut
1521 1706 1618 1760 credas
1634 1707 1713 1762 illum
1734 1716 1798 1780 post

118 1792 212 1858 lex
226 1800 255 1848 et
265 1795 406 1865 propheten
418 1794 507 1849 verbis
518 1801 546 1849 et
556 1795 697 1866 mysteriis
707 1795 956 1866 deipsopraedixe-
997 1793 1188 1846 ascensionem
1204 1793 1245 1847 ita
1258 1810 1318 1846 esso
1337 1794 1366 1846 in
1391 1795 1469 1852 culo.
1486 1800 1587 1848 utnon
1602 1795 1639 1849 sit
1654 1797 1770 1851 interra
1788 1818 1794 1851 :

115 1889 229 1947 tent,
246 1899 297 1953 per
311 1884 493 1955 semetipsum
512 1884 669 1954 complevit.
695 1884 775 1938 Unde
788 1884 911 1955 pendens
927 1884 957 1937 in
996 1887 1047 1934 eut
1059 1881 1099 1935 ita
1122 1899 1183 1935 esse
1198 1882 1329 1935 deorsum
1345 1882 1373 1935 in
1388 1881 1489 1952 abysso
1503 1883 1577 1952 opud
1595 1883 1707 1950 interos,
1721 1892 1753 1939 ut
1768 1890 1796 1939 te

119 1986 248 2036 cruce,
262 1971 322 2025 eit:
339 1974 569 2028 Consummatum
585 1978 623 2026 ert
638 1975 728 2036 (loon.
741 1979 806 2039 xix).
817 1973 897 2036 Quod
907 1972 955 2043 qui
996 1986 1108 2026 sursum
1124 1972 1247 2041 positum
1276 1972 1395 2041 ignoret,
1416 1972 1465 2025 sed
1488 1973 1569 2027 crede
1588 1972 1668 2028 illum
1692 1975 1795 2046 ubique

115 2059 245 2120 credit
270 2065 299 2113 et
322 2061 471 2115 confitetur·
492 2060 674 2130 justificatur,
695 2061 718 2114 si
740 2066 835 2115 tamen
869 2078 955 2130 opere
996 2076 1056 2114 csse
1071 2067 1236 2130 praesentem
1252 2060 1405 2115 secundum
1424 2060 1610 2126 divinitatem,
1627 2063 1699 2116 sicut
1713 2063 1747 2117 dc
1762 2081 1795 2118 eo

119 2146 244 2216 digna
254 2148 307 2202 lide
316 2148 421 2202 iecerit.
434 2149 492 2202 Hoc
504 2155 598 2203 eutem
608 2149 694 2203 distat
708 2149 782 2202 inter
796 2149 955 2203 officiumet
994 2147 1097 2201 dicitur
1115 2166 1121 2200 ε
1135 2146 1279 2216 Sapientia
1304 2149 1417 2214 ottiuyit
1443 2163 1460 2200 o
1483 2150 1536 2213 fine
1550 2147 1653 2220 ubique
1663 2151 1700 2202 od
1712 2153 1795 2217 finem

125 2233 253 2297 finem.
270 2234 349 2298 Quod
361 2234 483 2288 officium
499 2241 542 2288 est
557 2235 619 2305 ipsa
632 2252 676 2288 res
689 2252 752 2305 quae
765 2236 861 2305 egitur
872 2254 878 2301 3
891 2237 954 2290 tlnis
994 2237 1143 2303 sortiterut
1151 2237 1274 2303 disponit
1284 2238 1379 2288 bruttio
1390 2236 1660 2303 suavitertSop.v1u).
1669 2238 1711 2291 Ne
1719 2239 1796 2292 dixe·

120 2336 231 2385 vero,
247 2321 339 2393 ipsum
355 2329 469 2394 propter
488 2324 562 2394 quod
588 2324 691 2394 agitur.
714 2325 854 2388 Officium,
870 2326 955 2378 leret
995 2324 1034 2378 ris
1045 2341 1122 2394 ergo,
1144 2340 1160 2376 o
1177 2324 1271 2384 homo.
1290 2323 1351 2393 quis
1371 2323 1503 2378 ascendet
1516 2323 1545 2376 in
1557 2325 1668 2388 coelum,
1684 2332 1716 2380 ut
1729 2327 1795 2382 iude

128 2411 307 2490 prophetae,
332 2411 397 2465 linis
412 2412 550 2477 Christus,
571 2418 685 2484 propter
698 2430 781 2484 quem
799 2413 894 2468 omnio
906 2413 955 2466 ille
996 2413 1139 2468 Christum
1154 2412 1276 2466 deducat
1289 2411 1368 2476 mihi,
1383 2412 1431 2482 qui
1455 2428 1500 2465 me
1523 2413 1630 2478 docent,
1648 2415 1748 2468 saltem
1764 2415 1794 2469 in

131 2506 369 2574 precesserunt.
995 2502 1080 2556 corde
1093 2501 1150 2555 noli
1163 2501 1256 2554 dicere
1270 2500 1332 2565 hoc,
1342 2499 1408 2570 quia
1420 2499 1465 2553 hic
1486 2506 1530 2554 est
1548 2501 1676 2556 Christus
1691 2509 1719 2556 et
1731 2503 1794 2557 ubi-

203 2588 295 2655 Moyses
309 2592 385 2642 enim
400 2588 449 2643 ille
459 2593 577 2659 scripsit,
591 2593 726 2658 quoniam
735 2592 880 2655 justitiam
895 2605 954 2658 que
996 2607 1059 2661 que.
1076 2590 1147 2644 Num
1162 2590 1191 2643 in
1205 2595 1281 2642 terre
1295 2595 1355 2641 eret
1376 2593 1405 2641 et
1424 2587 1536 2642 dicebat
1551 2605 1556 2640 :
1572 2591 1657 2642 iVemo
1671 2592 1793 2644 escendit

144 2690 200 2731 ex
210 2676 255 2741 lepe
275 2682 312 2729 est
332 2680 383 2744 qut
401 2680 495 2745 lecerit
516 2680 604 2739 homo,
621 2681 692 2734 oi'oet
707 2681 738 2730 in
753 2694 784 2730 ea
798 2696 806 2731 .·
821 2677 955 2731 subaudis
996 2681 1144 2741 incolum,
1157 2680 1214 2730 nisi
1226 2678 1313 2730 Filius
1329 2677 1450 2729 hominis
1460 2678 1509 2743 qui
1526 2681 1564 2728 est
1579 2679 1609 2729 in
1624 2679 1685 2730 coto
1698 2677 1791 2748 (loon.

149 2763 273 2833 justitia.
294 2765 355 2826 Vel,
368 2766 563 2836 sicutquidnm
577 2766 685 2820 codices
699 2765 804 2819 hubent
820 2765 911 2819 :vivet
926 2767 955 2818 iu
996 2770 1044 2834 ιιι),
1061 2765 1200 2835 quomodo
1213 2780 1268 2817 non
1284 2763 1451 2833 megistum
1467 2763 1504 2815 sit
1526 2763 1555 2815 in
1570 2764 1649 2827 coelo,
1663 2770 1706 2818 est
1721 2765 1793 2819 etin

157 2849 216 2913 eis,
229 2851 357 2906 subaudis
375 2854 514 2907 mandetis
529 2860 557 2907 et
571 2854 728 2923 proeceptis.
743 2854 845 2923 Legem
861 2854 957 2923 posuit
996 2853 1091 2908 terra?
1104 2855 1161 2906 Aut
1175 2852 1238 2922 quis
1252 2850 1402 2905 descendet
1410 2850 1438 2903 in
1451 2849 1603 2921 abyssum?
1615 2850 1711 2905 subdit
1722 2853 1794 2922 Apo·

162 2952 216 3007 pro
227 2941 352 3010 operibus
367 2941 459 3011 Legis,
475 2941 559 2995 idest
583 2941 804 3006 circumcisione,
820 2943 877 2995 otio
891 2942 955 2996 seb·
997 2943 1086 2996 stolus
1098 2959 1131 2995 ex
1147 2958 1198 2994 suo
1214 2960 1219 2992 :
1237 2941 1295 2993 Hoc
1318 2947 1361 2993 est
1382 2939 1523 2993 Christum
1540 2956 1572 2992 ex
1583 2939 1702 2993 mortuis
1713 2957 1793 2995 revo-

125 3078 132 3090 ,
166 3022 230 3092 bati,
242 3029 402 3098 ceterisque
416 3029 553 3099 legalibus
562 3029 703 3100 operibus.
717 3028 734 3082 J
737 3029 832 3084 ustitia
847 3047 908 3101 quae
921 3047 954 3084 ex
964 3028 985 3086 C
997 3046 1078 3094 care,
1101 3029 1231 3083 similiter
1250 3034 1278 3082 et
1300 3040 1386 3098 supro
1400 3067 1407 3080 .
1424 3027 1477 3080 hoc
1489 3034 1533 3081 est
1544 3027 1688 3082 Christum
1704 3029 1793 3084 dedu-

169 3111 279 3183 legcest,
296 3116 389 3170 vivere
408 3117 549 3171 hominem
572 3117 601 3172 in
625 3135 655 3172 se
673 3117 802 3181 iaciebat,
819 3118 952 3187 quianon
994 3135 1066 3173 cere.
1081 3118 1144 3172 Non
1160 3133 1273 3171 necesse
1281 3116 1367 3169 habes
1376 3115 1411 3168 ab
1423 3115 1522 3169 inferis
1532 3116 1676 3171 Christum
1684 3134 1791 3183 vocare,

173 3197 384 3260 interficiebatur.
406 3206 556 3260 Praemium
582 3223 649 3276 ergo
664 3205 739 3261 illius
750 3207 868 3277 justitiae
882 3207 953 3260 nihil
995 3222 1078 3277 quem
1091 3204 1194 3276 ubique
1204 3210 1370 3275 praesentem
1386 3203 1470 3258 debes
1477 3206 1716 3274 agnoscere,unde
1725 3205 1794 3259 dicit

174 3286 304 3347 oliuderat
319 3310 405 3364 quem
421 3293 478 3346 vita
494 3310 616 3363 praesens
637 3310 698 3364 quae
722 3310 778 3348 non
792 3294 951 3348 tollebatur.
994 3295 1055 3366 ipsa
1068 3294 1214 3363 Scriptura
1234 3292 1463 3347 Deuteronomii:
1482 3295 1566 3360 Prope
1580 3298 1617 3346 est
1633 3296 1746 3346 verbum
1760 3297 1791 3347 iu
1837 3322 1842 3331 ·

176 3371 240 3434 Vivet
251 3382 277 3435 in
289 3398 323 3436 ea
333 3382 411 3441 dicit,
427 3382 455 3434 id
469 3388 511 3436 est
524 3389 642 3436 mortem
653 3388 819 3453 praesentem
835 3383 951 3437 evadet:
994 3399 1040 3438 ore
1054 3389 1100 3437 tuo
1110 3388 1134 3436 et
1148 3385 1179 3435 in
1192 3383 1269 3435 ocule
1285 3386 1330 3434 tuo
1345 3382 1431 3446 (derit.
1441 3396 1514 3438 xxxi.
1531 3381 1654 3435 Verbum
1669 3381 1714 3435 hic
1723 3382 1791 3436 sini-

177 3460 262 3536 Siquis
276 3487 342 3525 vero
349 3471 533 3541 spiritualiter
544 3488 577 3524 ea
588 3487 650 3540 quae
661 3470 706 3524 lex
717 3470 844 3540 praecipit
853 3469 954 3540 imple·
994 3474 1105 3546 pliciter
1114 3477 1261 3545 possumus
1271 3472 1436 3541 intelligere,
1447 3472 1470 3525 si
1484 3472 1610 3526 volumus
1620 3473 1735 3528 verbum
1750 3474 1792 3529 le-

178 3553 238 3620 rerit,
251 3558 314 3613 licet
328 3560 357 3613 in
374 3559 505 3630 praesenti
521 3566 647 3629 tempore
666 3574 724 3612 non
744 3566 949 3624 remuneretur,
979 3547 1044 3633 ¹gis,
1061 3563 1136 3635 quod
1150 3562 1189 3615 illi
1200 3562 1228 3614 in
1244 3577 1292 3614 ore
1303 3560 1443 3613 habebunt
1454 3561 1565 3615 assidue
1580 3561 1648 3615 illud
1662 3562 1790 3631 legendo,

179 3635 291 3700 intumo
306 3654 402 3701 tamen
414 3647 650 3701 remunerationis
662 3663 748 3700 causa
766 3647 852 3700 vitem
869 3653 951 3702 aeter·
993 3651 1021 3705 in
1036 3651 1119 3704 corde
1144 3666 1255 3722 quoque
1273 3649 1381 3718 jugiter
1406 3649 1577 3714 meditand0,
1598 3665 1629 3702 ac
1650 3650 1792 3704 momoriae

180 3740 236 3791 ltu.
249 3735 274 3789 id
286 3743 330 3791 est
341 3737 589 3807 praesentissimum
602 3736 804 3807 omnipotentis
824 3738 874 3791 Dei
890 3739 951 3791 rut·
992 3738 1225 3794 commendando.
1249 3737 1348 3790 hltiori
1362 3744 1457 3790 autem
1481 3754 1566 3792 sensu
1582 3737 1697 3791 verbum
1714 3739 1790 3793 istud

180 3820 224 3870 itm
239 3824 360 3895 accipiet.
992 3833 1044 3891 est,
1062 3827 1096 3881 de
1112 3843 1167 3897 quo
1180 3828 1302 3881 loannes
1315 3825 1355 3878 ait
1369 3844 1375 3876 :
1391 3828 1423 3880 In
1434 3829 1572 3894 principio
1586 3832 1645 3881 erat
1666 3829 1788 3891 Verbum,

207 3907 354 3972 Oueoutem
369 3916 461 3980 enfide
474 3920 512 3968 est
519 3917 644 3983 justitio.
658 3917 696 3968 sie
714 3917 791 3968 dicit.
808 3913 951 3969 iustitiam
993 3920 1017 3968 et
1036 3917 1149 3968 Verbum
1163 3918 1223 3966 erut
1238 3914 1313 3979 cyrrut
1336 3913 1422 3965 Deum
1447 3919 1471 3965 et
1492 3915 1562 3966 Deus
1586 3920 1645 3967 eret
1676 3917 1789 3969 Verbum

182 3989 338 4072 hieropolim
353 4003 506 4066 Christum,
522 4005 570 4075 qui
586 4004 805 4073 perpessionem
822 4020 901 4058 suam
924 4008 952 4057 et
993 4005 1084 4070 (toan.
1103 4007 1131 4067 i).
1146 4001 1218 4069 Ergo
1234 3999 1301 4070 quio
1316 4000 1388 4052 Deus
1405 4003 1466 4052 erat
1480 3999 1612 4066 Verbum,
1629 4018 1714 4072 prope
1729 4002 1792 4056 erat

181 4078 249 4153 Mem,
261 4091 397 4158 justitient
409 4092 437 4147 in
453 4109 483 4146 se
498 4093 654 4146 credentes.
671 4093 726 4147 Isto
739 4092 852 4162 justitie
868 4092 951 4145 Chri·
992 4091 1022 4145 in
1032 4106 1080 4144 ore
1095 4096 1123 4142 et
1137 4089 1165 4142 in
1176 4088 1258 4142 corde
1273 4088 1395 4147 illorum,
1421 4093 1518 4158 utpote
1536 4088 1610 4158 quod
1637 4089 1732 4144 omnin
1746 4107 1791 4144 re-

182 4172 275 4247 lt¹1⁸,qui
288 4185 331 4233 est
342 4180 465 4235 Verbum
476 4181 524 4235 Dei
536 4181 638 4244 Petris,
650 4180 690 4234 sic
701 4180 770 4234 dicit
780 4180 808 4234 in
817 4181 951 4234 Dentero·
992 4180 1058 4251 piet.
1069 4180 1141 4234 Nam
1152 4177 1252 4233 beatus
1264 4176 1451 4246 Hieronymus
1464 4175 1531 4229 dicit
1547 4193 1553 4228 :
1567 4176 1645 4232 Sicut
1659 4177 1743 4232 vestis
1751 4184 1792 4232 to-

183 4262 251 4316 nonio
267 4284 315 4337 per
335 4269 461 4338 Moysen,
485 4269 552 4339 quia
570 4269 629 4339 ipse
645 4268 813 4339 loquebatur
833 4285 883 4339 per
902 4285 983 4356 oron
993 4275 1053 4323 tuni
1069 4266 1245 4338 corpushinc
1256 4265 1321 4320 inde
1330 4264 1495 4330 circumdat,
1508 4265 1547 4318 its
1554 4266 1680 4320 Christus
1690 4267 1792 4323 electos

184 4350 363 4418 rophetarum.
381 4358 531 4411 dedicerit
547 4361 576 4410 tn
589 4359 667 4412 corde
692 4363 739 4411 tuo
753 4361 815 4424 quir
827 4358 951 4410 ascendet
993 4354 1789 4427 suosundiquecircumdandoenrplectitur,imoamplim,

186 4429 208 4483 in
216 4443 307 4498 colum?
315 4446 387 4499 idest
393 4445 534 4500 Christum
544 4447 734 4510 centauream
743 4448 806 4514 quis
814 4447 953 4499 descendet
993 4446 1127 4516 quonium
1142 4444 1226 4497 restis
1240 4442 1436 4498 tantummodo
1447 4443 1618 4496 extrinsecus
1628 4460 1729 4514 corpus
1742 4444 1791 4498 cir-

186 4517 208 4572 V
218 4528 329 4597 abyssum
341 4538 354 4585 t
367 4534 415 4586 hoc
429 4540 467 4586 est
480 4533 621 4587 Christum
636 4550 670 4587 eo
682 4536 801 4586 iriortuis
816 4548 950 4587 reuocare.
994 4534 1117 4600 eumden
1134 4533 1302 4587 edhaerendo
1314 4531 1354 4585 illi
1364 4531 1492 4585 Christus
1501 4548 1567 4585 vero
1578 4537 1621 4585 est
1629 4532 1753 4587 exterius
1763 4535 1792 4586 in

188 4603 234 4666 fltt
249 4621 328 4675 rerba
348 4626 415 4675 sunt
438 4622 542 4692 partim
571 4622 668 4692 Moysi,
692 4621 796 4691 partim
814 4620 950 4691 Apostoli.
993 4637 1041 4678 ore
1052 4638 1106 4692 per
1115 4621 1327 4683 confessionem,
1344 4620 1463 4679 interius
1477 4619 1506 4672 in
1521 4620 1603 4674 corde
1612 4636 1661 4690 per
1670 4620 1793 4674 creduli-

189 4691 275 4760 banuo
287 4709 397 4780 Moyses
410 4709 489 4764 dedit
502 4709 605 4764 Judaeis
625 4709 727 4778 legem,
745 4708 816 4763 dixit
831 4708 872 4762 eis
888 4726 893 4760 z
911 4709 953 4762 Ne
994 4716 1092 4777 tatem,
1105 4711 1177 4766 sicut
1191 4711 1236 4764 hic
1249 4709 1361 4774 dicitur,
1378 4714 1407 4762 et
1416 4707 1546 4774 elios,ubi
1558 4708 1626 4761 dicit
1638 4708 1714 4761 idem
1721 4711 1794 4779 Apo·

190 4779 302 4850 thensin
316 4797 400 4852 corde
413 4803 473 4855 tuo.
488 4797 516 4850 id
536 4802 579 4850 est
593 4812 627 4849 ne
642 4797 732 4864 fingas
743 4795 771 4848 in
785 4801 879 4849 mente
893 4801 952 4862 tua,
995 4799 1085 4852 stolus
1101 4800 1152 4854 :In
1167 4801 1298 4852 interiori
1321 4798 1431 4850 licuitne
1448 4797 1572 4849 habitere
1591 4797 1732 4850 Christum
1742 4813 1794 4865 per

190 4871 281 4937 quisibit
291 4885 319 4939 in
328 4886 441 4951 coelum,
457 4891 490 4939 ut
502 4885 567 4939 inde
581 4884 650 4938 mihi
661 4883 760 4937 alteret
772 4882 823 4938 Dei
837 4883 954 4938 menda·
996 4889 1077 4955 tidem
1092 4888 1262 4941 tricordibus
1287 4886 1383 4939 restris
1406 4884 1507 4952 (lipbes.
1529 4890 1580 4948 ιιι).
1606 4885 1660 4938 Hoc
1673 4891 1711 4939 eet
1733 4887 1794 4940 Ver·

190 4960 249 5018 Vm?
259 4973 309 5028 Aut
324 4975 387 5045 quis
397 4973 545 5028 descendet
559 4975 587 5029 in
603 4972 747 5044 abyssum,
763 4979 796 5026 ut
809 4973 874 5028 inde
888 4973 957 5027 mihi
998 4978 1063 5030 bum
1076 4977 1224 5050 fideiquod
1236 4976 1429 5043 predicamus,
1446 4988 1496 5025 nos
1518 4973 1646 5043 apostoli.
1670 4974 1730 5030 Hoc
1754 4983 1797 5030 est

191 5044 263 5112 Mem
274 5061 339 5117 illud
354 5063 536 5116 mandatum?
550 5064 612 5116 Non
624 5067 667 5116 est
678 5077 791 5116 necesse
805 5066 836 5115 ut
851 5062 902 5115 hoc
916 5067 957 5116 to·
997 5063 1132 5126 Verbum,
1159 5062 1260 5133 inquit.
1289 5059 1388 5120 Filius,
1415 5059 1542 5113 videlicet
1568 5060 1619 5113 Dei
1639 5060 1742 5125 Patris,
1767 5063 1797 5117 in

191 5126 236 5190 Vt?
246 5161 355 5215 queres,
371 5150 459 5220 quie:
1001 5167 1094 5222 quem,
1109 5149 1260 5204 secundum
1274 5147 1502 5218 praedicationem
1525 5156 1662 5217 nostram,
1685 5151 1799 5207 credere

215 5225 281 5301 Prope
292 5242 329 5292 est
342 5238 464 5298 certum,
481 5236 508 5291 id
532 5242 575 5290 est
589 5237 754 5293 mandatum
769 5238 850 5308 legis.
866 5241 900 5293 ln
915 5255 960 5293 ore
1001 5244 1121 5311 oportet.

193 5310 251 5372 ‘Vel
263 5327 290 5378 in
302 5327 449 5391 cordetuo,
464 5332 492 5379 et
501 5326 745 5398 inpraesentiatuu
759 5328 896 5396 scriptum
916 5329 960 5382 ret
1038 5330 1110 5395 Ouio
1125 5330 1151 5380 si
1163 5330 1320 5394 confitearis
1335 5331 1366 5382 in
1377 5345 1423 5383 ore
1436 5332 1483 5382 tuo
1498 5329 1647 5384 horminum
1659 5332 1763 5395 desum,
1774 5333 1799 5382 et

193 5399 255 5463 etiam
266 5412 320 5485 ipse
333 5415 408 5469 Deus
429 5414 458 5468 in
476 5416 559 5469 corde
583 5421 631 5469 tuo
655 5416 726 5469 etin
741 5433 789 5470 ore
801 5414 911 5469 docebit
920 5421 957 5470 te.
1001 5417 1150 5471 credideris
1165 5419 1195 5469 in
1210 5419 1346 5475 cordetuo
1361 5420 1513 5487 quodllour
1528 5422 1612 5472 illum
1627 5421 1799 5472 suscitavita

193 5483 271 5554 Verum
285 5503 348 5574 quia
363 5505 473 5574 Moyses
487 5505 625 5575 prophete
646 5504 762 5573 exstitit,
779 5510 809 5559 et
821 5504 912 5558 multe
925 5505 960 5558 de
1001 5507 1130 5566 mortuis,
1154 5507 1247 5560 sulcus
1267 5509 1342 5573 eris,
1366 5507 1395 5563 id
1413 5513 1457 5562 est
1481 5508 1601 5563 sulutem
1620 5502 1803 5576 consequeris
