3818 6104
340 251 531 317 Expost'flo
546 259 586 317 ΙΝ
600 259 678 318 EPP.
694 261 723 318 S.
738 261 857 321 PAULI.
877 293 908 304 -
926 260 965 320 1N
979 261 1092 323 amsa.
1106 263 1119 320 1
1136 261 1185 319 AD
1199 261 1273 322 Tm.
1573 258 1626 327 786
1658 303 1663 313 ·

109 382 221 439 adebet
233 383 393 455 procedere,
410 385 477 455 quio
489 385 553 440 ideo
562 385 646 442 debet
658 387 747 443 Deum
757 393 818 451 etA
827 389 927 461 utique
938 389 1074 461 ,quienisi
1082 396 1156 446 esset
1164 390 1285 455 divinus,
1297 405 1475 463 nequaquam
1487 391 1624 465 potuisset

109 488 147 528 rm
160 472 289 543 diligere,
304 479 337 527 ut
359 479 465 528 eterna
494 475 610 544 praemia
638 492 669 530 se
692 483 786 548 speret
826 483 986 549 peccatores
1004 480 1095 535 salros
1109 480 1210 535 lacere.
1223 480 1278 535 Sed
1292 481 1448 536 humanum
1461 481 1542 537 illum
1553 483 1624 541 dixit

109 566 287 632 eccpturum.
302 561 342 616 De
356 561 412 616 side
421 562 504 616 etiam
520 579 577 617 non
592 564 702 628 lictant
711 566 786 636 quod
826 565 884 620 alio
893 567 985 631 modo,
999 568 1196 638 quiaVerbum
1206 584 1271 623 cero
1283 567 1389 624 fectum
1403 575 1456 638 est,
1471 576 1500 626 et
1515 570 1626 627 babita-

109 647 269 721 tiutelligit,
287 666 370 721 opere
384 651 521 721 perficiat.
538 652 610 706 Nam
625 653 695 707 tides
721 653 787 709 licta
826 653 866 709 rit
880 654 909 709 in
922 654 1019 723 nobis;
1035 656 1079 711 vel
1093 658 1184 713 fidelis
1197 674 1297 712 sermo
1320 664 1373 725 est,
1388 657 1417 713 id
1432 665 1477 714 est
1493 677 1576 716 verus
1595 667 1625 717 et

111 739 262 794 confitetur
275 755 335 803 ore,
349 739 399 793 sed
418 755 474 793 non
486 744 601 794 tenetur
615 740 708 806 corde,
738 758 785 797 ne·
826 742 929 813 dignus
938 749 991 809 est,
1003 751 1036 798 ut
1050 745 1087 798 ab
1103 745 1234 801 omnibns
1249 736 1379 818 acceptus
1393 746 1540 814 habeatur,
1557 750 1625 821 quia

109 832 211 882 matur
220 827 361 899 operibus,
376 844 460 899 quam
470 829 553 884 multi
560 827 676 895 babent,
684 828 786 900 dequi·
826 831 956 887 Christus
964 831 1047 888 Jesus
1062 833 1138 888 venit
1151 841 1310 905 peccatores
1323 835 1415 890 salvos
1426 835 1533 892 lacere:
1549 838 1624 894 sicut

109 920 172 973 tur:
193 917 370 971 Confitentur
383 933 413 971 se
427 932 510 971 nosse
524 917 624 982 Deum,
639 918 718 972 iactis
732 935 783 974 eu·
825 919 886 990 ipse
895 919 984 975 dixit:
1003 921 1064 976 Non
1087 925 1151 977 teni
1166 937 1261 977 siccare
1274 926 1375 991 justos,
1404 924 1450 979 sed
1468 930 1621 993 peccatores

109 1010 168 1060 aut.
179 1005 262 1060 Fides
272 1021 338 1060 vero
352 1022 417 1060 uera
433 1010 477 1060 est
490 1023 552 1077 que
564 1011 677 1060 tenetur
688 1007 782 1074 corde,
824 1007 933 1076 (diutili.
944 1008 996 1080 rx),
1007 1008 1043 1063 ad
1054 1010 1258 1080 penitentiam,
1275 1016 1304 1065 et
1317 1011 1393 1067 veuit
1401 1010 1489 1068 Filius
1499 1013 1621 1070 bominis

108 1109 134 1148 rr
148 1094 363 1164 ore,pcrlicitur
377 1110 469 1165 opere.
498 1151 499 1154 ,
823 1096 1017 1168 salvarequod
1034 1097 1164 1169 perierat.
1187 1098 1242 1153 Sed
1265 1099 1446 1170 querendum
1467 1106 1511 1156 est
1532 1117 1620 1174 quare

109 1183 154 1238 bus
168 1182 303 1237 subaudis
317 1183 475 1252 virtutibus,
491 1183 518 1237 id
535 1189 578 1238 est
593 1200 611 1236 a
633 1184 780 1251 charitate,
824 1183 901 1239 dicat
910 1185 1080 1256 Apostolus:
1096 1188 1221 1250 Quorum
1233 1186 1618 1263 primusegosum.Nunquid

109 1286 134 1338 a,
150 1276 178 1325 et
198 1271 253 1325 fide
268 1287 323 1325 non
338 1272 414 1337 sicta,
434 1274 594 1326 aberrantes
607 1275 722 1341 quidem
736 1275 783 1328 Ju·
823 1279 888 1327 ente
903 1289 968 1327 eum
979 1289 1034 1328 nou
1041 1273 1094 1328 suit
1101 1282 1231 1345 peccator
1240 1276 1467 1349 CainlNunquid
1476 1285 1541 1334 aute
1551 1296 1617 1336 eum

122 1356 247 1414 conversi
263 1364 328 1441 rard
353 1363 384 1413 in
411 1363 617 1429 vaniloquium,
633 1361 781 1432 loquentes
822 1361 1001 1417 nonluerunt
1014 1369 1176 1434 peccatores
1189 1364 1340 1419 Sodomita
1354 1371 1383 1421 et
1395 1367 1620 1439 Judaei,quicru·

109 1465 180 1504 sena
202 1453 278 1514 sunt,
293 1448 456 1521 nullamque
471 1450 624 1505 utilitatem
642 1450 672 1505 in
688 1466 718 1506 se
727 1452 779 1506 ha·
820 1450 968 1504 cisrxerunt
979 1451 1150 1507 Dominum?
1172 1453 1224 1508 Vel
1239 1453 1367 1524 nunquid
1388 1454 1469 1509 illum
1492 1455 1616 1527 primum

820 1541 897 1596 renit
907 1556 1006 1596 rocare
1020 1546 1049 1595 et
1063 1542 1193 1597 salvaret
1206 1532 1340 1614 Nunquid
1354 1547 1420 1599 ente
1431 1559 1497 1599 eum
1509 1549 1620 1601 nonest

109 1630 140 1681 'es
153 1642 206 1680 case
229 1629 295 1694 ieqis
314 1628 443 1694 doctores,
464 1645 520 1683 non
543 1632 725 1699 inlelliqenies
744 1648 778 1686 ea
819 1635 932 1684 recatus
953 1635 982 1685 et
1003 1631 1127 1685 salvatus
1141 1632 1251 1697 Petrus,
1265 1631 1509 1702 aliiqueapostoli,
1524 1632 1619 1687 multi·

109 1714 248 1785 elligenda
258 1721 334 1777 suut,
352 1732 505 1786 nequaque
517 1707 809 1790 toquentur,²neqeeB
821 1734 875 1789 que
889 1719 1034 1775 credentes
1047 1719 1060 1773 i
1074 1720 1147 1775 Sunt
1158 1720 1275 1790 tutique.
1288 1720 1452 1774 Notandum
1466 1719 1534 1792 quie
1545 1721 1618 1777 sicut

109 1806 294 1872 rastirnmni.
308 1805 397 1860 iudei
412 1805 435 1859 si
458 1807 571 1877 quando
585 1808 620 1862 de
644 1824 729 1879 prarn
749 1815 778 1865 et
819 1805 921 1862 dicitur
934 1808 1043 1880 primus
1058 1808 1087 1862 in
1098 1807 1172 1863 bono
1185 1808 1260 1863 inter
1270 1808 1351 1878 alios,
1365 1808 1499 1864 itaetiam
1511 1814 1541 1864 et
1553 1809 1615 1881 pri·

112 1892 195 1948 aione
210 1909 270 1957 sua,
279 1898 308 1947 et
317 1893 461 1949 desubulis
472 1901 501 1949 et
510 1895 710 1952 traditionibus
719 1899 777 1953 suis
819 1912 882 1950 mus
906 1896 982 1951 inter
993 1897 1063 1951 alios
1079 1896 1108 1951 in
1122 1898 1211 1965 ma103
1228 1902 1257 1952 et
1270 1896 1386 1968 ponitur
1398 1896 1551 1967 aliquando
1564 1913 1617 1968 pro

109 1982 240 2054 prehendi
255 1988 283 2037 et
292 1983 417 2037 convinci
429 1985 572 2055 ceperint,
585 1985 777 2042 addefenden·
817 1983 915 2039 ordine
928 1985 972 2040 rel
990 1986 1194 2056 dignitatesed
1205 1986 1233 2040 in
1244 1985 1361 2041 hocloco
1370 1985 1521 2057 Apostolus
1530 2002 1617 2041 causa

109 2070 182 2143 quod
195 2070 341 2124 levissime
368 2073 528 2127 temeritate
544 2079 571 2127 et
595 2075 774 2145 cogitatione,
817 2073 987 2129 humilitatis
997 2075 1119 2146 primunr
1131 2091 1161 2129 se
1175 2073 1254 2141 dixit,
1265 2075 1477 2147 quesipejorem
1490 2075 1617 2140 eliis,aut

109 2164 129 2214 tt
155 2160 333 2231 apertissima
358 2161 491 2227 salsitate,
503 2161 635 2217 dixerunt
662 2163 773 2219 cosdem
816 2162 969 2233 pessimum
982 2164 1119 2220 omniurn.
1136 2164 1181 2218 Sic
1191 2163 1265 2218 enim
1290 2162 1366 2218 soliti
1387 2178 1485 2218 eumue
1510 2162 1614 2230 dicere,

109 2264 151 2316 os,
171 2248 245 2302 unde
259 2248 287 2302 id
303 2248 424 2320 probent
436 2249 561 2320 prolerre
573 2256 720 2306 conantur:
731 2253 774 2307 rel
816 2247 893 2303 verbi
908 2251 1020 2321 gratia:
1040 2251 1154 2306 Transit
1166 2267 1214 2306 rex
1225 2255 1275 2305 aut
1290 2250 1421 2321 quelibet
1429 2255 1556 2322 potestas
1564 2266 1616 2322 per

109 2337 243 2402 amariter,
261 2353 322 2407 quar
336 2338 371 2392 ad
384 2337 577 2392 testimonium
592 2339 683 2394 valere
697 2339 774 2395 arbi·
816 2338 968 2405 quemdam
983 2338 1089 2407 locum,
1108 2345 1137 2394 et
1156 2339 1264 2394 invenit
1287 2337 1400 2394 turbam
1421 2339 1576 2405 lenonum,
1587 2345 1617 2395 et

113 2426 205 2481 multe
217 2425 303 2480 verba
318 2425 383 2480 inde
397 2427 589 2496 pronuntiant,
604 2428 773 2482 nonintelli·
815 2423 896 2479 dicit:
914 2426 983 2491 Quia
996 2432 1040 2482 est
1051 2428 1159 2499 primus
1173 2428 1204 2482 in
1223 2426 1311 2494 robis,
1327 2427 1458 2482 adducite
1476 2427 1568 2493 illurn,
1585 2427 1615 2482 id

109 2519 159 2570 cut
171 2515 355 2586 intelligenda
370 2519 446 2580 sunt,
465 2532 556 2586 neque
569 2532 631 2586 qum
654 2518 774 2588 loquun-
814 2519 858 2566 est
879 2514 942 2584 quis
965 2520 1009 2570 est
1032 2516 1139 2588 primus
1158 2516 1194 2570 ad
1217 2516 1333 2582 malum,
1350 2516 1516 2584 adducatur,
1533 2517 1616 2586 cuius

109 2619 146 2659 ue
167 2604 330 2658 testimonia
359 2620 421 2674 quae
442 2605 597 2675 proferunt,
613 2605 648 2659 de
671 2605 772 2676 quibus
814 2602 981 2658 auctoritate
993 2604 1043 2658 alii
1055 2604 1378 2659 latrociniumexercent.
1392 2605 1438 2659 Sic
1446 2604 1533 2658 etiam
1546 2603 1616 2658 dum

109 2691 231 2748 ffirmarc
245 2708 324 2747 suam
348 2692 510 2761 salsitatem,
527 2698 662 2764 ponentes
672 2694 771 2749 incon·
812 2691 920 2746 invenit
936 2691 1038 2764 aliquis
1052 2693 1174 2747 artifices
1192 2691 1363 2758 laborantes,
1383 2691 1466 2747 dicit:
1482 2691 1552 2756 Quis
1570 2695 1615 2745 est

109 2782 199 2853 imple.
810 2780 857 2834 hic
871 2780 1073 2851 primusiNon
1096 2781 1253 2852 interrogat
1275 2780 1338 2851 quis
1359 2779 1437 2850 prior
1457 2779 1496 2834 sit
1516 2783 1610 2846 aetate,

109 2876 222 2924 cautem
233 2873 300 2938 quia
310 2872 379 2924 bona
390 2873 488 2937 lcxcst,
500 2873 525 2924 si
534 2874 636 2939 quisce
649 2872 770 2939 leqilime
811 2868 858 2922 scd
873 2869 936 2939 quis
949 2869 1028 2940 prior
1040 2869 1077 2923 sit
1092 2874 1153 2923 arte
1165 2887 1172 2936 3
1188 2869 1260 2923 sicut
1278 2868 1325 2923 ille
1339 2867 1417 2939 prior
1437 2866 1523 2922 estin
1536 2871 1609 2934 erte,

109 2958 142 3015 lle
154 2959 246 3014 utitur
259 2958 385 3028 legitime
401 2959 462 3029 lege
476 2959 524 3030 qui
540 2959 671 3030 intelligit
681 2976 768 3032 quare
812 2956 852 3010 ita
866 2957 939 3011 latro
954 2957 1063 3028 primus
1076 2962 1119 3012 est
1133 2958 1162 3012 in
1172 2957 1333 3028 iniquitate.
1344 2954 1614 3027 Etheetusnposto

112 3047 243 3103 videlicet
269 3046 303 3101 ad
327 3047 514 3117 reparandam
529 3053 557 3101 et
576 3047 766 3102 roborandam
778 3021 853 3099 Clus
867 3046 920 3100 boc
934 3045 1095 3100 mododese
1110 3046 1179 3101 dicit
1187 3061 1271 3100 causa
1284 3044 1454 3099 humilitatis
1468 3044 1612 3109 :Quorum

109 3152 129 3192 a
143 3135 244 3206 legem,
262 3151 346 3206 quam
361 3152 451 3205 genus
463 3136 619 3190 humanum
629 3137 689 3207 jam
704 3152 768 3191 con·
810 3133 917 3204 primus
929 3150 981 3206 ego
991 3150 1065 3201 sum,
1077 3134 1156 3190 idest
1169 3134 1204 3189 de
1217 3133 1330 3189 illorum
1341 3138 1531 3205 peccaterum,
1540 3147 1611 3204 quos

116 3223 280 3289 bebebet,et
288 3224 335 3294 qui
346 3223 479 3294 intelligit
489 3224 613 3295 quandiu
625 3224 767 3280 observari
807 3223 885 3277 venit
898 3223 1028 3279 Christus
1041 3223 1162 3289 salvare,
1177 3239 1229 3293 ego
1243 3239 1307 3277 sum
1319 3222 1467 3295 pessimus.
1478 3221 1520 3277 Re
1533 3221 1611 3277 euim

109 3311 436 3384 adgurescilicetusque
451 3310 765 3377 adCbristiadventum,
807 3327 874 3365 vera
889 3312 1010 3366 multum
1021 3319 1084 3367 erat
1092 3311 1226 3378 imbutus,
1237 3311 1397 3383 iniquitate,
1407 3311 1456 3383 qui
1465 3310 1611 3367 Christum

117 3417 181 3473 quae
193 3399 222 3454 in
232 3400 293 3470 lege
309 3399 511 3470 precipiuntur
525 3399 677 3454 carnaliter
694 3399 766 3453 etin
805 3401 865 3470 jam
877 3401 907 3455 in
922 3401 992 3457 coelo
1006 3401 1152 3456 sedentem
1174 3398 1398 3473 persequebatur
1422 3400 1453 3455 in
1480 3404 1557 3455 terra
1577 3398 1609 3456 iu

109 3498 136 3545 st
143 3488 254 3545 Domini
268 3488 418 3542 adventum
432 3487 598 3559 spiritaliter
612 3488 763 3559 intelligit:
806 3486 942 3543 membris
955 3488 1025 3543 suis.

109 3595 130 3635 u
145 3578 175 3633 in
190 3579 291 3649 ligura,
308 3576 396 3631 sedin
410 3577 527 3646 veritate
538 3577 682 3648 adimplet,
692 3577 766 3632 vide·
842 3577 895 3632 Sed
908 3579 968 3632 idco
980 3579 1203 3633 misericordiam
1217 3581 1375 3632 cumoculos
1387 3592 1460 3640 sum,
1476 3580 1508 3630 ut
1522 3579 1554 3630 in
1563 3591 1607 3630 mc

109 3667 280 3723 :ircumcidet
292 3683 331 3732 se,
346 3666 374 3720 id
390 3671 432 3720 est
453 3666 589 3736 exspoliet
601 3682 653 3737 per
675 3667 765 3738 bapti·
801 3669 931 3733 primum
942 3669 1092 3721 ostenderet
1101 3668 1226 3722 Christus
1239 3667 1316 3720 Jecur
1326 3680 1433 3720 curnem
1448 3663 1605 3736 potentiam

113 3772 165 3829 per
178 3756 373 3827 penitentiam
388 3754 422 3808 ab
437 3754 566 3808 omuibus
586 3755 716 3825 peccatis,
734 3761 763 3810 et
805 3752 912 3823 [Vulg.,
921 3754 1101 3825 patientiam]
1110 3756 1148 3809 ad
1158 3756 1396 3822 informationem,
1408 3752 1606 3807 siveadexem·

109 3844 242 3900 abbatum
258 3843 433 3914 spiritaliter,
445 3841 614 3914 quiescendo
633 3859 650 3896 a
677 3859 762 3914 pravo
804 3841 882 3912 plum
892 3857 988 3896 eorum
998 3845 1048 3912 qui
1055 3845 1193 3897 credituri
1198 3847 1264 3896 suni
1273 3844 1320 3895 illi
1327 3844 1603 3896 insitantelernam.

115 3939 255 4007 praecepta
262 3932 380 3987 moralia
389 3937 492 3986 teneat.
505 3932 559 3996 Qui
568 3932 664 3988 taliter
674 3932 763 3987 utitur
804 3929 897 3993 Quare
910 3930 948 3984 sit
957 3930 1178 3986 misericordiam
1190 3929 1484 4000 consecutus,exponit
1493 3945 1601 3983 causas:

109 4027 179 4079 aest
194 4022 235 4076 illi
255 4021 307 4075 lex.
767 4009 792 4066 l]
804 4017 1172 4090 Christus,inquit,deturua
1183 4019 1293 4073 reniam
1303 4017 1487 4073 couversised
1499 4033 1529 4071 se
1540 4033 1603 4088 pec·

109 4112 156 4166 boc
166 4113 316 4180 quiajarto
329 4125 385 4163 non
395 4115 433 4163 est
447 4111 489 4163 les
499 4113 600 4178 posita,
615 4110 643 4165 id
662 4116 705 4165 est
717 4112 760 4181 ju·
802 4107 952 4172 catoribus,
969 4109 1095 4164 extendit
1101 4109 1267 4163 charitatem
1278 4122 1358 4161 suam
1364 4121 1455 4176 usque
1464 4105 1500 4160 ad
1508 4104 1603 4159 inimi·

109 4216 144 4256 er
158 4200 241 4255 fidem
257 4203 286 4253 et
297 4197 418 4269 gratiam
433 4196 656 4269 baptismatis,et
670 4200 760 4270 legem
801 4198 1108 4269 cossuos,meprimum
1120 4193 1601 4268 elegitacrioreminimicum,quem

109 4288 197 4361 rplere
218 4305 274 4343 non
300 4293 343 4341 cst
357 4288 401 4341 lex
417 4287 516 4358 posita.
530 4286 559 4340 id
573 4294 616 4343 est
630 4289 761 4360 imposita
801 4301 863 4339 curn
873 4294 1085 4350 sanaret,neme
1095 4287 1124 4340 in
1135 4285 1423 4356 caeterisdesperaret‚
1439 4281 1600 4355 egitiiomi-

111 4378 191 4433 illum
205 4378 251 4431 sit.
266 4377 298 4430 In
313 4376 390 4429 illam
402 4377 475 4429 enim
489 4381 532 4430 est
543 4377 682 4448 petineat
695 4394 759 4432 curn
801 4376 1214 4448 uusmoreperitissimimedici
1226 4376 1275 4447 qui
1284 4377 1399 4432 veniens
1413 4377 1450 4432 ad
1464 4377 1542 4434 illum
1558 4378 1601 4434 lo·

109 4484 123 4522 n
139 4465 193 4522 sub
207 4467 264 4531 illa,
280 4465 346 4535 quia
358 4465 464 4519 amicus
479 4465 548 4536 legis
572 4474 615 4521 est
641 4466 720 4521 Unde
736 4467 759 4521 si
800 4482 863 4520 cum
879 4465 927 4521 ubi
946 4472 1029 4520 autea
1043 4465 1157 4536 ignotus
1177 4471 1247 4530 eret,
1264 4474 1291 4520 et
1303 4464 1351 4520 ubi
1366 4465 1479 4537 plurimi
1493 4465 1601 4522 infirmi

109 4556 141 4611 sti
156 4559 258 4618 essent,
275 4569 453 4624 nequaquam
468 4560 543 4608 esset
558 4555 599 4607 lex
612 4555 687 4608 dete.
706 4554 759 4611 Sed
799 4561 874 4620 sunt,
884 4571 1080 4626 quemcunque
1100 4555 1222 4625 graviori
1233 4555 1398 4609 infirmitate
1409 4553 1597 4622 laborantem,

109 4644 275 4700 eccalorr'bas
290 4643 356 4696 date
369 4648 412 4696 est
426 4641 478 4700 lex.
491 4648 523 4696 ut
533 4642 573 4696 illi
584 4643 646 4712 ejus
655 4643 757 4697 timore
799 4645 865 4698 etin
879 4644 1074 4716 desperatione
1085 4643 1331 4715 posituminvenit,
1341 4642 1420 4697 illurn
1428 4644 1547 4697 assumit
1554 4643 1598 4714 pri

109 4748 227 4790 reecare:
242 4731 539 4800 plaqicriir,subaudis
548 4731 638 4802 posita
648 4738 692 4785 est
700 4731 754 4787 lex:
798 4749 876 4787 mum
889 4734 922 4787 ad
937 4734 1104 4791 curandum.
1119 4730 1242 4787 utinillo
1257 4731 1387 4784 ostendat
1400 4730 1530 4801 peritiam
1539 4745 1598 4786 suae

109 4827 167 4878 runt
188 4820 359 4885 seductores,
377 4820 426 4890 qui
450 4820 578 4874 homines
597 4820 756 4875 seducendo
796 4822 875 4887 artis,
891 4827 960 4876 etut
974 4821 1022 4876 alii
1037 4820 1141 4875 infirmi
1153 4819 1279 4873 ridentes
1293 4818 1373 4872 illum
1392 4826 1523 4872 sanatum
1546 4818 1596 4890 qui

109 4917 125 4968 rt
134 4910 268 4966 rendunt.
795 4910 916 4981 graviori
924 4909 1022 4965 morbo
1026 4909 1207 4979 grauabatur.
1219 4923 1275 4961 non
1285 4907 1436 4977 desperent
1446 4906 1481 4961 ile
1492 4907 1595 4975 salute,

111 5015 201 5055 sermo
225 5005 249 5053 ei
273 5002 353 5053 cmiii
376 5002 528 5067 acceptione
555 5001 666 5066 diqnas,
688 5003 755 5067 qaia
796 4998 845 5052 sed
858 4998 1109 5071 unusquisqueillo
1118 4997 1147 5051 in
1158 4996 1300 5050 locodicat
1309 4994 1598 5067 proximosuozvade

109 5104 169 5145 asur
183 5090 256 5142 redit
267 5093 418 5156 peccatores
430 5090 517 5141 salvos
531 5089 754 5156 foramentorum
795 5088 831 5142 ad
845 5087 924 5142 illurn
940 5086 1210 5151 medicum,securus
1219 5091 1289 5151 esto,
1298 5084 1411 5139 sanabit
1421 5091 1469 5153 te;
1488 5084 1529 5140 sic
1538 5085 1596 5141 Do·

109 5194 207 5233 orum.
219 5177 251 5231 In
264 5176 361 5230 Graeco
372 5175 641 5230 habeturbumanus
651 5193 752 5242 sermo,
795 5177 889 5231 minus
917 5176 998 5231 lesus
1021 5176 1151 5230 Christus
1174 5190 1256 5228 verus
1277 5174 1410 5229 medicus.
1426 5174 1551 5230 ostendit
1567 5175 1598 5230 in

109 5265 502 5334 rudusgratusctacceplus.
518 5264 590 5329 Quid
610 5265 685 5318 enim
710 5266 754 5335 ju·
795 5265 876 5319 beato
891 5264 979 5320 Paulo
992 5264 1113 5335 gratiam
1129 5279 1187 5317 suae
1203 5263 1400 5327 medicinae,id
1416 5269 1460 5319 est
1482 5264 1595 5319 miseri-

109 5353 167 5426 quid
188 5352 297 5424 gratius
318 5352 361 5404 rel
381 5354 532 5425 acceptius,
549 5370 633 5424 quarn
655 5355 753 5408 audire
794 5354 918 5408 cordiam
934 5368 992 5408 suae
1006 5352 1130 5424 pietatis,
1145 5352 1271 5407 sanando
1280 5354 1360 5408 illurn
1376 5352 1538 5425 elanguere
1552 5353 1594 5408 in·

109 5449 162 5498 itus
173 5440 343 5497 Jesusvenit
354 5451 513 5510 peccatores
533 5442 623 5496 salvos
634 5442 724 5496 facere
741 5444 754 5496 l
795 5443 938 5498 fidelitatis
952 5449 982 5496 et
996 5440 1093 5495 morbo
1105 5441 1247 5507 vitiorum,
1264 5450 1296 5497 ut
1318 5442 1348 5496 in
1367 5441 1416 5497 illo
1435 5441 1596 5496 ostenderet

109 5531 293 5598 ithumanus,
316 5531 443 5600 uunquid
458 5532 665 5587 estetdirinus
678 5533 691 5585 l
704 5533 754 5587 Est
795 5532 862 5604 quia
886 5532 910 5585 si
933 5531 1010 5586 illius
1040 5531 1174 5588 misertus
1201 5538 1256 5605 est,
1270 5531 1320 5602 qui
1337 5532 1399 5602 ejus
1423 5529 1477 5586 tuit
1505 5542 1598 5600 perse-
