3818 6104
87 268 118 326 97
576 269 793 326 ΕΝΑΒΒΑΤΙΟ
811 268 851 325 ΙΝ
869 267 956 326 JOEL
975 266 1207 324 acepsimam.
1687 274 1723 333 98

85 393 215 450 omnibus
237 392 320 448 bouis
342 395 482 466 operibus.
507 394 556 450 hit
576 404 643 467 ergo
659 412 666 452 z
685 414 698 447 a
719 396 780 450 Erit
801 392 976 467 quasiAsis,
989 390 1055 463 quia
1068 391 1725 469 poenitentiamagensmeusesseeoepisti,quid

85 483 155 538 oliva
177 482 270 553 gloria
293 484 366 553 eius,
386 482 441 537 aid
464 489 508 538 est
530 483 662 555 operibus
685 483 883 539 misericordia
924 480 1000 535 ultra
1013 482 1055 535 vis
1070 483 1161 536 colere
1177 482 1272 537 idola?
1290 501 1301 532 ι
1324 483 1382 553 Ego
1402 485 1549 539 exaudiam
1564 492 1593 540 et
1606 486 1725 558 dirigam

84 571 316 642 impinguabitur,
341 579 373 626 ut
394 589 511 626 accenso
535 573 642 627 lumine
656 574 685 627 in
701 574 824 628 tenebris
837 574 883 629 lu·
924 585 987 624 eum
999 569 1191 640 poenitentiam
1204 577 1347 641 agentem,
1361 578 1390 626 et
1404 573 1438 627 ad
1455 589 1501 627 me
1513 574 1722 629 clamantem.»

84 668 153 725 ceat,
173 669 202 715 et
213 661 279 715 aliis
301 661 461 731 exemplum
480 660 560 717 lione
578 663 750 733 operationis
764 661 880 718 tribuat.
924 658 1048 729 Dirigam
1063 676 1138 724 eum,
1156 659 1184 714 id
1197 666 1240 714 est
1255 677 1305 731 pel
1319 668 1425 716 rectam
1441 663 1515 717 viam
1533 663 1662 719 incedere
1679 665 1723 719 fa·
1772 664 1775 671 '

118 767 132 802 a
148 749 184 802 Et
192 748 263 803 odor
276 750 337 819 ejus
351 757 384 804 ut
397 749 505 804 Libani.
525 768 536 800 ›
551 750 676 805 Libanus
685 751 760 821 apud
773 752 883 807 Graeooa
924 747 1015 814 cianr;
1033 748 1078 802 via
1092 755 1186 803 autem
1198 748 1338 816 Christus,
1354 768 1403 822 per
1417 767 1499 822 quem
1511 754 1679 809 tltsocessus
1688 753 1725 809 ud

83 844 110 892 ct
121 836 255 892 Hebraeos
270 843 300 891 et
312 853 394 891 mons
406 836 511 891 dieitur
525 842 554 891 et
567 839 642 893 thus.
660 838 712 892 Hic
726 846 821 893 autem
833 855 883 910 pro
927 834 1049 890 Patrem.
1070 856 1083 888 v
1103 838 1161 908 Ego
1176 844 1208 892 ut
1219 838 1341 892 abietem
1356 840 1502 903 virentem,
1529 860 1542 893 r
1557 841 1726 898 subauditur

81 926 165 979 thure
179 925 307 996 ponitur:
321 926 399 981 Sicut
413 925 488 980 enim
499 927 586 981 odore
595 927 697 993 thuris,
711 927 882 982 sicdelects·
924 925 988 979 dedi
1004 942 1079 993 eum,
1094 933 1127 980 ut
1140 926 1257 981 haberet
1275 927 1445 983 viriditatem
1461 930 1525 984 lldei
1541 935 1570 984 et
1583 931 1725 1003 operatio·

83 1031 146 1068 mur
160 1021 191 1069 et
201 1015 278 1068 fama
289 1015 360 1085 justi
375 1015 507 1069 hominis.
924 1015 1013 1073 niset
1026 1032 1139 1087 semper
1152 1016 1276 1070 coelestia
1290 1018 1392 1072 mentis
1402 1017 1507 1072 intuitu
1521 1025 1638 1090 peteret.
1657 1040 1669 1072 e
1685 1021 1725 1076 Ex

15 1130 19 1135 ·
119 1123 129 1154 ι
148 1104 528 1159 Convertentursedentesin
540 1103 641 1159 umbra
650 1107 720 1177 ejus.
736 1103 801 1160 »Illi
811 1105 883 1160 seili-
923 1119 968 1158 me
982 1104 1090 1159 fructus
1109 1105 1170 1174 ejus
1185 1105 1315 1160 inventus
1334 1112 1385 1166 est.
1404 1126 1417 1160 u
1435 1107 1520 1162 idest
1535 1108 1626 1163 omnis
1645 1110 1722 1165 illius

81 1199 132 1252 cet.
150 1193 199 1264 qui
213 1208 232 1246 a
245 1194 304 1248 Deo
319 1193 405 1249 Patre
417 1194 558 1264 peccando
573 1200 758 1259 recesserant,
769 1210 882 1248 conver·
922 1192 1057 1264 operatio,
1073 1199 1102 1247 et
1118 1193 1227 1248 Veteris
1244 1200 1273 1248 et
1290 1195 1543 1251 Novi'l'estamenti
1559 1196 1719 1253 observatio

81 1289 177 1336 tantur
191 1281 228 1335 ad
242 1298 318 1347 eum,
339 1287 369 1337 et
379 1288 529 1353 postquam
544 1284 671 1338 conversi
684 1283 799 1350 tuerint,
812 1282 882 1337 aeci·
922 1299 954 1337 ex
966 1299 1028 1337 meo
1037 1282 1273 1353 praecessitdouo,
1285 1282 1345 1338 sine
1356 1284 1486 1354 quonihil
1496 1287 1722 1357 potestisfacere.

84 1370 159 1441 pient
173 1371 366 1425 conversionis
391 1388 448 1426 suae
471 1373 627 1443 praemium,
644 1377 677 1427 ut
696 1372 814 1427 sedeant
828 1371 882 1426 sub
923 1371 1073 1426 Sciendum
1089 1375 1183 1425 nutem
1209 1371 1283 1442 quod
1306 1389 1379 1444 sepe
1397 1374 1457 1444 jam
1474 1374 1605 1442 diximus
1623 1376 1724 1432 salutis

83 1459 192 1523 uurbra,
204 1459 232 1513 id
243 1464 286 1514 est
296 1459 348 1513 sub
358 1460 532 1531 protectione
541 1459 617 1515 illius
628 1461 765 1526 habitent,
777 1467 806 1515 et
816 1478 881 1532 pos·
923 1459 1037 1514 Israelis
1053 1466 1082 1514 et
1095 1459 1262 1514 reversionis
1277 1460 1312 1514 ad
1322 1462 1410 1516 Deum
1425 1468 1454 1517 et
1465 1463 1500 1517 de
1510 1464 1672 1536 captivitate
1682 1481 1725 1521 re·

83 1549 311 1603 sintdicerecum
321 1549 458 1604 Ecclesia:
472 1548 637 1603 Subumbra
647 1549 722 1604 illius
735 1566 819 1621 quam
830 1549 880 1604 de·
923 1548 1123 1619 demptionem,
1141 1565 1196 1603 non
1213 1550 1365 1604 carnaliter
1383 1551 1482 1622 accipi,
1500 1558 1532 1607 ut
1545 1551 1637 1608 Judaei
1648 1569 1726 1609 som·

83 1635 269 1690 sideraveram
280 1637 350 1702 sedi,
362 1637 573 1708 etlructusejus
585 1637 676 1692 dulcis
688 1636 798 1707 gutturi
808 1653 881 1692 meo.
924 1638 1012 1697 uiant,
1029 1638 1078 1692 sed
1094 1637 1278 1708 spiritualiter
1293 1645 1322 1693 et
1334 1639 1479 1695 verissime
1494 1642 1678 1713 compleatur.

86 1724 211 1779 «Vivent
220 1725 324 1790 tritioo,
336 1725 571 1796 etgenuinabunt
581 1726 662 1796 quasi
672 1726 761 1780 vinea.
779 1713 916 1794 »cumbi
964 1747 975 1778 ι
993 1727 1061 1790 Quis
1084 1727 1197 1798 sapiens
1223 1733 1252 1781 et
1272 1728 1412 1799 intelliget
1430 1729 1500 1798 ista,
1522 1730 1682 1803 intelligens
1696 1737 1726 1789 et

84 1812 181 1884 iuquit,
190 1814 377 1869 sederintsub
390 1814 584 1873 umbruillius.
597 1815 645 1885 qui
658 1815 884 1870 mortuit‘uerant
924 1814 994 1869 sciet
1012 1814 1088 1870 haecl
1105 1834 1118 1868 n
1135 1816 1167 1869 ln
1180 1815 1224 1870 his
1240 1815 1341 1884 verbis,
1358 1818 1500 1889 Propheta
1523 1819 1725 1878 obscuritatem

86 1903 175 1958 vivent
192 1903 300 1968 tritico,
312 1904 341 1958 id
352 1903 485 1958 sstbonis
499 1903 883 1976 operibusabundaount,vel
924 1903 1081 1963 voluminis.
1105 1909 1133 1957 et
1155 1903 1347 1959 difficultatem
1368 1906 1491 1961 ostendit
1509 1909 1724 1980 explanationis.

86 2008 197 2063 corpore
213 1997 243 2047 et
256 1993 395 2064 sanguine
409 1992 581 2058 Domini,vel
588 1998 664 2047 certe
677 1993 771 2047 tritico
779 1993 880 2059 vivent,
923 1991 991 2056 Quis
1007 1993 1060 2046 nisi
1076 1993 1187 2047 Christo
1203 1993 1320 2048 docente
1336 2010 1513 2065 cognoscere,
1529 1997 1595 2068 quid
1611 1998 1721 2069 signill-

86 2080 145 2150 quia
159 2097 212 2150 per
227 2080 380 2145 Christum,
396 2080 444 2152 qui
467 2088 510 2136 est
522 2098 619 2136 verum
646 2082 830 2144 frumentum,
846 2082 881 2137 de
922 2081 1088 2146 cettezrael,
1101 2082 1168 2154 quid
1183 2098 1263 2136 soror
1278 2083 1338 2152 ejus
1354 2100 1409 2138 non
1426 2084 1645 2141 misericordiam
1659 2104 1724 2143 con·

87 2174 172 2223 ruorte
184 2168 224 2222 ad
240 2168 327 2223 vitam
342 2177 500 2240 resurgent.
519 2170 599 2225 Unde
615 2178 657 2225 est
672 2171 750 2225 :Nisi
761 2188 881 2242 granum
922 2176 1027 2235 secuta,
1042 2171 1108 2242 quid
1123 2171 1223 2226 tertius
1248 2172 1336 2226 frater
1351 2173 1411 2242 ejus
1428 2190 1484 2228 non
1507 2175 1637 2246 populus,
1654 2175 1723 2248 quid

47 2235 54 2255 ’
87 2257 218 2312 frumenti
232 2259 337 2314 cadens
350 2259 379 2313 in
393 2264 498 2314 terram
514 2266 657 2315 mortuum
674 2259 771 2324 fuerit,
788 2261 880 2332 ipsum
922 2258 1054 2313 meretrix
1065 2259 1301 2330 Oseeeonjuneta,
1311 2267 1517 2333 etoaetersquae
1528 2264 1720 2320 narranturin

88 2346 172 2400 solum
187 2353 295 2402 manet.
311 2349 375 2420 lpse
387 2365 499 2420 quoque
514 2349 594 2403 vinea
607 2354 659 2411 est,
671 2349 720 2420 qui
735 2349 763 2403 in
779 2366 809 2403 se
823 2366 882 2404 cre·
921 2347 1071 2418 eapits,vel
1082 2349 1149 2419 quid
1161 2354 1258 2404 ventus
1268 2350 1539 2415 urens‚ete.,intlnel
1550 2352 1656 2407 Harum
1665 2353 1722 2407 ita·

88 2435 180 2489 dentes
192 2437 257 2491 vino
271 2437 413 2508 spirituali
423 2436 626 2492 debriat.Unde
640 2438 802 2493 Psalmista:
812 2438 881 2492 Visi·
922 2451 976 2506 que
986 2435 1187 2491 obscuritatem
1206 2453 1302 2491 rerum
1318 2438 1509 2500 considerans.
1521 2440 1579 2494 ait:
1594 2440 1663 2504 Quis
1675 2457 1723 2497 sa·

88 2524 147 2577 tasti
158 2529 267 2578 terram
282 2532 312 2578 et
325 2524 470 2579 inebriasti
480 2541 552 2580 eam.
570 2526 602 2580 Et
613 2525 673 2596 ipse
687 2526 824 2580 Dominus
840 2526 884 2581 di·
925 2522 1005 2594 piens
1016 2530 1045 2578 ot
1058 2523 1198 2595 intelliget
1211 2525 1287 2579 ista?
1305 2525 1333 2581 Si
1358 2532 1454 2581 autem
1475 2526 1535 2599 ipse
1550 2528 1598 2599 qui
1611 2526 1725 2600 scripsit

88 2611 195 2682 scipulis
207 2613 377 2677 :Consedite
388 2613 481 2681 amici,
491 2613 575 2670 bibite
585 2620 613 2669 et
622 2613 811 2682 inebriamini,
821 2615 885 2670 cha·
925 2613 966 2666 vel
982 2613 1095 2667 dilllcile
1109 2615 1153 2668 vel
1167 2613 1339 2684 impossibile
1353 2617 1515 2678 confitetur,
1532 2617 1599 2689 quid
1614 2633 1665 2672 nos
1679 2619 1724 2674 ia-

88 2700 195 2756 rissimi.
214 2701 303 2769 Quasi
317 2703 398 2757 vinea
413 2719 480 2773 ergo
495 2703 576 2758 electi
594 2702 804 2774 germinabunt.
818 2704 884 2774 quia
925 2718 988 2756 cere
999 2719 1158 2773 possumus,
1180 2702 1238 2772 qui,
1258 2703 1441 2773 lippientibus
1454 2705 1542 2760 oculls
1556 2711 1585 2759 et
1597 2712 1724 2777 peccato·

87 2790 239 2846 Dominum
249 2808 332 2846 suum
349 2791 429 2846 bonis
443 2791 575 2862 operibus
593 2791 789 2858 imitabuntur,
802 2794 884 2862 juxta
925 2807 987 2845 rum
1000 2791 1129 2845 sordibus
1151 2791 1315 2846 obscuratis.
1341 2792 1527 2847 clarissimum
1546 2794 1632 2865 jubar
1655 2795 1723 2851 solis

88 2879 156 2948 quod
170 2880 232 2952 ipse
249 2881 383 2936 Dominus
397 2880 465 2936 dicit
475 2898 506 2934 :a
521 2880 574 2945 Qui
590 2880 658 2935 mihi
672 2881 824 2947 ministrat,
838 2897 883 2936 me
925 2895 981 2933 uon
997 2896 1147 2950 possumus
1160 2879 1283 2934 intuerit
1301 2885 1363 2934 tum
1378 2880 1401 2934 si
1416 2881 1537 2936 dicerem
1557 2882 1625 2937 illud
1646 2884 1722 2955 quod

87 2975 225 3039 sequatur.
244 2987 282 3022 »a
297 2969 461 3024 Memoriale
476 2969 535 3040 ejus
549 2969 622 3025 sicut
635 2971 730 3024 vinum
745 2971 881 3025 Libanie
925 2967 1061 3038 scriptum
1071 2967 1346 3038 est:Oprofundum
1359 2969 1520 3024 divitiarum
1535 2971 1724 3042 sapientiaeet
1812 3022 1818 3031 .

88 3057 183 3111 Vinum
198 3057 299 3112 Libani
315 3075 467 3130 possumus
480 3058 573 3112 dicere
588 3059 713 3124 mistum,
728 3067 757 3115 et
766 3059 883 3114 diversis
894 3029 1046 3111 cscientiae
1061 3056 1125 3110 Deil
1143 3072 1226 3127 quam
1248 3057 1443 3112 inscrutabilia
1455 3064 1522 3114 sunt
1533 3060 1641 3129 Judicia
1657 3062 1719 3133 ejus

87 3147 230 3216 pigmentis
241 3147 431 3211 conditum,ut
440 3147 663 3202 odoremhabeat
671 3148 878 3204 suavissimum.
922 3150 951 3200 et
960 3143 1169 3215 investigabiles
1180 3144 1229 3200 viae
1238 3147 1307 3217 ejus,
1321 3166 1333 3195 e
1349 3146 1421 3211 Quia
1436 3154 1518 3202 recta
1534 3149 1583 3203 viae
1597 3149 1721 3219 Domini,

87 3233 115 3287 Et
123 3235 358 3291 estsensussicut
365 3236 460 3290 vinum
467 3237 671 3307 pigmentatum
681 3252 766 3290 suave
773 3236 880 3307 fragrat
921 3239 950 3289 et
962 3233 1032 3305 iusti
1046 3232 1234 3289 ambulabunt
1248 3234 1277 3289 in
1292 3234 1344 3289 eis.
1359 3255 1371 3285 ι
1387 3235 1446 3290 Vim
1461 3237 1573 3292 Domini
1590 3239 1724 3295 mandata

87 3322 252 3389 homiuibus,
263 3324 303 3379 sie
312 3325 448 3378 memoria
454 3324 525 3394 justi
536 3324 659 3378 hominis
667 3324 778 3378 Domini
793 3341 879 3397 opera
920 3324 1118 3394 intelliguntur
1129 3323 1240 3378 Veteris
1256 3340 1289 3378 ae
1309 3325 1372 3379 novi
1381 3326 1563 3393 Testamenti,
1575 3328 1604 3383 in
1619 3328 1722 3401 quibus

86 3410 230 3478 imitantis,
245 3413 339 3467 suavis
353 3419 397 3467 est
411 3420 440 3467 et
453 3413 553 3467 dulcis.
570 3414 723 3467 Possumus
736 3421 765 3467 et
783 3414 879 3468 vinum
917 3413 985 3483 justi
1002 3412 1231 3476 ambulant,dum
1246 3430 1280 3468 ea
1294 3430 1377 3485 opere
1389 3415 1540 3487 complent,
1549 3416 1674 3474 dicentes
1684 3418 1721 3475 ad

86 3499 176 3555 Libani
187 3501 257 3555 illud
273 3501 438 3572 intelligere,
449 3501 523 3572 quod
534 3502 652 3556 Domino
666 3502 836 3558 oflerebatur
850 3503 880 3565 in
920 3503 1008 3557 Deum
1024 3519 1088 3557 cunr
1097 3502 1248 3556 Psalmista
1260 3520 1283 3555 :i
1296 3504 1400 3557 Persice
1409 3520 1523 3574 grossus
1538 3484 1616 3562 meos
1631 3508 1660 3563 in
1675 3525 1722 3564 se·

86 3590 194 3661 templo,
209 3589 245 3643 de
258 3606 313 3661 quo
327 3591 368 3644 ait
380 3591 529 3645 Zacharias
541 3609 567 3643 :a
582 3591 677 3662 Aperi,
692 3590 807 3658 Libane,
818 3609 880 3663 por·
921 3590 999 3645 mitis
1008 3590 1074 3645 tuis.
1086 3612 1116 3641 a«
1129 3591 1359 3646 Praevaricatores
1377 3608 1443 3646 vero
1462 3596 1631 3649 corruentia
1643 3596 1692 3651 eis.
1705 3615 1720 3650 e

86 3682 123 3730 tas
136 3686 211 3744 tuas,
230 3685 309 3733 eote.
329 3681 408 3735 Sicut
429 3680 505 3733 eniuv
521 3680 715 3734 delectabatur
728 3681 803 3734 Deus
818 3696 881 3735 om·
920 3679 1160 3744 Praevaricatores‚
1172 3679 1262 3734 ludaei
1277 3679 1486 3752 intelliguntur,
1496 3682 1629 3747 haeretici,
1644 3684 1722 3740 falst-

65 3810 70 3819 .
86 3765 210 3836 nipotens
224 3767 254 3821 in
269 3768 333 3822 rino
343 3769 417 3838 quod
433 3769 458 3822 ei
474 3768 653 3835 ollerebatur,
674 3768 713 3822 sic
731 3768 837 3837 gaudet
852 3774 880 3823 et
921 3785 975 3839 que
991 3767 1154 3833 Christiani,
1171 3767 1218 3838 qui
1235 3769 1367 3823 mandata
1382 3770 1494 3825 Domini
1505 3773 1721 3843 transgrediun-

85 3853 192 3910 tantm
205 3872 238 3910 ex
254 3857 341 3911 odore
354 3856 490 3916 lidelium,
511 3856 586 3924 lidei,
607 3861 636 3911 et
658 3856 795 3911 bonorum
810 3872 880 3928 ope·
919 3857 1032 3921 tur.Qui
1044 3857 1072 3910 in
1084 3857 1124 3911 eis
1134 3863 1276 3919 corruent.
1287 3859 1420 3928 quoniam
1433 3860 1482 3930 qui
1499 3859 1529 3913 in
1542 3861 1604 3932 lege
1624 3878 1721 3933 pecca·

85 3959 141 3998 rum
154 3945 189 3999 de
205 3962 236 3999 se
251 3945 429 4000 reddentium
444 3946 556 4000 samam.
919 3952 1029 4009 verunt,
1044 3962 1095 4016 per
1109 3946 1201 4015 legem
1213 3946 1425 4017 judicabuntur.
1443 3946 1480 4001 Et
1493 3964 1589 4003 scrius
1609 3948 1656 4020 qui
1668 3949 1722 4003 scit

118 4052 129 4083 ι
149 4034 295 4104 Ephraim,
311 4034 378 4106 quid
392 4034 462 4089 mihi
477 4035 553 4089 ultra
567 4034 661 4089 idola?
677 4054 688 4086 ι
705 4034 879 4090 Subauditur
920 4033 1093 4087 voluntatem
1109 4031 1227 4097 domini,
1252 4038 1282 4086 et
1301 4048 1358 4087 non
1383 4032 1458 4100 lacit,
1475 4033 1564 4104 plagis
1578 4035 1721 4106 vapulavit

88 4122 208 4194 opponis.
218 4123 253 4177 Et
263 4129 412 4178 estsensue
423 4141 429 4176 :
441 4125 512 4179 Cum
521 4129 601 4178 tanta
614 4123 686 4178 bona
695 4130 880 4195 percepturus
922 4122 1029 4177 multis.

608 4394 667 4471 IN
690 4393 823 4473 JOEL
849 4390 1195 4473 PROPHETAM.

121 4613 178 4673 Joel
190 4615 396 4690 interpretatur
410 4610 556 4686 incipiens.
582 4609 639 4669 Iste
658 4614 693 4669 ad
715 4610 840 4668 ludaeam
855 4611 917 4693 etl)
942 4608 1723 4682 ·«Auditehoo,sones,etauribuspercipite,omnesha·

92 4700 261 4761 Hierusalem
282 4703 446 4760 vaticinium
467 4702 623 4774 proferens,
638 4703 668 4757 in
682 4700 820 4774 principio
840 4699 884 4756 sui
925 4696 1060 4753 bitatores
1071 4700 1164 4753 teirae.
1177 4698 1281 4753 »Senes
1293 4705 1449 4765 neumate,
1463 4699 1512 4752 sed
1522 4699 1632 4766 merito;
1646 4696 1724 4752 habi-

92 4792 233 4850 voluminis
241 4800 306 4867 post
316 4793 445 4848 luctuosa
457 4792 582 4847 convivia
590 4792 626 4846 ad
636 4793 742 4847 luctum
752 4795 885 4862 provocat
924 4792 1030 4841 tatores
1040 4803 1105 4842 vero
1115 4792 1208 4853 terra,
1223 4787 1270 4856 qui
1285 4787 1406 4841 terrenis
1419 4785 1551 4858 operibus
1561 4786 1723 4858 deprimun-

91 4879 270 4950 Hierusalem,
287 4881 483 4951 excidiumque
498 4881 558 4951 ejus
570 4883 752 4952 prenuntiat.
761 4880 884 4952 Prophe-
924 4880 980 4930 tur.
994 4876 1071 4930 luter
1079 4876 1176 4931 audire
1190 4890 1265 4938 vero,
1282 4880 1311 4928 et
1321 4872 1436 4928 auribus
1446 4874 1599 4946 percipere.
1619 4889 1724 4947 magna

88 4973 125 5025 tat
137 4988 248 5046 quoque
264 4972 438 5027 vocationem
450 4971 590 5040 gentium,
600 4977 628 5025 et
639 4986 882 5043 supercongrega·
924 4964 1061 5019 distantia
1074 4971 1126 5018 est.
1143 4960 1314 5034 Presbyteri,
1331 4962 1384 5016 hoc
1394 4969 1438 5017 est
1450 4961 1621 5035 spirituales,
1631 4980 1724 5020 sacra·

89 5056 828 5132 10⁸credentessuperventurumspintumsanctum.
924 5049 981 5103 tius
994 5050 1132 5114 audiuut;
1149 5047 1198 5119 qui
1214 5063 1279 5102 vero
1293 5054 1400 5102 terram
1421 5048 1590 5112 inhabitant,
1606 5049 1723 5105 auribus

337 5192 455 5246 CAPUT
473 5190 627 5247 PRIMUM¹
925 5138 1092 5209 percipiunt,
1107 5138 1156 5192 sed
1171 5137 1316 5192 humilius.
1335 5154 1349 5189 a
1366 5138 1396 5193 Si
1415 5139 1521 5194 factum
1545 5147 1588 5196 est
1601 5139 1677 5196 istud
1692 5139 1723 5194 in

924 5225 1022 5279 diebus
1037 5225 1145 5287 vestris,
1161 5231 1211 5280 aut
1224 5225 1254 5280 in
1267 5225 1366 5281 diebus
1375 5234 1489 5299 patrum
1499 5235 1722 5293 vestrorum,su·

120 5328 131 5355 ι
146 5305 271 5362 Verbum
280 5306 394 5362 Domini
405 5307 480 5378 quod
494 5308 597 5363 lactum
612 5312 655 5362 est
670 5308 705 5362 ad
719 5310 780 5365 Jool
794 5311 884 5367 fllium
925 5330 976 5385 per
987 5314 1039 5367 hoc
1049 5314 1113 5369 filiis
1128 5315 1227 5369 vestris
1238 5321 1367 5370 narrate:
1381 5321 1409 5370 et
1419 5317 1469 5370 tilii
1486 5317 1569 5372 vestri
1578 5315 1641 5370 tiliis
1652 5316 1721 5383 suis,

88 5392 213 5451 Phatuel.
230 5415 242 5446 e
259 5396 319 5450 Joel
335 5395 541 5468 interpretatur
560 5397 641 5452 fortis
665 5399 725 5455 Dei.
752 5400 880 5466 Phatuel,
925 5408 953 5456 et
967 5401 1017 5457 hlii
1032 5419 1129 5458 eorum
1151 5405 1328 5475 generationi
1352 5406 1455 5460 alterae.
1473 5425 1488 5456 a
1504 5404 1582 5470 Quod
1596 5403 1723 5457 dicturus

86 5482 227 5555 adapertio
250 5485 294 5538 vel
318 5502 411 5540 sermo
432 5486 552 5540 Domini.
576 5487 698 5542 Verbum
723 5488 784 5554 Dei,
810 5486 884 5561 quod
925 5507 998 5554 sum,
1011 5492 1089 5546 novit
1098 5494 1339 5548 memoris:n0va
1348 5510 1486 5548 resuovos
1495 5492 1637 5549 auditores
1650 5489 1725 5544 desi·

86 5587 194 5647 semper
206 5572 261 5631 luit
273 5575 350 5650 apud
364 5575 487 5645 Patrem,
505 5575 541 5632 ad
552 5577 613 5633 Joel
627 5576 733 5635 tactum
746 5583 800 5635 est.
926 5577 1016 5636 derat.
1029 5578 1129 5638 Vinum
1146 5581 1223 5639 euim
1236 5598 1340 5639 novum
1354 5581 1384 5639 in
1396 5587 1475 5640 utres
1486 5594 1572 5639 novos
1585 5573 1721 5638 mittitur.

1586 5716 1671 5735 .—
