3840 6098
487 146 737 205 ffl'DfflDiOJN
753 148 830 203 EPP„
843 147 877 204 S.
890 146 1011 202 esunt.
1026 172 1062 191 -·
1072 148 1116 203 tu
1126 147 1271 205 DHSM
1289 146 1338 203 AD
1353 146 1441 203 llffl.
1728 146 1785 204 Ut

147 274 445 346 quiopprapiuqutns
453 272 543 329 morti
552 273 666 345 aliquod
681 290 783 328 munus
790 273 946 344 pretiosum
955 274 1126 334 Atraditum
1143 280 1185 326 est
1194 289 1213 326 a
1222 271 1327 326 sanctis
1339 272 1482 335 Patribus,
1497 271 1540 326 vel
1553 271 1724 343 erundum
1733 271 1789 326 ett-

151 361 271 416 dimittit
283 362 367 417 alicui
380 363 480 427 amice,
502 363 617 416 dicens:
634 361 714 416 Habe
728 363 780 415 hoe
795 379 858 415 curu
874 363 949 415 omni
988 363 1140 417 terentium
1155 361 1245 415 credit
1256 361 1331 415 inter
1349 360 1418 415 illud
1432 377 1532 432 cerpus
1542 360 1661 427 (intimi,
1672 364 1707 415 et
1720 360 1789 417 teli-

148 450 396 523 diligentiepeues
405 458 438 506 te
450 452 479 506 in
489 452 655 507 memoriam
665 451 950 522 meimtquotiescun-
991 467 1061 520 quos
1075 450 1161 514 cibes,
1179 451 1221 504 vel
1235 449 1281 520 qui
1291 449 1471 519 gravioribus
1484 448 1650 504 criminibus
1663 462 1788 503 mmm-

151 539 289 610 queillud
300 540 410 605 videris,
422 540 577 595 recorderis
588 540 652 595 mei.
664 541 718 604 Qui
730 541 837 595 amicus
847 540 951 593 aitmit-
992 539 1100 592 calatus
1114 538 1258 609 presumit
1271 538 1339 592 illud
1356 555 1469 592 sumere
1486 539 1540 602 uui
1550 538 1659 603 trtiter,
1672 542 1708 593 ut
1720 536 1790 591 mvt-

152 636 215 681 tens
230 643 333 683 munus
347 628 415 683 illud
435 629 519 683 amici
533 630 578 684 sui
591 629 760 694 charissimi,
775 629 798 683 si
813 645 877 683 eum
891 634 950 682 toto
992 627 1141 692 mus,illud
1152 627 1273 681 eomedit
1284 626 1519 698 etbibitindigne,
1532 625 1788 691 illudetuuitsllee·

150 716 237 770 eorde
250 716 357 783 dilexit,
367 723 593 789 nonpotestnon
603 718 752 772 condidere
764 719 790 771 ei
805 724 834 772 et
843 718 951 771 tristari
992 732 1046 785 que
1062 731 1158 786 peenas
1174 716 1240 773 inde
1258 717 1392 769 exsolvet.
1408 717 1559 786 spostolus
1573 715 1662 786 igitu·
1670 714 1790 788 equit

148 803 186 859 de
199 812 291 859 morte
299 805 617 877 amiei,quotieseunque
628 822 731 861 munus
743 805 798 860 sibi
804 807 952 860 dimissum
991 804 1133 873 quomodo
1147 804 1282 858 debemus
1290 805 1363 858 illud
1375 805 1533 876 percipere.

151 893 298 964 conspicit.
307 893 504 949 Similiternos
515 896 737 966 quotiescunque
744 895 903 949 accedimus
914 896 950 949 ml
1027 895 1219 947 Premetaatcni
1227 895 1347 961 seipsum
1358 895 1480 953 tiemo,·rt
1490 894 1789 962 sicdcpaueitteedrtt,

151 979 383 1044 comessandum,
389 981 431 1034 vel
438 980 653 1051 percipiendum
665 987 871 1035 sacramentum
887 996 951 1032 trur—
989 980 1074 1034 idest
1089 981 1124 1034 de
1138 997 1253 1050 corpore
1267 981 1391 1046 Doimm,
1406 987 1431 1034 et
1440 983 1471 1035 de
1480 986 1562 1036 cetico
1568 982 1656 1047 emor,
1665 981 1695 1035 id
1704 981 1791 1036 eade

149 1065 229 1121 neris
256 1067 365 1129 aeterni,
391 1068 466 1139 qued
485 1068 566 1123 uobis
589 1069 728 1123 Dominus
758 1085 894 1140 passurus
922 1069 951 1120 in
992 1070 1129 1138 sanguine
1144 1069 1265 1123 Domini.
1291 1071 1386 1123 Probet
1406 1088 1442 1134 se,
1463 1070 1491 1123 id
1506 1077 1549 1125 est
1563 1070 1792 1135 disentiatse,et

151 1154 321 1209 memmium
343 1156 386 1209 sui
400 1156 507 1211 dimisit
530 1157 697 1222 tenendum,
719 1174 782 1211 eum
802 1158 904 1211 timore
923 1161 952 1209 et
991 1163 1087 1211 utrum
1103 1158 1205 1228 dignus
1219 1159 1256 1212 sit
1272 1175 1367 1222 necne,
1380 1165 1409 1211 et
1418 1158 1591 1228 probabilem
1600 1176 1633 1213 se
1643 1158 1791 1223 reddatur

152 1244 371 1314 cumpunctione
386 1246 486 1311 cerdis,
503 1246 635 1316 oruniqur
646 1246 802 1299 concientia
816 1245 951 1299 debevnus
992 1246 1063 1299 torte
1078 1247 1151 1299 unde
1164 1247 1213 1299 alii
1227 1254 1346 1301 sumunt
1359 1247 1515 1299 revuedium
1526 1247 1646 1316 accipiat
1655 1244 1792 1317 Μαδ-

151 1332 297 1396 accedere,
309 1335 463 1389 recolentes
475 1341 581 1405 quuuto
596 1352 692 1389 amore
712 1335 809 1389 dilexit
820 1351 881 1398 nos,
903 1333 951 1404 qui
992 1334 1067 1388 cium
1076 1341 1105 1388 et
1115 1335 1336 1397 damnationem,
1345 1335 1537 1404 indigneillud
1547 1334 1793 1406 percipiensm'cut

147 1437 203 1491 pro
216 1419 299 1475 nohis
312 1421 438 1493 seipsum
450 1422 552 1477 obtulit
564 1429 594 1478 ut
608 1440 659 1477 nos
672 1423 832 1477 redimeret.
993 1423 1059 1477 tecit
1067 1425 1080 1477 J
1085 1424 1154 1477 udss
1165 1423 1299 1494 proditor.
1308 1424 1379 1477 Nem
1391 1440 1454 1477 eum
1465 1424 1512 1477 alii
1522 1423 1644 1494 apostoli
1653 1423 1792 1495 nilupole-

186 1509 329 1564 Similiter
338 1511 952 1581 rtreticem,subaudistmdiditeispertqnem
992 1518 1057 1565 serit
1065 1513 1134 1565 illud
1144 1512 1269 1565 terribile
1279 1520 1486 1565 sacromentum
1497 1513 1532 1565 ud
1544 1512 1700 1567 remedium
1707 1517 1741 1566 et
1749 1520 1793 1566 n·

150 1603 278 1663 certarit,
289 1599 381 1653 dicens
397 1616 405 1650 :
420 1586 553 1654 tliceatir
564 1602 672 1655 ,lovem
691 1603 897 1655 Testamentum
913 1600 1080 1700 estBlutem
1097 1616 1188 1664 suurn,
1208 1601 1254 1653 ille
1267 1600 1314 1671 qui
1329 1600 1461 1670 indignus
1477 1606 1538 1655 erut
1552 1607 1631 1654 tento
1646 1600 1792 1671 mystoeio,

150 1688 182 1739 in
204 1703 264 1741 nire
281 1690 428 1754 varientur,
453 1689 482 1743 id
498 1694 545 1743 est
564 1690 635 1744 calix
659 1706 743 1761 quem
763 1689 840 1743 vobis
860 1689 951 1753 trudo,
994 1689 1101 1759 accepit
1111 1688 1180 1742 illud
1189 1689 1225 1741 ad
1235 1689 1443 1742 damnationem
1454 1705 1534 1742 suurn
1548 1689 1630 1758 :quia
1640 1703 1722 1758 quem
1733 1688 1794 1742 dia·

145 1771 262 1829 Novum
274 1770 486 1830 Testamentum
497 1776 646 1847 signiticut,
656 1784 689 1830 ut
697 1776 863 1847 Fuigentius
873 1775 950 1841 dicit,
995 1777 1074 1831 bolus
1087 1784 1152 1830 ante
1160 1777 1544 1847 tenebutpersugges'tionem
1556 1783 1586 1831 ct
1594 1776 1790 1841 tentationem,

143 1860 193 1915 vel
204 1860 531 1918 NovumTestamcntum
539 1865 724 1919 centirmatiu
733 1865 949 1933 meosauguine.
993 1874 1091 1937 postca
1106 1867 1201 1919 renuit
1210 1862 1245 1919 ad
1255 1866 1458 1936 possidendum
1470 1866 1588 1936 plenius,
1599 1871 1631 1920 ut
1639 1864 1792 1920 nihileliud

143 1948 209 2003 sive
219 1965 271 2020 per
281 1967 375 2005 meum
387 1952 553 2021 sauguinem
565 1954 689 2008 Culicem
700 1955 769 2007 Novi
780 1953 951 2008 Testamenti
994 1960 1088 2025 posset
1099 1955 1223 2024 cogitare
1236 1962 1287 2008 aut
1300 1938 1402 2015 fecere,
1424 1955 1476 2008 nisi
1490 1955 1567 2025 quod
1582 1957 1645 2025 ejus
1659 1954 1792 2009 volnus

142 2036 220 2093 dicit
231 2038 269 2093 ad
278 2038 489 2095 distinctionem
497 2042 608 2096 Veteris
617 2042 878 2113 l'estamenti,qucd
889 2058 952 2095 con·
993 2050 1065 2097 emt.
1081 2042 1155 2096 Dicit
1170 2044 1245 2096 enim
1270 2044 1452 2113 evengelista,
1469 2044 1534 2113 quia
1551 2050 1617 2114 post
1639 2042 1793 2098 moestam

139 2128 299 2183 dirmetum
313 2135 356 2183 est
364 2130 502 2200 sanguiue
516 2130 661 2185 liii-cerum
674 2138 703 2186 et
712 2139 867 2197 taurorum,
881 2131 955 2185 sicut
995 2131 1090 2185 stetim
1112 2131 1239 2185 introivit
1252 2132 1283 2184 in
1305 2148 1369 2184 eum
1391 2139 1517 2193 satanas,
1540 2140 1573 2187 ut
1591 2133 1699 2187 sue·
1712 2132 1792 2202 quod

139 2213 276 2271 Debetur
283 2215 313 2271 in
321 2217 425 2283 Exod0,
434 2219 543 2273 dicente
549 2220 644 2290 lloyse
651 2222 685 2274 ad
697 2221 831 2291 populum
841 2220 952 2290 quando
995 2221 1043 2273 illo
1058 2219 1210 2289 instigante
1224 2226 1401 2284 tractaverat,
1414 2238 1447 2275 eo
1461 2221 1618 2275 concitante
1631 2220 1790 2291 perureret.

137 2302 270 2375 collegit
282 2307 448 2377 sauguinem
464 2308 605 2362 hircorum
616 2310 645 2363 in
656 2309 741 2363 culice
756 2310 797 2362 vel
807 2316 917 2379 patena,
927 2316 955 2361 et
1032 2310 1085 2373 Qui
1099 2310 1173 2360 enim
1192 2310 1340 2360 nutricaret
1359 2314 1383 2359 rt
1398 2309 1465 2362 bibit
1479 2310 1603 2374 irratione,
1614 2309 1689 2363 sicut
1702 2322 1789 2376 supra

139 2391 276 2463 aspersit
287 2394 417 2449 eumdem
431 2397 576 2467 populum.
600 2399 651 2452 Hic
666 2404 710 2451 est
727 2397 842 2467 sanguis
855 2398 954 2452 Tesm—
994 2394 1128 2453 diximus,
1138 2396 1280 2463 jrnticinni
1293 2398 1346 2449 siti
1361 2397 1510 2448 riirtvnturot
1525 2401 1549 2448 rt
1564 2397 1640 2460 ttttt,
1655 2396 1686 2449 id
1696 2394 1794 2450 ested

138 2482 244 2537 luenti
261 2483 335 2555 qued
349 2485 494 2539 mundarit
507 2486 543 2539 ad
561 2503 608 2539 vos
625 2487 769 2552 Dominus,
782 2486 864 2541 idest
880 2501 886 2535 ε
902 2485 955 2539 Hic
991 2484 1298 2541 ¹damnationemsuam
1308 2484 1480 2548 illudsumit,
1493 2501 1549 2538 nen
1560 2487 1722 2553 evertimus
1731 2498 1794 2538 vor-

138 2570 274 2640 suuguis
289 2578 330 2627 est
344 2572 425 2626 testis
439 2574 585 2628 verborum
597 2582 626 2628 ct
635 2575 853 2645 promissionum
863 2575 910 2629 Dei
919 2575 955 2627 ad
993 2588 1050 2640 pas
1064 2571 1187 2635 Domini,
1209 2571 1238 2624 id
1253 2578 1296 2624 est
1309 2588 1367 2625 non
1379 2572 1541 2625 discernens
1555 2588 1571 2625 a
1585 2571 1701 2641 reliquis
1711 2569 1791 2625 dtis.

136 2674 213 2725 sos,
228 2666 258 2713 et
269 2661 348 2714 testis
367 2661 514 2716 verborum
531 2672 684 2718 vestrorum
700 2665 773 2735 quod
787 2663 956 2735 promisistis
998 2661 1069 2714 Cum
1085 2661 1185 2713 tirnore
1200 2666 1228 2713 et
1245 2668 1368 2714 tremore
1381 2661 1516 2715 debemus
1529 2661 1661 2714 accedere
1676 2658 1712 2713 cd
1722 2658 1793 2713 illud

137 2764 218 2803 esse
232 2764 283 2802 vos
296 2748 784 2807 obedientesilti.SimiliterNovum
795 2754 956 2807 Testimon-
997 2755 1205 2801 sacramencum
1223 2747 1359 2815 terribile,
1377 2755 1409 2803 ut
1428 2749 1498 2803 sciat
1510 2765 1591 2802 meus
1606 2746 1793 2802 reverentiam

131 2846 226 2903 tum,
239 2836 324 2892 idest
340 2838 531 2910 Evangelium,
543 2841 590 2895 ubi
603 2843 783 2897 continentur
790 2842 953 2913 promissio·
963 2870 985 2931 c
996 2854 1027 2890 se
1042 2835 1144 2891 debere
1162 2845 1298 2909 praestare
1322 2838 1348 2892 ei
1362 2838 1398 2892 ad
1418 2838 1497 2906 eujus
1510 2853 1612 2907 corpus
1624 2835 1794 2891 sumendum

124 2940 202 2981 nes
216 2932 325 2981 uostris
338 2927 540 2999 redemptionis
554 2938 582 2984 et
597 2932 695 3002 patrie
710 2932 840 2998 coelestis,
853 2931 954 2985 confir·
998 2924 1114 2980 recedit·

121 3019 268 3069 mrum
283 3022 326 3069 est
337 3017 475 3087 sanguine
487 3019 627 3090 possiem
641 3021 746 3074 eursu
767 3021 814 3090 qut
830 3019 954 3091 quotidie
1034 3014 1104 3079 nto,
1118 3014 1253 3070 subaudis
1264 3016 1330 3086 qma
1344 3014 1639 3086 iridigneomsrmttis
1649 3013 1794 3085 percipere

123 3104 316 3159 celebretur
330 3105 359 3159 iu
374 3106 506 3161 Ecclesia.
521 3109 611 3163 Omne
621 3109 696 3163 cuim
709 3114 909 3163 testimenium
925 3109 954 3162 in
996 3102 1174 3157 salutiferum
1189 3112 1408 3171 sacramentum,
1425 3104 1528 3158 idcirco
1538 3110 1604 3159 sunt
1615 3108 1688 3157 inter
1704 3120 1760 3169 eor,
1775 3119 1793 3157 o

121 3200 248 3251 uerte
263 3196 447 3251 confirmatur
461 3199 620 3252 testatoris:
637 3199 711 3268 quod
725 3210 819 3252 autern
835 3197 953 3257 addidit,
997 3190 1146 3257 Corinthii,
1156 3193 1793 3264 titullt't'ttll'rntt',idestlanguentesett'tttboet'i·

118 3283 200 3339 Jzoo
208 3283 956 3355 sorite,sivesanerirraro‹pionerooooetriremem
998 3280 1045 3344 tes,
1056 3280 1132 3335 idest
1142 3282 1521 3343 tetricitrrtesetterrm'rrt
1529 3285 1621 3343 mortis,
1632 3292 1795 3335 ooosomso

127 3387 247 3427 vairans
267 3378 565 3441 conimenrorettomen,
588 3375 662 3429 idem
683 3391 782 3429 sensus
803 3382 855 3441 est,
872 3383 904 3430 ut
921 3370 956 3431 de
996 3369 1075 3441 pacit
1090 3377 1117 3424 ⁰1
1128 3372 1400 3442 quietisssedfflffl'lk
1415 3370 1655 3433 dfflssntlllffltsssffl
1668 3374 1711 3423 ⁸ss
1719 3383 1796 3424 ml·-

122 3474 276 3531 corpore
286 3476 371 3530 supra
385 3460 491 3515 dictum
507 3470 557 3515 est.
999 3459 1039 3511 tui
1056 3468 1122 3512 sunt
1131 3469 1221 3514 inerte
1233 3468 1338 3514 iuterna
1347 3467 1462 3532 propter
1473 3460 1526 3513 lior
1536 3458 1797 3529 peceatumvotus

181 3550 411 3617 Quotiescunque
421 3553 494 3603 enim
507 3553 710 3604 virunrturebitis
722 3568 823 3620 parum
836 3553 920 3618 livine,
934 3557 957 3606 rt
999 3545 1193 3601 detuettstmrc
1211 3549 1278 3619 quia
1294 3549 1340 3619 qui
1366 3566 1467 3618 cerpus
1485 3548 1661 3602 Dominicum
1680 3545 1797 3615 indigne

125 3640 272 3691 calicem
289 3636 392 3702 ditetis,
409 3642 866 3696 virentemDvrvrinievrnmitiabitis
876 3644 959 3695 <titire
999 3635 1168 3705 pe1'cipiunt,
1180 3638 1320 3707 judicium
1335 3638 1400 3691 inde
1411 3643 1528 3692 sumunt
1538 3634 1794 3700 etdamnationeru3

124 3728 250 3781 veritat
264 3723 325 3795 ipse
332 3726 368 3779 sd
375 3726 522 3796 judicium.
531 3728 646 3783 Duobus
655 3730 746 3783 modis
756 3731 958 3784 annuntiamus
1001 3724 1125 3777 Ostendit
1133 3726 1269 3795 quosdam
1277 3727 1352 3797 apim
1364 3726 1525 3780 Corinthios
1536 3724 1796 3792 vindicteminprae·

124 3820 279 3870 mortem
292 3814 403 3868 Domini
414 3817 474 3885 jam
490 3834 550 3871 esse
561 3816 730 3871 celebratam
742 3836 793 3889 pro
804 3826 901 3872 nostra
912 3835 958 3874 re·
998 3812 1143 3883 fientijern
1159 3814 1327 3885 percepisse,
1343 3815 1392 3885 qui
1414 3813 1623 3869 inconsiderate
1642 3819 1672 3866 et
1688 3813 1797 3865 irreve-

127 3903 323 3974 demptione
345 3905 387 3957 vel
409 3904 501 3975 ipsum
521 3906 688 3977 mysterium
710 3907 887 3972 celebrande,
910 3906 958 3961 ubi
999 3908 1097 3956 renter
1110 3903 1178 3957 illud
1194 3910 1361 3973 acceperunt
1374 3904 1441 3974 quin
1455 3902 1579 3958 febribus
1603 3907 1633 3955 et
1645 3901 1797 3955 infirmita-

134 3990 688 4063 iterumuspassionemilliusveletium
701 3996 957 4067 praedicsndonliis,
1000 3989 1075 4044 tibus
1091 3992 1188 4045 multis
1209 3993 1332 4062 correpti
1350 3997 1425 4053 sunt,
1443 3999 1473 4045 et
1490 3991 1605 4063 quidam
1620 3989 1707 4043 etiam
1722 4002 1795 4041 mor-

136 4081 231 4155 quod
248 4088 403 4153 utrumque
413 4100 497 4153 agere
509 4084 653 4151 debemus,
665 4094 694 4139 et
702 4086 838 4139 sumendo
849 4093 877 4138 et
888 4102 958 4151 prae-
1000 4079 1052 4140 tui,
1065 4086 1097 4133 ut
1107 4080 1219 4134 illorum
1234 4080 1463 4151 exernplocuteri
1475 4081 1616 4134 discerent
1628 4094 1685 4132 non
1694 4075 1796 4131 debere

143 4169 289 4229 dicando.
305 4170 365 4225 Hor
378 4188 489 4243 quoque
499 4173 644 4229 sciendum
661 4174 784 4245 estquia
794 4190 858 4228 cem
869 4173 957 4227 nestri
1000 4167 1115 4239 indigne
1130 4178 1158 4223 et
1170 4170 1345 4241 negligenter
1358 4187 1460 4242 eorpus
1470 4169 1712 4224 Dominisumere.

147 4256 316 4315 salvatoris
328 4275 379 4329 pro
394 4260 484 4314 salute
499 4263 589 4317 uestri
605 4265 740 4334 corporis,
761 4264 878 4335 sanguis
894 4279 958 4317 vcro
1037 4260 1114 4326 Quod
1126 4262 1152 4312 si
1160 4262 1335 4328 iromirtipsor
1344 4262 1576 4328 dijudicaremur,
1585 4258 1614 4313 id
1623 4264 1668 4312 est
1677 4258 1798 4312 discute·

152 4362 206 4421 pro
222 4348 324 4401 anima
336 4355 432 4403 nostra
442 4349 522 4404 fusus
532 4352 653 4423 estquis
664 4353 743 4406 sedes
753 4354 855 4407 atrimae
864 4353 962 4406 insan—
1002 4364 1098 4401 reruus
1112 4348 1464 4403 etexaminaremusrimm
1477 4355 1603 4403 suestram
1614 4352 1709 4401 utrum
1717 4345 1798 4415 digni

156 4436 246 4507 guiue
260 4436 401 4493 censistit.
417 4436 450 4491 ln
465 4441 546 4509 cujus
561 4442 727 4494 tuernoriam
736 4457 837 4511 corpus
853 4448 881 4494 ct
894 4458 962 4495 san·
1003 4452 1128 4491 essemus
1142 4453 1240 4497 necne,
1252 4444 1281 4491 et
1289 4436 1454 4506 nosmetipsi
1462 4452 1572 4490 errores
1583 4441 1694 4489 nostrus
1707 4435 1797 4488 cerri·

161 4525 278 4595 guinem
301 4525 377 4580 illius
399 4530 547 4592 sumimus,
574 4529 707 4600 quoniam
735 4530 795 4600 ipse
816 4536 847 4583 ut
869 4535 959 4584 totum
1001 4541 1143 4594 gerenies,
1156 4542 1211 4579 iton
1226 4530 1321 4593 utiquc
1331 4528 1538 4594 judicarentur,
1548 4522 1576 4577 id
1590 4528 1633 4577 est
1647 4538 1704 4577 nou
1720 4523 1798 4576 dam-

163 4610 305 4669 heminem
320 4614 428 4668 salvum
442 4615 548 4671 fuceret
569 4625 598 4671 et
614 4617 777 4685 redimeret,
794 4619 960 4689 sanguinem
1003 4630 1136 4669 naremur
1149 4632 1167 4668 a
1183 4614 1305 4680 Christe,
1323 4631 1415 4685 neque
1432 4614 1462 4667 in
1476 4614 1529 4666 hoc
1539 4613 1650 4679 wcule,
1661 4627 1754 4682 neque
1768 4613 1798 4666 in

165 4714 245 4759 tuum
261 4702 341 4756 tundi
356 4704 493 4774 permisit.
1002 4703 1106 4758 futuro.

196 4792 460 4861 ltaqucquiranqne-
471 4795 680 4849 iriondrcerrrit
687 4813 787 4863 ponrrn.
799 4797 963 4863 innitenti·
1038 4796 1110 4848 Dnrn
1119 4795 1286 4863 judicemur
1299 4797 1402 4858 armiro,
1413 4808 1469 4847 non
1483 4792 1512 4846 in
1526 4791 1631 4863 paucis,
1642 4792 1671 4846 in
1690 4790 1746 4845 illis
1757 4790 1799 4845 vi-

168 4878 233 4937 tarn
244 4881 368 4943 calicem,
384 4880 413 4934 id
428 4889 471 4936 est
483 4883 652 4953 sanguinem
668 4887 780 4939 Domini
792 4886 916 4951 riulione,
932 4885 961 4939 id
1003 4882 1104 4938 delicet
1116 4884 1163 4954 qui
1177 4883 1357 4937 infirmantur
1365 4891 1393 4936 et
1399 4881 1560 4936 febricitant
1568 4883 1598 4936 in
1607 4882 1659 4936 hee
1668 4881 1799 4953 presenti

166 4968 379 5041 etquicunque
389 4970 555 5041 sanguinem
565 4978 592 5025 et
600 4989 700 5044 corpus
711 4974 822 5028 Domini
831 4990 961 5046 sumpse·
1002 4971 1073 5025 etin
1089 4971 1143 5025 illis
1157 4973 1242 5026 etiam
1266 4972 1315 5042 qui
1330 4971 1498 5037 moriuntur,
1513 4988 1531 5024 a
1549 4974 1666 5026 lietuino
1680 4974 1800 5040 corripi·

166 5056 203 5113 rit
214 5056 342 5127 indigue,
358 5073 421 5110 rens
440 5060 492 5111 crit
506 5062 628 5126 eorporis
641 5066 665 5113 ct
674 5065 822 5125 seirpoinis
837 5064 959 5123 detinni,
1003 5076 1078 5125 iiior,
1091 5069 1119 5114 et
1133 5061 1433 5131 flagellamurcorpore
1449 5076 1499 5131 per
1513 5061 1577 5115 illes
1588 5066 1620 5114 rt
1631 5061 1692 5131 ipso
1699 5060 1800 5114 timore

167 5144 251 5203 idest
259 5162 357 5219 poenus
372 5152 490 5200 aeternus
501 5147 566 5201 iude
582 5150 712 5213 exsolvet,
724 5151 778 5205 nisi
797 5153 963 5222 penitentia
1004 5150 1155 5220 perterriti,
1185 5166 1240 5203 vion
1266 5151 1436 5203 ‹tarirrirnmr
1457 5149 1629 5203 aeternaliter
1655 5166 1721 5203 cern
1752 5150 1801 5202 bec

173 5232 252 5307 ligna
273 5235 327 5290 hec
342 5236 503 5307 expiaverit,
520 5237 639 5309 aliisque
655 5239 734 5293 bonis
750 5242 890 5311 operibus.
917 5245 964 5295 ln·
1006 5240 1119 5301 vitiando,
1136 5238 1164 5291 id
1178 5246 1223 5291 est
1235 5254 1298 5291 eum
1314 5237 1473 5292 infidelibus
1485 5245 1515 5292 et
1530 5236 1704 5291 amatoribus
1716 5237 1801 5306 hujus

178 5323 248 5391 tom
262 5323 339 5389 dicit,
355 5324 382 5378 id
407 5329 449 5377 est
473 5324 571 5379 ordine
586 5342 641 5380 non
657 5327 812 5394 observato,
836 5330 966 5384 videlieet
1005 5324 1113 5380 muudi.
1123 5325 1198 5379 Nihil
1210 5326 1283 5379 evrini
1293 5326 1381 5380 distat
1390 5327 1425 5380 ab
1435 5326 1605 5397 insuleli,qui
1616 5327 1801 5380 irreverenter

186 5411 213 5467 ui
222 5410 307 5467 aliter
320 5412 488 5484 mysterium
498 5410 568 5467 illud
584 5413 757 5469 celebratvel
769 5417 866 5483 sumit,
879 5434 964 5487 quem
1006 5432 1069 5470 cum
1084 5413 1215 5469 omnibus
1229 5416 1350 5485 peeraus
1364 5415 1557 5472 criminalibus
1569 5411 1800 5478 commaculatur,
