3818 6104
128 336 181 414 ιιι
332 343 1243 415 ilnYMONISllALBlth'lDT.EPISU.DPP.PARS;1.·‡
1261 346 1447 406 connum.
1466 350 1559 407 ems.
1712 347 1763 404 ιιι

127 464 242 542 tuerint,
255 492 310 533 non
326 470 430 532 initum
442 467 465 532 ἐι
475 468 642 533 dormierint
656 480 782 548 pastores
792 481 923 543 tui,idest
942 512 944 519 ·
965 476 1083 532 steterit.
1093 477 1142 530 sed
1158 474 1336 538 atranslerit,
1353 495 1366 528 ι
1383 476 1451 546 quia·
1461 475 1570 530 malitia
1583 473 1765 546 Assyriorum

128 558 309 647 Jir'incipri
281 570 309 621 et
319 560 463 637 subreguli
478 567 530 622 tul.
540 568 575 621 Et
589 567 612 622 si
627 566 740 622 edomiti
751 576 816 623 sunt
830 570 874 624 rel
885 570 913 622 in
967 560 995 620 et'
1008 565 1140 636 quterbia
1151 581 1247 617 rorum
1262 563 1427 618 transitoria
1440 567 1469 618 ιι
1495 564 1601 619 caduca
1624 568 1695 627 erat,
1712 578 1764 616 nec

129 655 250 719 torfacti,
267 656 314 726 qui
331 656 530 726 primiinecie
546 661 621 709 stare
642 656 807 719 debuerant,
821 659 926 729 disper
966 670 1078 725 semper
1093 656 1203 725 poterat
1214 669 1388 723 permanere
1405 653 1590 724 'Propologrce
1604 653 1664 707 ιιι
1680 651 1765 705 verta

129 760 178 800 sus
177 748 229 799 est
235 745 354 816 populus
365 748 429 798 tuus
440 732 475 824 ob
488 744 616 799 timorem
626 745 761 799 venientis
776 747 925 800 Nabucho-
967 743 1001 797 ad
1018 742 1116 797 mundi
1131 742 1286 814 principem
1296 742 1394 796 reterri
1409 748 1535 812 possunt.
1558 742 1612 806 Qui
1623 740 1764 812 quondam

129 833 265 888 donosor:
278 822 430 887 intersectis
445 818 519 886 eninr
535 833 718 904 principibus,
728 834 837 905 reliqua
851 835 926 889 mul-
966 830 1164 902 gloriabatur:
1183 827 1245 884 ‹In
1260 831 1360 885 coelum
1376 831 1574 898 conscendant,
1588 846 1676 901 super
1689 834 1766 883 astra

129 922 221 977 titudo
235 921 356 976 imbellis
366 921 492 1005 dispersa
510 922 571 977 es't
564 938 592 976 ιιι
609 922 760 989 montibus,
776 918 806 977 et
820 928 928 977 nonest
967 921 1029 974 coeli
1043 919 1171 974 exaltabo
1188 920 1311 974 solium
1300 935 1405 986 meum,
1414 920 1480 974 seui
1492 919 1582 974 etiam
1593 917 1767 990 exprobrans

130 1011 179 1083 qui
193 1012 343 1082 ctngreget
365 998 514 1080 fugientes,
544 1016 573 1066 et
597 1011 633 1065 ad
647 1004 834 1066 desistendum
846 1017 928 1083 cogat
968 1008 1205 1081 prophetadicit:
1224 1028 1235 1059 ι
1249 1007 1396 1072 Quomodo
1405 1008 1530 1063 ιιιιιιιιιι
1542 1008 1578 1062 de
1591 1008 1673 1072 coelo,
1690 1006 1767 1062 Luci·

130 1100 294 1155 exereitum.
968 1097 1019 1162 ier,
1036 1097 1083 1168 qui
1098 1115 1180 1151 ιιιιιιι
1195 1096 1350 1151 oriebaris?
1369 1116 1379 1148 ι
1393 1097 1501 1150 Dicitur
1515 1095 1622 1166 ergoet
1639 1108 1690 1165 per
1704 1110 1768 1165 apo·

168 1188 304 1243 &Nonest
314 1187 433 1242 obscura
443 1187 574 1243 'contrltto
584 1193 643 1253 tua,
655 1189 816 1260 pessimae.
819 1194 831 1243 t
846 1190 928 1261 plaga
969 1187 1126 1257 stropham:
1141 1187 1225 1240 Ode
1220 1202 1270 1247 ·,ur
1289 1186 1465 1239 dormierunt
1476 1191 1603 1256 pastores
1617 1183 1661 1238 tui
1675 1184 1706 1237 in
1718 1183 1766 1237 ed·

129 1279 188 1341 tua,
197 1275 247 1330 »id
270 1278 312 1329 est
325 1286 382 1330 non
396 1290 490 1347 parva,
502 1281 532 1330 et
545 1288 607 1347 quae
621 1271 708 1348 possit
718 1278 815 1338 latere,
832 1282 893 1348 quai
912 1292 929 1331 a
968 1280 1053 1329 ventu
1069 1275 1173 1329 Christi
1186 1274 1309 1340 Domini,
1326 1280 1391 1345 quia
1405 1273 1555 1344 pascebant
1568 1273 1700 1327 homines
1713 1288 1767 1326 nou

129 1349 391 1419 nullomedi'corum
408 1364 494 1435 possit
510 1366 612 1419 curari.
628 1365 757 1420 «Omnes
771 1367 819 1437 qui
835 1367 929 1420 audie-
970 1364 1138 1424 insolutam.
1155 1362 1205 1417 scd
1219 1369 1251 1417 ut
1274 1364 1418 1434 saginatos
1447 1363 1523 1417 omni
1543 1361 1769 1416 immunditiaet

130 1453 198 1508 tunt
212 1453 385 1507 abolitionem
401 1456 489 1516 tuam,
507 1461 734 1525 compresserunt
752 1470 867 1509 manum
880 1472 928 1509 su·
969 1453 1128 1524 iniquitate,
1151 1452 1260 1506 auidius
1281 1468 1329 1505 eos
1354 1451 1531 1506 devorarent
1545 1452 1672 1521 Populus
1691 1458 1768 1515 tuus,

130 1542 233 1623 perte.
253 1541 461 1596 iilanilestum
476 1547 519 1596 est
533 1544 598 1613 quia
615 1544 774 1615 quicunque
788 1535 931 1598 audierint
970 1542 1019 1613 qui
1034 1548 1061 1595 te
1071 1541 1212 1612 quondam
1228 1540 1347 1604 colebat,
1371 1540 1501 1594 discessit
1515 1556 1532 1593 a
1546 1545 1584 1602 to,
1600 1546 1631 1593 et
1644 1538 1770 1609 confugit

131 1618 294 1684 subversam
305 1629 434 1695 Niniven,
451 1634 480 1685 et
494 1636 588 1702 regem
607 1633 748 1717 quondam
768 1632 929 1703 potentis-si·
971 1631 1006 1684 sd
1023 1636 1141 1694 montes,
1153 1630 1189 1683 ad
1212 1629 1403 1700 apostolorum
1417 1635 1446 1682 et
1468 1628 1615 1682 doctorum
1628 1627 1770 1698 praesidia

131 1720 210 1772 thum
227 1704 411 1788 prostratum,
421 1714 574 1791 stupebunt
591 1710 703 1776 attoniti
718 1726 803 1776 tantae
818 1721 858 1776 rei
873 1718 930 1775 ma·
972 1720 1092 1774 lituunc
1108 1734 1206 1772 omnes
1221 1718 1357 1772 insultant
1372 1717 1432 1777 tibi
1451 1717 1498 1788 qui
1514 1722 1573 1771 ate
1590 1716 1770 1788 deceptisuo*

132 1791 292 1878 gnitddtne,
308 1812 336 1861 et
359 1808 546 1878 compriment
558 1824 667 1872 manus
685 1816 717 1863 ut
736 1811 827 1864 solent
840 1811 931 1866 lacere
972 1816 1046 1875 rant,
1062 1826 1128 1880 qum
1138 1815 1187 1863 aut
1205 1809 1299 1863 nullus
1313 1814 1362 1862 aut
1375 1824 1457 1862 rarus
1471 1814 1524 1871 est
1535 1823 1619 1877 quem
1633 1823 1691 1860 non
1714 1805 1774 1865 ali-e

132 1897 288 1966 stupentes
304 1894 437 1949 valcelle
454 1914 510 1966 prae
532 1886 635 1968 gaudio
658 1898 828 1953 insultantes
843 1899 931 1952 ruinae
972 1898 1245 1970 quandodeceperis,
1257 1901 1285 1951 et
1297 1912 1384 1966 super
1398 1913 1481 1967 quem
1493 1895 1771 1949 nontransieritma·

131 1988 198 2046 tua,
214 1983 350 2054 plaudent
364 1984 503 2040 manibus
527 1982 584 2040 Cur
610 1993 705 2041 autem
731 1988 793 2051 hoc,
809 1987 932 2041 ostendit
972 1987 1033 2041 litia
1047 1991 1105 2041 tua
1118 1987 1208 2058 Super
1217 2002 1382 2058 quememm
1397 1990 1455 2039 stat
1469 1983 1589 2048 malitis,
1606 1999 1665 2037 non
1679 1988 1772 2054 potest

131 2071 277 2127 subdens:
292 2062 390 2136 ·Quta
405 2074 490 2145 super
505 2084 587 2146 quern
615 2090 672 2130 non
696 2076 809 2130 transiit
824 2076 933 2129 malitis
973 2075 1109 2129 insultare
1123 2075 1157 2128 ei.
1166 2074 1235 2128 Cum
1252 2090 1316 2126 vero
1328 2073 1475 2127 transterit
1494 2071 1612 2137 malitia,
1624 2077 1653 2125 et
1664 2088 1772 2127 succes·

130 2156 342 2231 tuas'emperli
358 2154 690 2234 Idcirco(1nqutt)nullus
703 2170 933 2236 potestsuperte
973 2165 1042 2218 serit
1057 2162 1178 2226 bonitus,-
1191 2160 1569 2224 tuncinsultabuntdiabolo,
1576 2167 1606 2214 et
1614 2159 1696 2215 bonis
1703 2176 1772 2231 opo·

120 2240 238 2315 -tiblera,
256 2252 285 2303 et
301 2249 410 2304 vulneri
436 2256 485 2304 tuo
512 2252 580 2306 dare
595 2254 743 2324 lacrymas,
760 2248 932 2324 quianullus
973 2252 1141 2323 ritusquasi
1157 2250 1774 2323 complosismanibussupereuntconcreps·

133 2322 364 2449 bstsuperqd'em
379 2326 572 2451 ιιιιιίιιιιιιι
559 2356 615 2395 non
624 2343 779 2397 transient
790 2334 930 2408 Νιιιιιιιι,
974 2341 1055 2396 bunt.

507 2573 579 2667 IN
612 2575 936 2723 HABACUO
969 2562 1398 2725 PROPHDTAM

161 2783 303 2881 ¹idstbacn'c
316 2812 463 2895 propheta,
479 2812 527 2882 qui
541 2810 614 2882 apud
636 2810 768 2866 Hebraeos
782 2810 932 2866 Chabacuk
974 2812 1153 2883 iniquitatem
1168 2811 1276 2864 videam
1292 2817 1320 2863 et
1332 2807 1467 2875 laborem,
1481 2809 1509 2863 id
1524 2815 1568 2863 est
1580 2808 1775 2874 aillictioneni,

136 2886 249 2978 dicitur,
267 2878 465 2981 prophetavit
454 2917 514 2972 Jam
534 2901 615 2965 luda,
628 2884 699 2957 ides
700 2900 934 2955 tduabustribu-
977 2918 1061 2972 quam
1077 2899 1112 2953 ab
1127 2898 1253 2953 hostibus
1268 2899 1410 2953 sustineo?
1398 2896 1487 2953 ιΗοι
1511 2897 1623 2952 dicebat
1637 2897 1778 2968 propbeta

137 2970 518 3077 busaNdbuchodonosorin
534 2989 724 3063 captiuitatem
740 2988 838 3044 ductis
857 2988 936 3054 Quod
980 3005 1037 3060 prae
1053 2989 1185 3058 angustia
1203 2988 1306 3059 mentis
1334 2987 1473 3052 turbatus,
1490 2992 1519 3040 et
1541 2987 1623 3067 quasi
1644 2985 1778 3041 dubitans

137 3064 211 3133 scire
225 3093 374 3176 possumus
390 3094 423 3132 ex
437 3077 508 3131 libro
521 3078 655 3159 Danielis,
673 3068 721 3150 qui
745 3076 798 3133 tuit
813 3094 886 3134 unus
905 3095 938 3132 ex
979 3077 1049 3131 nihil
1066 3075 1163 3130 heri'
1141 3092 1202 3130 eine
1216 3054 1266 3148 Dei
1279 3075 1464 3146 providentia,
1474 3075 1777 3146 velutiignoranssan·

139 3163 345 3249 captivitate
311 3165 398 3227 Judae
416 3165 451 3249 od
466 3154 550 3236 quem
565 3160 628 3220 cum
643 3166 671 3221 in
686 3162 750 3221 lacu
768 3154 874 3235 positus
889 3184 934 3221 es·
975 3173 1035 3221 ctos
1055 3144 1283 3218 tribulationibus
1303 3160 1417 3235 probari
1432 3167 1461 3217 et
1472 3164 1615 3235 proficere,
1633 3162 1709 3216 sicut
1731 3176 1779 3216 au-

140 3259 192 3338 set,
208 3252 254 3308 hic
267 3236 405 3337 propbeta
419 3241 482 3307 cum
494 3253 612 3324 prandio
628 3254 663 3311 de
680 3255 777 3310 Judaea
790 3272 840 3326 per
854 3272 937 3327 ange·
977 3272 1039 3309 rum
1055 3254 1084 3308 in
1099 3252 1164 3324 igne
1178 3250 1289 3323 proficit
1311 3251 1346 3306 ad
1366 3252 1534 3308 claritatem.
1551 3251 1605 3306 Sed
1619 3257 1647 3306 et
1661 3252 1779 3322 hospo-

140 3342 200 3399 lum
210 3342 374 3415 deportatus
386 3348 437 3397 est
456 3344 663 3417 Interpretatur
676 3340 771 3398 autem
787 3345 936 3400 chabacuk
976 3348 1033 3398 test
1042 3340 1105 3404 dtcl
1123 3342 1189 3419 quia
1204 3358 1261 3396 non
1274 3359 1308 3396 ex
1323 3357 1443 3414 persona
1457 3358 1518 3408 sua,
1535 3341 1584 3395 sed
1602 3357 1635 3395 ex
1649 3336 1782 3412 imperfo-

141 3419 313 3515 p'mplesans,
330 3432 387 3486 aive
393 3434 578 3519 elephantie,
595 3432 660 3503 quia
684 3429 813 3488 amabilis
825 3432 936 3488 Domini
978 3439 1086 3487 ctorem
1100 3412 1315 3502 taliapropheta
1329 3429 1415 3491 dicat
1432 3446 1480 3507 qur
1492 3429 1656 3500 ignorantes
1668 3429 1782 3483 occulta

141 3519 236 3586 luerit,
252 3520 295 3575 vel
308 3537 392 3592 qula
389 3522 512 3576 luctatus
527 3529 571 3575 est
585 3537 648 3574 eum
664 3501 792 3587 Domino,
809 3528 837 3577 et
858 3540 903 3594 qu
897 3539 937 3576 ιιι
978 3518 1029 3575 Dei
1041 3502 1156 3590 judicia,
1175 3518 1371 3573 cumuiderint
1386 3519 1475 3573 malos
1496 3518 1601 3577 extolli
1620 3517 1710 3572 bonos
1720 3522 1783 3588 pre·

72 3662 77 3677 ,
143 3609 266 3680 quodam
278 3608 432 3664 certamine
447 3625 511 3663 eum
526 3609 600 3680 amp
621 3627 671 3664 xus
682 3611 728 3665 ιιι
745 3594 845 3665 Nullus
863 3611 939 3665 enim
980 3608 1028 3671 ιιι,
1044 3598 1195 3662 audentea
1179 3607 1276 3662 usa'ri
1293 3612 1392 3662 contra
1405 3606 1555 3662 Dominum
1559 3623 1620 3678 qur
1632 3608 1687 3661 scit
1701 3605 1781 3677 qued

142 3699 298 3783 prophetas
296 3715 342 3754 um
358 3684 417 3752 tam
432 3628 618 3753 audacterad
622 3692 852 3770 disceptationem
868 3716 939 3770 prae·
981 3699 1034 3758 cui,
1051 3698 1093 3751 vel
1108 3697 1220 3769 quondo
1237 3698 1394 3751 ιοιιιιιιιιι.
1407 3696 1475 3751 Tale
1498 3682 1565 3767 quid
1585 3698 1613 3749 et
1632 3694 1784 3749 Psalmists

142 3786 264 3879 sumpsit
278 3715 590 3871 Dominumprotocare
617 3792 646 3841 et
666 3787 782 3843 dicere:
801 3787 940 3859 «Usque-
981 3782 1116 3858 deplorat,
1133 3787 1250 3840 dicens:
1268 3785 1402 3856 Ecceipsi
1416 3789 1577 3855 peccatores
1592 3788 1621 3838 et
1636 3784 1785 3838 abundan-

144 3872 210 3947 quo,
225 3862 355 3944 Domine,
370 3874 506 3930 clamabo
519 3881 571 3932 etc.
595 3895 610 3931 ι
981 3874 1063 3930 tesin
1078 3874 1188 3940 ιιιιιιο,
1203 3880 1256 3928 etc
1272 3873 1324 3928 lob
1340 3882 1451 3945 quoque
1466 3873 1641 3928 enumeratis
1664 3865 1785 3927 terinos

394 3962 512 4045 CAPUT
526 3942 678 4021 effluunt.
981 3958 1067 4025 tibus,
1085 3965 1186 4035 quibus
1201 3962 1313 4034 reprobi
1328 3963 1491 4034 stipantur
1485 3979 1513 4016 ιιι
1528 3963 1645 4028 mundo,
1662 3963 1705 4015 ita
1715 3971 1784 4015 con-

182 4052 284 4111 «Onus
296 4053 368 4125 quod
379 4050 447 4108 udrt
457 4046 741 4128 Habaeucpropheta
751 4046 942 4155 »Ubicunque
982 4052 1088 4108 clusit·
1100 4044 1235 4107 Ducunt
1226 4067 1256 4105 m
1270 4050 1349 4106 bonis
1363 4051 1422 4106 dies
1439 4066 1514 4118 suos,
1534 4051 1584 4105 et
1577 4067 1605 4105 m
1623 4056 1728 4122 puncto
1747 4050 1782 4104 ad

144 4134 175 4199 in
190 4129 418 4221 prophe'tisonus
444 4142 568 4213 ponitur,
595 4144 705 4214 pondus
720 4138 897 4199 miseriarum
913 4149 942 4199 et
982 4142 1093 4197 inferna
1106 4138 1293 4196 descendunt
1314 4141 1378 4194 ιιιι
1404 4128 1574 4194 factumest
1599 4139 1741 4210 judicium
1754 4146 1785 4194 et

145 4218 260 4313 afflictio
274 4232 448 4309 designatur.
474 4232 683 4286 Attendendum
703 4238 798 4286 autem
812 4228 887 4303 quod
901 4249 942 4288 se-
982 4229 1164 4286 contradictio
1179 4226 1329 4301 potentior
1342 4228 1520 4300 Propterhoc
1534 4229 1658 4282 lacerata
1671 4229 1779 4292 estlex,

147 4319 264 4399 quitur:
279 4318 359 4382 Quod
376 4318 584 4372 viditHabacuc
599 4320 744 4390 propheta.
763 4306 891 4385 Videbat,
913 4320 941 4375 id
983 4316 1370 4391 etnonpervenitnsquead
1390 4319 1474 4373 linem
1487 4317 1637 4387 judicium,
1650 4318 1784 4388 quisitu-

147 4413 190 4485 est
203 4404 377 4489 intelligebat
386 4422 448 4476 quae
455 4405 573 4471 dicebat
577 4423 633 4460 non
640 4408 713 4461 sicut
727 4406 878 4463 Montanus
888 4410 942 4464 ne·
983 4411 1045 4483 pius
1054 4406 1322 4480 praevaletadversus
1329 4406 1448 4477 justum
1459 4412 1609 4477 propteroa
1621 4408 1785 4477 egredietur

131 4474 269 4549 'rebeus
262 4493 376 4559 insanit,
393 4494 511 4548 dicens
503 4484 648 4581 ignorasse
664 4494 851 4567 prophetas
827 4515 889 4567 quae
905 4498 943 4552 lo·
981 4498 1119 4569 Judrctum
1128 4510 1299 4568 perversum
1311 4496 1412 4550 »Dolet
1425 4496 1563 4567 propheta
1575 4494 1633 4549 sive
1649 4493 1785 4567 populus.

132 4556 317 4676 'quebantun
334 4589 363 4638 et
375 4598 454 4638 more
467 4582 668 4639 msamenuum
679 4584 789 4640 dedisse
804 4594 861 4653 eo's,
882 4587 943 4645 sine
985 4588 1110 4686 saeuius
1124 4588 1244 4657 persona
1269 4584 1402 4656 loquitur,
1421 4584 1487 4655 quie
1513 4595 1570 4638 non
1586 4584 1716 4650 ueritate,
1736 4582 1785 4638 sed

147 4660 242 4745 mente
253 4688 363 4747 sonum.
985 4680 1083 4744 potent
1084 4674 1111 4728 ia
1071 4675 1271 4729 tadversum
1281 4672 1475 4744 sejudieatum
1486 4672 1531 4733 ιιι,
1544 4678 1573 4727 et
1582 4666 1653 4726 nibil
1664 4688 1700 4727 ex
1714 4673 1785 4742 lege,

184 4732 367 4845 alteriusque,
387 4748 515 4827 Domitia,
531 4734 668 4829 clamabo,
682 4767 777 4819 etnon
790 4765 944 4820 exaudies?
987 4766 1035 4820 sed
1048 4782 1097 4835 per
1112 4765 1167 4817 vim
1183 4762 1279 4817 ournia
1290 4762 1485 4827 sustinuerint,
1503 4761 1609 4815 unde
1601 4776 1698 4832 ipsum
1711 4760 1787 4832 judl-

146 4836 320 4951 Jociferabor
333 4848 369 4905 ad
383 4847 411 4905 te
431 4844 487 4905 vim
512 4851 632 4922 patiens,
647 4855 676 4905 et
689 4867 744 4905 non
767 4852 909 4908 salvabis?
930 4876 942 4908 ι
986 4854 1060 4909 ciuin
1073 4854 1181 4908 nullum
1193 4852 1277 4907 tinem
1285 4851 1426 4905 habuerit
1436 4850 1600 4905 Finisenlm
1618 4850 1720 4921 judicii
1734 4856 1785 4913 ast,

145 4932 288 5023 L'oquitur
302 4939 549 5013 prophetaplenus
563 4940 658 4996 dolore
662 4946 945 5006 ,etcausaturcontra
982 4942 1109 5014 judicare
1125 4941 1211 5013 juste
1227 4941 1319 5005 Quare
1340 4944 1435 4994 ιιιιιιιιιι
1455 4940 1510 4994 ista
1533 4939 1644 5005 ditarit,
1663 4939 1788 4995 ostendit

129 5098 132 5103 .
147 5012 310 5111 Dominum,
322 5044 372 5082 cur
386 5030 522 5101 templum
536 5029 589 5085 sibi
602 5036 793 5085 consecratum
806 5040 834 5086 et
847 5032 945 5089 cirita·
986 5031 1124 5086 subdens:
1139 5026 1228 5095 'Quia
1222 5029 1334 5100 impius,
1346 5029 1426 5083 idest
1439 5018 1701 5083 Nabuchodonosor
1703 5044 1789 5100 ,·prrs

48 5144 54 5153 ·
145 5100 205 5171 tem
223 5088 410 5182 Hierusalem,
430 5135 491 5189 quae
506 5120 647 5190 quondam
672 5120 831 5192 specialiter
850 5120 947 5178 civitas
989 5119 1334 5188 valetadversusjustum,
1348 5117 1546 5171 idestludam
1554 5116 1668 5170 Nechao
1683 5117 1789 5188 impius

129 5192 200 5260 ¹Det
212 5180 414 5277 appellabatur
432 5198 598 5264 achaldaus
609 5202 894 5281 permiserttdestrut
897 5229 949 5267 cur
987 5226 1036 5264 rex
1050 5206 1172 5278 AEgypti,
1192 5206 1326 5260 adversus
1348 5209 1478 5259 sanctum
1500 5204 1618 5259 lostam.
1639 5205 1740 5260 Daniel
1759 5214 1787 5260 et

149 5293 234 5349 etiam
242 5294 384 5377 populum
401 5295 438 5349 ad
462 5314 492 5350 se
506 5291 674 5353 clamantem
690 5316 746 5354 non
760 5288 901 5364 exaudiat,
919 5305 947 5354 et
987 5304 1046 5351 tres
1055 5312 1132 5367 pueri
1124 5294 1203 5348 tuat
1204 5300 1234 5366 ι)
1236 5302 1281 5348 res
1289 5294 1486 5363 sentiunttcgi
1504 5289 1684 5364 iniquissimo
1695 5290 1789 5348 Nabu·

148 5370 377 5448 ιὀιιιιιιιιιιιιι
360 5372 475 5459 propter
489 5385 543 5439 vim
559 5386 680 5441 hostium
694 5405 749 5443 non
763 5390 860 5447 salvet.
989 5382 1174 5441 chodonosor.
1192 5384 1290 5462 Potest
1302 5383 1355 5436 hoe
1381 5386 1408 5436 et
1424 5382 1459 5435 ad
1481 5384 1593 5436 sanctos
1610 5382 1720 5446 reterri,
1739 5382 1789 5454 qui

122 5478 125 5483 ’
186 5490 201 5527 ι
220 5468 313 5539 Quare
327 5462 475 5547 ostendisti
488 5473 576 5527 raihi'
570 5475 747 5574 iniquitatem
762 5483 791 5533 et
803 5478 942 5544 laborem,
987 5479 1144 5547 queruntur
1157 5489 1219 5528 cum
1231 5478 1329 5526 contra
1340 5486 1388 5525 eos
1401 5472 1594 5553 persecutores
1606 5472 1788 5543 praevaleant,

147 5546 247 5651 Jldere
252 5560 386 5652 praedam
415 5568 443 5617 et
463 5552 633 5655 injustitiam
654 5572 752 5631 contra
776 5566 866 5622 met
888 5554 946 5622 Dur
986 5578 1038 5618 our
1049 5561 1339 5633 judeximpiisaimus,
1361 5560 1484 5631 receptis
1506 5558 1685 5629 muneribus,
1704 5560 1790 5617 uno-

150 5628 346 5721 (mqurt)uxt
355 5644 386 5705 et
407 5640 444 5705 ad
462 5632 536 5705 hdo
530 5639 642 5722 teinp'tis
656 5644 823 5722 perductus
820 5654 894 5722 sum,
913 5657 947 5709 ut
986 5648 1065 5709 'sium
1079 5650 1205 5717 damnet,
1219 5654 1248 5705 et
1262 5650 1343 5705 rubin
1358 5640 1495 5706 absoluat
