3818 6104
292 296 483 357 axmslno
496 299 536 357 ln
550 300 627 359 EPP.
644 301 674 358 S.
690 299 809 356 PAULI.
825 331 856 344 -
871 298 911 355 IN
925 294 1037 356 eelsr.
1053 298 1081 356 n
1099 299 1148 357 AD
1162 300 1244 359 COR.
1538 305 1593 365 tls

105 426 153 481 vad
168 427 334 495 temnentes
352 430 440 481 siricus
469 429 588 495 capitam
608 428 719 496 aliquid
735 442 753 480 a
761 424 921 487 Abratica:
938 425 1097 497 quicunque
1112 427 1232 483 voluerit
1246 427 1374 485 eamdem
1388 429 1480 502 legem
1493 447 1594 488 carna·

105 515 141 571 vsi
152 530 185 570 ec
199 515 288 583 nobis,
302 516 349 569 sed
362 517 531 584 sufficientia
546 521 641 570 nostra
655 532 688 569 ea
701 517 753 570 Deo
796 513 863 568 liter
875 513 1032 580 observare,
1044 515 1181 571 morietur
1194 516 1223 571 in
1237 517 1333 572 anima
1346 518 1413 590 quia
1424 519 1519 575 anima
1532 537 1594 592 qua

105 604 199 660 estruit
207 620 319 658 ornnem
329 604 528 659 confidentiam
543 604 623 658 liberi
633 603 753 671 arbitrii,
795 602 952 673 peccaverit
973 602 1117 658 morietur.
1143 603 1224 660 Unde
1242 611 1271 661 et
1294 606 1369 661 idem
1391 608 1543 679 Apostolus
1564 609 1594 664 in

105 693 181 749 multi
191 697 293 764 putant
302 710 332 747 se
343 692 538 763 possebouum
548 692 661 764 aliquod
671 708 755 762 agere
797 691 915 764 epistola
925 691 961 746 ad
970 691 1095 759 Galatas,
1106 692 1147 747 ait
1158 712 1164 746 z
1177 693 1487 765 temulantiaque
1501 700 1527 752 si
1537 700 1595 753 cir-

105 781 202 849 ttDei3
219 785 247 835 et
262 782 365 836 idcirco
380 782 436 837 ista
450 781 545 837 omnia
556 782 605 847 ait,
618 787 651 837 ut
664 789 757 836 osten·
796 781 1304 844 eamcidamini,0lvristusnititvabis
1311 786 1436 853 proderit
1445 785 1546 854 (Galat.
1557 789 1594 858 v),

123 868 191 925 boni
213 886 265 924 sua
285 871 388 926 virtute
413 876 442 925 et
463 870 613 942 prudentia
633 870 756 942 cogitare
797 874 826 925 et
839 868 943 922 scimus
957 868 1024 940 quia
1035 868 1137 939 quibus
1146 869 1274 925 Christus
1284 886 1340 926 non
1352 872 1478 942 prodest,
1489 876 1597 930 mortui

105 981 118 1018 l.
126 956 201 1014 Dicit
212 976 292 1030 ergo:
305 960 368 1013 Non
379 958 516 1013 habemus
531 962 612 1013 taleni
624 961 756 1026 manain
797 957 902 1011 suntin
912 956 1017 1011 anima.
1028 956 1156 1020 Quivero
1167 958 1596 1028 spiritalitervolueriteamdem

105 1048 172 1110 ism,
188 1049 360 1118 quadrimus
376 1049 551 1115 sufficientes,
568 1047 596 1101 id
612 1052 665 1112 est,
681 1047 756 1119 quod
798 1046 888 1117 legem
921 1061 1042 1106 servare,
1072 1045 1297 1101 circumcidendo
1321 1065 1351 1103 se
1375 1048 1540 1120 spiritaliter
1565 1050 1597 1106 in
1649 1083 1656 1092 .

112 1139 232 1205 ospitare
244 1153 262 1191 a
276 1137 351 1190 nobis
362 1136 468 1207 aliquid
484 1135 549 1190 boni
562 1136 597 1189 de
608 1142 701 1189 vestra
713 1152 757 1190 sa-
797 1133 976 1204 baptismate,
990 1133 1038 1188 ubi
1053 1139 1095 1188 est
1117 1150 1184 1188 vera
1206 1135 1369 1205 exspoliatio
1388 1137 1528 1204 vitiorum,
1546 1138 1597 1193 ob·

105 1231 191 1291 ostra,
203 1228 285 1294 quasi
293 1241 326 1278 ec
336 1226 412 1279 nobis
426 1223 533 1295 aliquid
545 1223 611 1278 boni
622 1223 698 1278 vobis
712 1224 756 1279 iu·
798 1223 936 1277 servando
962 1220 1123 1288 sabbatum,
1143 1222 1173 1277 id
1200 1228 1244 1277 est
1270 1224 1438 1295 quiescendo
1464 1242 1483 1280 a
1511 1243 1597 1297 pravo

108 1313 170 1368 siae
178 1311 390 1383 gratiaDei,scd
399 1313 568 1380 castelentia
576 1311 758 1368 exabundan·
799 1326 894 1381 opere,
905 1314 935 1364 et
945 1309 1130 1379 omnipotenti
1140 1311 1198 1364 Deo
1211 1310 1352 1381 spiritales
1362 1312 1469 1368 bustim
1478 1314 1599 1371 offeren-

112 1419 145 1458 ea
153 1404 206 1458 Deo
219 1407 267 1464 est,
280 1402 328 1474 qui
342 1401 392 1457 dat
401 1402 471 1456 velle
487 1417 578 1473 posse,
590 1401 619 1455 id
634 1407 686 1468 est,
702 1419 759 1458 non
800 1398 846 1464 do,
858 1397 981 1469 seipsum
992 1413 1105 1469 quoque
1117 1397 1312 1453 mortificando
1326 1416 1391 1454 cum
1404 1400 1477 1456 vitiis
1492 1407 1522 1457 et
1534 1419 1600 1459 con·

105 1506 132 1546 ur
152 1489 278 1545 valemus
296 1488 401 1566 bonum
417 1489 531 1560 aliquod
551 1492 685 1561 perficere
700 1491 760 1546 sine
801 1485 1045 1558 cupiscentiis,ille
1052 1485 1119 1540 vivit
1128 1491 1158 1541 et
1168 1486 1239 1542 vivet
1249 1488 1278 1541 in
1289 1489 1470 1545 aternavita.
1481 1491 1601 1546 indedi-

105 1578 213 1634 iaordia
219 1584 247 1633 et
255 1579 348 1648 gratia
356 1578 530 1649 precedente
537 1584 566 1634 et
573 1578 761 1651 subsequente
801 1574 840 1630 cit
849 1573 1018 1646 Apostolus:
1033 1576 1137 1630 Littera
1146 1576 1243 1629 accidit
1257 1576 1286 1630 in
1301 1577 1399 1632 anima
1408 1580 1501 1645 modo,
1513 1580 1543 1634 id
1557 1585 1601 1636 est

105 1667 225 1740 agitare.
240 1666 291 1721 Dei
306 1666 381 1721 enim
395 1665 489 1737 gratia
504 1683 556 1722 nos
569 1669 711 1739 praevenit,
729 1675 762 1725 ut
801 1662 931 1718 litteralis
941 1662 1128 1735 intelligentia
1137 1663 1223 1734 legis:
1236 1667 1353 1733 spiritus
1364 1673 1457 1722 auum
1469 1672 1600 1737 vivificat,

105 1760 131 1813 et
143 1755 204 1828 ipsa
214 1772 266 1810 nos
275 1754 465 1826 subsequitur,
476 1761 509 1810 ut
519 1757 667 1827 possimus.
679 1759 759 1814 Unde
769 1751 830 1834 Bid
840 1756 884 1806 est
892 1751 1028 1822 spiritalis
1037 1752 1225 1823 intelligentia
1235 1753 1322 1808 vitam
1331 1758 1466 1811 aeternam
1474 1763 1600 1829 praestat.

105 1845 253 1901 mamista
262 1845 372 1900 dicens:
391 1846 581 1900 rnamenta
591 1850 650 1915 ejus
659 1863 761 1916 prate.
838 1840 914 1907 Quod
922 1842 948 1894 si
962 1843 1136 1896 ministratio
1150 1845 1258 1908 mortis,
1274 1842 1365 1910 idest,
1376 1844 1401 1898 si
1413 1844 1456 1899 lex
1469 1861 1531 1916 quae
1545 1847 1601 1902 mi·

105 1935 168 1988 isat.
176 1937 267 2002 svin),
279 1940 309 1989 et
317 1933 509 1988 Misericordia
523 1938 572 1988 tua
581 1938 761 2007 subsequetur
801 1927 893 1983 nistra
905 1931 968 1984 erat
979 1928 1089 1997 mortis,
1105 1930 1178 1985 sicut
1197 1929 1281 1985 modo
1293 1931 1426 2001 diximus,
1443 1935 1600 2002 deformata

119 2021 198 2090 xxa).
208 2021 238 2076 Si
248 2022 324 2076 enim
334 2037 391 2076 non
400 2019 526 2075 valemus
537 2025 672 2094 cogitare,
685 2043 761 2098 quo.
800 2016 844 2070 vel
857 2016 962 2089 scripta
976 2019 1077 2072 litteris
1087 2022 1119 2073 in
1131 2019 1269 2088 lapidibus
1282 2021 1349 2087 suit,
1362 2020 1498 2078 subaudis
1510 2023 1602 2095 Moysi

105 2108 210 2164 ειιίιιιιε
224 2110 380 2180 perficere?
801 2107 833 2159 in
854 2108 955 2173 pluria,
972 2123 1005 2161 ex
1027 2107 1157 2162 claritate
1177 2108 1279 2173 vultus,
1300 2111 1342 2163 ita
1364 2115 1396 2164 ut
1420 2127 1477 2164 non
1493 2117 1601 2180 possent

105 2196 202 2253 bandis
216 2198 301 2264 Deus,
312 2201 376 2268 fecit
392 2217 442 2255 nos
451 2202 570 2267 Mamas,
581 2201 611 2256 id
625 2207 668 2257 est
680 2208 761 2275 aptos
801 2196 944 2249 intendite
955 2197 1011 2264 filii
1024 2197 1110 2250 lsrael
1125 2198 1157 2249 in
1171 2197 1271 2261 sflssl'ssm
1285 2199 1343 2265 ‘iiii
1355 2203 1469 2267 propter
1479 2199 1602 2268 pluriam

105 2302 148 2352 os,
160 2289 303 2341 rainistros
313 2288 383 2342 Noui
403 2291 576 2356 Testamenti,
588 2306 644 2345 non
655 2294 760 2360 littera,
801 2285 894 2338 vultui
908 2286 978 2352 tim,
993 2300 1052 2353 9¹⁴³
1065 2283 1155 2354 8¹0li⁸
1171 2285 1214 2338 vel
1229 2285 1343 2340 chilim
1357 2292 1518 2354 imitaturi
1534 2305 1602 2360 qu0·

106 2391 137 2442 a,
149 2374 177 2430 id
189 2380 243 2440 est,
254 2391 309 2431 non
324 2376 389 2431 lecit
401 2393 452 2432 nos
462 2378 608 2433 ministros
622 2379 651 2433 in
666 2380 761 2435 littera
802 2371 952 2427 modo'non
967 2373 1056 2443 magis
1067 2372 1237 2428 ministratio
1249 2374 1374 2445 spiritus,
1383 2375 1412 2431 id
1421 2381 1465 2431 est
1473 2376 1602 2434 doctrina

110 2464 327 2537 pmdicaremus
346 2465 587 2521 circumcisionem
610 2467 762 2522 carnaliter
802 2465 833 2515 et
858 2461 1021 2532 praedicatio
1047 2461 1183 2533 spiritalis
1202 2462 1344 2533 Evangelii
1362 2467 1418 2519 orit
1441 2468 1604 2534 ingloria?

105 2552 174 2620 iam,
187 2559 238 2608 aut
249 2553 358 2609 sabbati
371 2554 471 2620 otium,
481 2560 531 2609 aut
547 2556 759 2612 neomeniarum
802 2548 861 2603 suis
875 2548 1114 2605 ministratoribus
1130 2556 1160 2606 et
1180 2549 1414 2608 observatoribus.
1426 2554 1484 2609 isto
1498 2553 1527 2609 in
1541 2554 1603 2610 loco

105 2641 217 2697 ciorum
232 2641 320 2696 ritum
339 2641 547 2705 celebrandum,
567 2642 615 2697 sed
632 2643 663 2696 in
677 2643 761 2715 spiri·
802 2636 863 2692 vult
887 2638 1044 2704 ostendere,
1066 2655 1127 2710 qua
1146 2639 1280 2694 distantia
1298 2640 1337 2695 sit
1362 2640 1436 2695 inter
1454 2641 1545 2713 legem
1573 2647 1603 2696 et

105 2729 211 2802 igentia
229 2730 381 2801 Evangelii,
403 2731 477 2802 quod
496 2730 662 2803 spiritaliter
679 2732 762 2786 intel·
803 2726 994 2797 Evangelium,
1008 2733 1037 2782 et
1049 2727 1167 2799 Moysen
1182 2735 1209 2782 et
1224 2728 1353 2784 doctores
1364 2729 1518 2800 Evangelii,
1528 2729 1605 2784 sicut

128 2823 173 2873 est
187 2836 194 2871 ε
216 2823 245 2872 et
258 2820 339 2889 cujus
361 2818 517 2874 observatio
540 2820 675 2891 Spiritum
695 2837 762 2876 san·
800 2815 860 2885 iem
871 2831 957 2887 supra
965 2815 1097 2870 diximus.
1109 2816 1242 2888 Legimus
1253 2816 1282 2870 in
1294 2817 1388 2871 Exodo
1395 2819 1489 2885 (neor.
1498 2820 1600 2889 nhil),

105 2906 288 2978 uitlempore
297 2907 484 2978 baptismatis.
497 2907 578 2973 Quod
589 2914 684 2963 nutem
695 2909 763 2964 dicit
803 2902 877 2973 quod
893 2904 989 2975 Mopse
1002 2903 1189 2959 descendente
1201 2905 1236 2960 de
1249 2910 1355 2970 monte,
1366 2905 1451 2960 facies
1465 2906 1527 2976 ejus
1540 2910 1602 2963 erat

105 2995 239 3051 sinistros
254 3012 284 3050 se
305 2996 430 3066 aliosque
445 2997 586 3068 apostolos
607 2997 704 3064 fuisse,
721 2999 763 3052 ita
803 2997 922 3046 cornuta
945 3008 978 3047 ex
1000 2993 1142 3048 consortio
1162 2994 1301 3048 sermonis
1315 2993 1376 3061 Dei,
1397 2994 1485 3049 idest
1506 2994 1602 3051 radios

105 3083 219 3140 Monens
238 3084 367 3139 minister
384 3091 428 3140 est
447 3085 559 3157 proprie
574 3102 714 3156 congruus
733 3092 763 3141 et
804 3080 939 3149 quosdam
959 3080 1108 3136 emittebat
1125 3080 1282 3153 splendoris
1299 3082 1374 3137 sicut
1391 3082 1443 3147 sol,
1459 3083 1604 3138 intantum

105 3189 153 3246 que
172 3173 214 3227 illi
241 3172 281 3227 rei
300 3179 384 3245 aptus
402 3174 437 3229 de
462 3191 518 3245 qua
541 3189 634 3228 sermo
653 3175 760 3245 agitur.
802 3173 835 3222 ut
849 3185 905 3223 nou
918 3174 1034 3240 possent
1046 3169 1192 3225 intendere
1207 3169 1257 3225 tilii
1271 3170 1358 3226 lsrael
1372 3171 1403 3225 in
1415 3170 1516 3227 faciem
1530 3171 1602 3242 ejus,

105 3264 144 3317 im
153 3262 262 3327 occidit,
273 3265 389 3330 spiritus
398 3267 492 3316 autem
503 3263 633 3329 vivificat.
646 3261 761 3317 Duobus
802 3256 851 3311 8111
863 3257 975 3328 quando
986 3257 1185 3329 egrediebatur
1193 3258 1229 3313 ad
1240 3259 1386 3330 populum,
1398 3259 1521 3331 Ρῡῡθῧθῑ
1531 3260 1603 3315 lela-

108 3349 336 3420 intelligendum.
345 3349 658 3420 litteralegisMosaicae
664 3352 761 3405 occidit
802 3361 868 3400 men
883 3362 968 3418 super
981 3346 1082 3402 saci'em
1096 3364 1187 3402 suam.
1202 3347 1257 3403 Sed
1276 3347 1377 3419 quasit
1387 3348 1459 3404 torte
1473 3349 1576 3420 aliquis
1592 3365 1599 3402 ε

109 3438 303 3510 corporaliter,
308 3438 441 3507 jubendo,
450 3444 479 3493 et
487 3437 760 3509 noniuvandoDum
802 3433 895 3499 Quare
918 3435 960 3490 illi
973 3435 1093 3506 gloriam
1115 3441 1144 3491 et
1161 3436 1320 3492 claritatem
1333 3438 1461 3492 mortalis
1479 3438 1603 3493 hominis

105 3525 172 3581 llex
184 3545 190 3578 :
203 3526 266 3580 Non
279 3525 397 3592 occides,
407 3542 463 3581 non
476 3526 646 3581 adulterium
659 3527 758 3591 iacies;
801 3540 858 3578 non
876 3530 1009 3596 poterant
1033 3525 1203 3580 intendere?
1223 3525 1274 3580 Cui
1297 3526 1525 3597 respondendum
1545 3531 1598 3590 est,

105 3613 212 3678 eritve}
222 3614 448 3685 quiaduiterium
458 3620 508 3670 aut
517 3616 573 3669 tale
583 3615 689 3687 aliquid
700 3632 761 3687 per·
802 3613 869 3684 quia
878 3614 988 3685 Moyses
998 3621 1112 3669 sanctus
1123 3620 1152 3669 et
1162 3615 1256 3685 justus
1266 3620 1336 3681 erat,
1348 3613 1412 3669 ideo
1424 3613 1599 3681 coruscabat,

105 3716 168 3757 rsus
179 3702 234 3756 erit
242 3702 358 3772 judicio,
371 3702 454 3757 idest
467 3703 619 3770 occidetur,
632 3705 690 3775 igni
699 3721 761 3760 ere·
802 3718 940 3773 suumque
950 3702 1128 3774 splendorem
1143 3703 1203 3773 ipse
1216 3707 1328 3774 poterat
1340 3703 1432 3758 serre:
1448 3703 1489 3757 illi
1503 3708 1600 3758 autem

105 3789 423 3863 lapidibusobruetur,in
431 3792 761 3863 patibulosuspendetur,
802 3791 849 3861 qui
861 3795 1021 3862 peccatores
1032 3797 1114 3845 erant
1124 3796 1153 3846 et
1166 3791 1314 3855 increduli,
1327 3808 1383 3846 non
1397 3791 1600 3864 iueruntdigni

105 3882 149 3934 rat
157 3894 213 3949 quo
224 3878 375 3950 impleatur
385 3881 482 3951 procul
492 3879 577 3935 dubio
587 3880 649 3953 ipsa
659 3880 761 3936 occidit
801 3878 986 3950 contemplari
996 3879 1174 3951 splendorem
1186 3881 1257 3950 ejus.
1265 3880 1370 3935 Sensus
1379 3880 1528 3950 igituriste
1539 3887 1598 3938 eat:

105 3983 189 4039 ,quse
200 3966 339 4038 judicium
351 3968 400 4023 dat
415 3974 447 4023 ut
460 3968 612 4037 occidatur,
624 3969 688 4024 licet
701 3968 761 4039 ipsa
801 3967 831 4023 Si
841 3968 951 4038 Moyses
961 3973 1070 4023 tantam
1078 3967 1234 4021 claritatem
1246 3967 1343 4022 habuit
1351 3967 1381 4023 in
1388 3969 1477 4030 vultu,
1486 3969 1600 4040 quando

105 4071 166 4112 rusa
180 4056 280 4110 mortis
295 4057 365 4127 ejus.
379 4057 503 4126 Spiritus
517 4063 610 4113 autem
627 4061 757 4125 vivificat.
800 4055 890 4127 legem
904 4056 982 4111 dedit
995 4056 1109 4127 populo,
1126 4072 1188 4127 qua
1198 4056 1327 4111 ministra
1338 4060 1401 4111 erat
1412 4056 1520 4121 mortis,
1532 4057 1600 4130 quia

105 4161 144 4201 vm
166 4146 241 4216 quod
264 4145 429 4216 spiritaliter
448 4146 626 4217 intelligitur,
642 4152 671 4201 et
685 4146 759 4218 quod
800 4149 920 4199 mortem
931 4144 1103 4208 minabatur,
1114 4149 1219 4216 quanto
1234 4146 1371 4217 majorem
1384 4144 1505 4215 gloriam
1514 4145 1600 4202 hebe-

111 4240 242 4289 sanctum
265 4238 388 4303 praestat,
411 4250 467 4288 ιιοιι
480 4235 570 4289 solum
585 4251 641 4290 uon
660 4234 762 4291 occidit
800 4230 871 4287 bunt
885 4232 1008 4288 ministri
1023 4233 1177 4304 Evangelii,
1191 4233 1240 4306 qui
1260 4233 1393 4290 virtutem
1411 4238 1441 4290 et
1456 4235 1600 4306 justitiam

117 4320 148 4377 in
170 4321 313 4393 praesenti,
334 4321 382 4376 sed
397 4321 511 4393 insuper
527 4321 653 4380 viviticat.
669 4321 698 4375 id
717 4327 761 4377 est
801 4320 972 4383 ministrant,
987 4338 1049 4394 quae
1068 4321 1154 4377 vitam
1178 4328 1313 4378 aternam
1331 4322 1491 4395 prestanti
1510 4324 1600 4379 multo

105 4426 206 4466 mam
225 4415 349 4481 praestat.
366 4411 512 4481 Nusquam
536 4410 611 4464 enim
633 4399 793 4482 alonge-il
804 4410 941 4480 majorem
947 4410 1066 4481 gloriam
1076 4411 1268 4467 etciaritatem
1277 4413 1436 4468 habebunt:
1447 4412 1516 4485 quia
1525 4429 1601 4468 eam·

105 4502 141 4554 et
164 4498 253 4553 occidi
279 4498 431 4564 hominem,
461 4499 510 4553 sed
541 4504 671 4570 provocat
698 4505 762 4570 post
801 4497 865 4552 dem
878 4498 1035 4554 claritatem
1049 4498 1203 4565 habebunt,
1218 4517 1303 4571 quam
1317 4502 1441 4556 ostendit
1461 4502 1599 4557 Dominus

105 4586 330 4659 ipoenitentiam.
339 4587 505 4659 promittens
515 4586 600 4642 vitam
610 4591 758 4642 aternam:
800 4587 830 4641 in
845 4592 942 4642 monte
952 4587 1044 4643 tribus
1058 4588 1213 4660 discipulis,
1222 4589 1336 4660 quando
1347 4588 1396 4643 visi
1411 4595 1478 4645 sunt
1490 4605 1555 4643 cum
1564 4605 1598 4643 eo

105 4680 156 4731 am
172 4675 282 4747 (inquit)
296 4679 378 4744 apite,
394 4678 626 4745 appropinquabit
642 4693 760 4745 repnam
801 4677 910 4748 Moyses
928 4680 957 4732 et
971 4676 1047 4732 Elias
1060 4676 1090 4731 ia
1104 4678 1250 4748 majestate
1265 4682 1294 4732 et
1307 4676 1443 4731 claritate.
1456 4675 1598 4732 Videbunt

105 4764 212 4829 [Multis.
225 4764 277 4835 ιιι).
290 4764 389 4819 Aliter.
401 4766 473 4819 Ante
483 4764 596 4819 Domini
608 4763 759 4820 adventum
800 4764 875 4820 enim
891 4765 980 4820 oculis
997 4765 1139 4838 corporeis
1156 4765 1275 4835 gloriam
1290 4763 1504 4836 claritatemque
1513 4763 1598 4820 clari·

105 4850 182 4908 mam
192 4869 278 4924 opera
287 4854 368 4924 legis,
380 4870 443 4924 quea
453 4869 470 4906 a
479 4852 628 4908 levioribus
638 4854 760 4924 peccatis
800 4856 887 4909 ficato)
897 4855 1082 4917 humanitatis
1096 4854 1160 4910 Filii
1174 4854 1234 4919 Dei,
1245 4859 1278 4909 ut
1289 4852 1388 4909 beatus
1398 4853 1454 4909 Leo
1463 4853 1541 4919 dicit,
1552 4853 1597 4926 ip·

105 4944 137 4998 at
159 4957 226 4997 suos
250 4940 451 5007 observatores,
467 4941 545 4996 verbi
558 4942 671 5012 gratia:
687 4943 761 4998 sicut
800 4943 880 5015 sique
890 4943 1018 4999 eamdem
1025 4943 1145 5012 gloriam
1155 4941 1307 5006 habebunt,
1317 4941 1437 5012 gloriam
1448 4958 1513 4998 vero
1524 4944 1598 4999 Divi-

105 5029 147 5095 lo,
155 5046 219 5102 quae
228 5029 365 5101 originale
375 5037 519 5102 paccatum
528 5031 654 5097 tollebat,
664 5048 761 5103 quaru-
800 5032 898 5087 nitatis
913 5039 942 5087 et
956 5032 1042 5088 totius
1056 5030 1201 5086 Trinitatis
1220 5039 1314 5085 mente
1333 5030 1599 5104 contemplabuntur

105 5133 132 5173 m
150 5117 250 5191 patriae
264 5118 385 5173 coelestis
407 5136 463 5174 non
481 5125 630 5186 reseraret,
646 5126 676 5174 et
688 5121 761 5175 sicut
800 5121 977 5176 solummodo
993 5139 1000 5174 ι
1021 5120 1088 5192 quia
1102 5119 1175 5174 Deus
1190 5118 1305 5189 spiritus
1319 5125 1371 5186 est,
1384 5120 1413 5175 id
1429 5126 1481 5187 est,
1495 5122 1599 5192 spiritu

105 5205 146 5263 lle
161 5206 228 5272 alia,
245 5222 296 5278 pro
307 5206 408 5277 quibus
422 5207 613 5262 offerebantur
628 5208 760 5263 holocau-
801 5208 885 5263 debet
905 5208 1002 5263 videri.
1018 5207 1092 5262 Dicit
1104 5207 1178 5261 enim
1193 5205 1293 5262 beatus
1306 5208 1362 5263 Leo
1377 5209 1406 5264 in
1425 5210 1597 5282 expositione

105 5299 185 5365 aar),
201 5299 231 5349 et
243 5295 278 5350 de
293 5294 394 5367 quibus
409 5294 572 5351 dicebatur:
589 5297 618 5352 Si
634 5298 696 5368 quis
709 5298 761 5352 hoc
801 5297 877 5352 illias
897 5295 1048 5367 Evangelii,
1072 5295 1151 5350 illam
1170 5296 1327 5352 claritatem
1347 5303 1376 5353 et
1396 5298 1516 5369 gloriam
1539 5315 1597 5354 non

105 5382 208 5452 iacent,
225 5384 324 5439 niteret
338 5384 453 5438 arietem
469 5390 520 5440 aut
533 5385 639 5456 aliquid
652 5386 719 5451 tale,
733 5391 762 5440 et
802 5386 889 5440 luisse
902 5384 1057 5439 divinitatis
1067 5384 1131 5439 Filii
1142 5385 1192 5440 Dei
1200 5386 1332 5456 gloriam,
1342 5387 1390 5442 sed
1400 5387 1594 5444 humanitatis.

105 5478 153 5527 tur.
167 5472 237 5527 Post
249 5473 360 5527 Domini
376 5478 471 5528 autem
486 5475 648 5541 adventum,
663 5474 762 5545 inquo
803 5472 935 5544 Alioquin
941 5471 1081 5543 quomodo
1091 5478 1167 5528 esset
1174 5475 1352 5546 verumquod
1361 5474 1431 5530 dixit
1440 5475 1476 5530 ad
1482 5474 1598 5544 Moysen

112 5561 442 5618 matiuverilateomnia
451 5563 501 5618 illa
511 5562 764 5634 figurativaetum·
805 5562 901 5633 (linat.
912 5561 957 5631 xri)
974 5576 981 5614 ε
1000 5560 1062 5617 lion
1075 5562 1177 5617 uidebit
1191 5579 1234 5618 mc
1248 5563 1328 5618 licina
1341 5567 1367 5617 et
1380 5565 1448 5619 siuet
1463 5581 1472 5617 :
1487 5555 1597 5632 quaudo

105 5659 231 5724 lernou.
254 5660 372 5726 cxvii.
1445 5654 1484 5719 20
