3818 6104
62 253 120 317 tt5
529 257 720 318 EXPOSITIO
737 259 776 316 lN
791 257 1055 317 APOCALYPSIN.
1070 289 1106 304 -
1120 261 1228 319 L1a.1.
1471 319 1473 322 ,
1656 252 1712 343 946Ι

63 386 143 437 suat.
158 380 289 438 Thronus
308 379 362 437 Dei
382 387 448 436 sunt
467 382 560 455 angeli
579 385 669 440 sancti
688 391 717 440 et
738 384 1062 446 homineshsurrexisse
1083 386 1126 442 vel
1142 384 1243 441 vixisse
1264 382 1446 456 computandi
1466 389 1543 441 sunt.
1567 383 1618 445 llle
1641 399 1709 457 ergo

61 469 146 541 justi,
162 470 192 525 iu
216 486 338 542 quorum
360 469 501 525 mentibus
525 489 576 543 per
597 473 681 528 sidem
708 473 871 545 requiescit·
912 473 1117 545 primogenitus
1128 480 1304 530 mortuorum
1315 477 1521 540 rectovocatur,
1529 474 1595 545 quia
1605 473 1711 528 sicsur·

62 557 146 613 Unde
156 563 200 612 est
211 576 218 612 :
230 558 335 614 Anime
345 561 421 627 justi
430 561 502 615 seder
516 565 554 613 ert
564 563 705 629 sapientie
717 563 795 632 (Sap.
810 560 871 630 ru).
913 562 1014 616 rexita
1029 564 1156 626 mortuis,
1173 566 1206 617 ει
1220 563 1295 617 ultra
1310 578 1367 617 non
1382 566 1553 619 moreretur.
1572 563 1670 617 Potest
1683 564 1713 617 et

62 646 97 701 In
111 647 200 717 cuius
213 647 308 702 throni
322 651 473 719 conspectu
483 648 608 719 Spiritus
620 655 733 704 sanctus
743 655 795 716 est,
807 650 874 720 quia
913 652 998 706 aliter
1012 652 1148 722 intelligi:
1163 651 1350 706 omneselecti
1361 651 1448 722 quise
1461 646 1714 718 mortificantcum'

61 733 94 790 in
109 739 273 790 sanctorum
298 735 434 792 memoria
447 739 493 807 (ut
511 737 642 808 diximus)
659 738 819 810 requiescit,
836 744 865 794 et
913 739 988 794 vitiis
1013 746 1042 795 ει
1054 741 1186 812 peccatis,
1201 746 1230 795 ει
1247 740 1404 812 voluptates
1418 741 1511 795 carnis
1532 739 1562 794 in
1587 756 1618 795 se
1636 739 1711 796 occi·

60 821 127 879 illos
142 824 275 896 possidet,
292 840 445 897 eorumque
459 842 544 899 opera
559 827 691 900 disponit,
708 832 737 882 ει
755 828 791 882 ad
813 826 865 882 Dei
914 829 995 895 dunt,
1010 829 1114 884 mortui
1130 834 1197 885 sunt
1210 834 1335 901 peccato,
1351 833 1380 883 et
1397 829 1495 884 vivunt
1512 828 1571 884 Deo
1590 844 1711 900 quoram

60 928 191 967 amorem
206 918 236 968 et
253 913 445 985 proximorum
464 914 593 970 accendit
615 916 805 980 dilectionem,
829 916 865 972 ad
909 917 1116 989 primogenitus
1130 918 1215 989 digne
1234 922 1350 973 vocatur
1370 918 1509 981 Christus,
1525 917 1592 989 quia
1611 932 1712 989 pecca·

61 1017 148 1074 quem
162 1001 250 1056 etiam
266 1001 426 1074 specialiter
439 1003 569 1059 remissio
592 999 714 1077 pertinet
733 1010 865 1078 peceato·
907 1010 968 1060 tum
992 1022 1048 1061 non
1074 1006 1149 1074 tecit,
1172 1013 1201 1062 et
1226 1007 1473 1062 mortificationem
1500 1005 1564 1062 vitre
1588 1005 1710 1061 carnalis

61 1105 217 1161 rumque
235 1089 268 1144 tit
281 1089 310 1144 in
327 1090 493 1162 baptismate
509 1108 594 1163 opcre
613 1093 735 1165 Spiritus
754 1094 864 1162 sancti;
910 1095 1042 1149 ostendit.
1058 1096 1092 1150 Et
1103 1099 1339 1165 princepsrepom
1355 1101 1442 1149 terre.
1455 1094 1546 1166 Reges
1560 1098 1644 1149 terrae
1658 1108 1710 1166 ap·

59 1177 137 1233 unde
159 1178 296 1234 Dominus
316 1179 384 1234 dicit
404 1181 539 1251 apostolis
562 1184 705 1252 :Accipite
725 1183 867 1252 Spiritum
910 1183 1052 1255 pellantur
1065 1200 1162 1238 omnes
1181 1185 1263 1238 electi
1276 1184 1323 1255 qui
1338 1182 1470 1239 vitiorum
1484 1182 1664 1255 tyrannidem
1678 1182 1709 1237 in

59 1272 190 1322 sanctum
206 1287 214 1321 :
230 1284 350 1338 quorum
362 1272 526 1324 remiseritis
536 1277 656 1340 peceato,
677 1276 868 1327 remittentur
908 1288 938 1326 se
953 1288 1123 1344 consurgere
1138 1288 1194 1327 non
1206 1272 1313 1338 sinunt,
1327 1272 1377 1326 sed
1391 1273 1431 1325 eis
1443 1273 1509 1342 jure
1523 1272 1706 1327 damnantur.

59 1358 98 1410 cis
110 1357 205 1427 (loon.
217 1358 273 1427 xx).
293 1358 386 1423 Quare
400 1364 509 1431 septem
530 1359 645 1431 spiritus
660 1360 800 1427 dicantur,
817 1378 866 1417 su·
909 1358 1030 1417 Possunt
1047 1367 1141 1416 autem
1157 1368 1186 1417 ει
1200 1377 1281 1432 reges
1299 1365 1382 1416 terrm
1403 1359 1564 1431 specialiter
1584 1358 1707 1430 intelligi

59 1444 221 1515 pradictum
236 1451 287 1501 est.
906 1450 1115 1522 predicatores,
1131 1451 1262 1523 quidum
1286 1449 1372 1504 corda
1392 1448 1548 1504 carnalium
1569 1464 1587 1502 a
1609 1448 1708 1521 pravi·

58 1604 62 1609 .
95 1535 131 1590 Et
145 1552 163 1589 a
177 1536 241 1590 lesu
263 1536 382 1603 Cleriete,
397 1540 446 1606 qui
464 1543 503 1592 est
522 1541 595 1593 tectis
614 1538 711 1607 fidelis.
736 1538 808 1603 Quia
830 1538 865 1593 de
907 1539 1163 1610 taterestringnnt,
1180 1545 1384 1611 superterram
1399 1542 1432 1592 ει
1454 1555 1536 1608 reges
1556 1537 1708 1609 imperant,

61 1622 175 1679 Christo
190 1624 345 1696 eratplura
365 1625 523 1694 locuturus,
547 1627 650 1682 iterum
677 1627 780 1698 repetit
803 1627 865 1697 ejus
906 1633 1038 1683 caeterum
1066 1628 1147 1682 bonis
1168 1633 1198 1683 et
1221 1626 1415 1700 spiritualibus
1436 1626 1504 1681 viris
1528 1626 1558 1681 iu
1579 1625 1657 1682 nullo
1678 1640 1710 1682 se

60 1728 226 1784 personam,
237 1712 333 1768 dicens
348 1731 354 1768 :
377 1713 413 1768 Et
428 1730 445 1768 a
459 1715 473 1769 J
476 1731 525 1769 esu
535 1715 657 1782 Christo,
670 1715 718 1786 qui
732 1720 777 1770 εει
788 1715 869 1770 testis
878 1702 1070 1790 Bpraeterunt.
1084 1717 1156 1772 ltine
1169 1721 1212 1771 εει
1226 1716 1300 1788 quod
1320 1716 1421 1770 Petrus
1440 1714 1570 1770 Cornelio
1586 1731 1617 1769 se
1641 1730 1710 1770 coe·

61 1801 168 1871 tidelis,
182 1801 211 1856 id
227 1807 270 1856 est
279 1818 373 1868 verax,
390 1803 522 1873 quoniam
543 1804 620 1858 Patri
637 1804 766 1875 perhibet
785 1804 867 1860 testi·
908 1807 1020 1876 qualem
1034 1805 1140 1860 fatetur
1153 1806 1223 1872 (Act.
1239 1806 1282 1872 xl3
1300 1804 1417 1859 Ananim
1432 1803 1630 1858 veroanimam
1644 1801 1708 1874 gla-

61 1890 202 1957 mouium,
219 1890 314 1946 dicens
326 1891 431 1947 ludaeis
448 1910 454 1945 ε
471 1893 554 1947 Pete-r
567 1896 599 1947 in
617 1909 660 1947 me
674 1910 799 1960 monens,
812 1896 868 1962 ipsc
907 1894 954 1949 dio
969 1894 1044 1949 verbi
1059 1893 1173 1965 perimit
1186 1893 1258 1965 (rtet.
1276 1891 1317 1964 ε).

60 1980 130 2049 fecit
142 1995 223 2048 opera
242 1979 336 2049 (loon.
351 1983 405 2043 xrvt
419 1999 426 2047 3
443 1985 472 2035 ει
488 1998 494 2034 z
509 1983 621 2036 Hercei
637 1985 694 2036 uita
709 1987 821 2048 aterno,
835 1986 867 2037 ct
949 1982 1099 2038 Sciendum
1114 1986 1158 2037 εει
1178 1987 1273 2037 eutem
1288 1981 1355 2053 quia
1368 1981 1566 2053 predicatores
1578 1979 1709 2036 Ecclesia

57 2073 225 2137 manascunt
237 2072 260 2123 te
275 2069 367 2140 (loon.
384 2074 448 2128 xvu)
460 2087 468 2137 ;
483 2073 512 2124 ει
523 2087 530 2123 2
542 2070 588 2126 Sic
597 2071 668 2125 Βεεε
677 2071 775 2125 atterit
786 2088 868 2126 mon·
909 2071 993 2127 etiam
1005 2071 1074 2143 ipsis
1083 2070 1242 2126 carnalibus
1252 2070 1294 2126 ita
1303 2069 1443 2125 dominari
1452 2074 1599 2142 appetunt,
1612 2073 1709 2140 quate·

57 2157 141 2223 dam,
156 2161 189 2211 ut
201 2159 306 2212 Filium
317 2174 400 2212 sorren
416 2162 593 2225 snr'pcnitum
603 2160 681 2214 daret
698 2160 792 2230 (toan.
807 2161 865 2230 iuli
908 2177 963 2216 nus
977 2165 1005 2215 et
1014 2161 1236 2232 compassionem
1250 2166 1367 2224 natura,
1380 2164 1408 2213 et
1417 2159 1492 2214 uitiis
1505 2158 1706 2215 rectitudinem

57 2250 109 2299 et:
127 2246 184 2314 Epo
203 2261 221 2299 a
236 2251 337 2315 meipso
353 2263 408 2301 non
422 2250 485 2302 seui
497 2248 590 2318 (loca.
602 2251 669 2318 ur);
684 2253 713 2303 et
722 2249 812 2303 multa
822 2249 867 2303 his
909 2250 1067 2305 exhibeant.
1076 2250 1181 2305 Eorum
1190 2250 1287 2320 itaque
1297 2249 1428 2321 princeps
1439 2253 1484 2303 εει
1504 2248 1644 2315 Christus,
1658 2246 1707 2318 qui

60 2332 178 2388 similia.
196 2332 249 2388 Sed
266 2335 339 2389 sicut
354 2334 441 2390 Filius
456 2340 500 2389 est
513 2335 595 2389 testis
609 2335 710 2402 fidelis,
727 2336 768 2391 ita
781 2336 867 2391 etiam
909 2344 952 2394 εει
966 2355 1015 2393 rex
1028 2355 1139 2410 regum,
1153 2344 1182 2393 et
1204 2338 1342 2394 Dominus
1360 2336 1577 2403 dominantium,
1593 2336 1628 2391 de
1652 2351 1708 2408 quo

59 2423 159 2490 Pater,
174 2423 215 2477 ita
237 2427 266 2477 et
288 2423 411 2494 Spiritus
435 2429 558 2478 sanctus.
582 2425 630 2479 nic
643 2425 718 2479 enim
733 2425 817 2480 Pater
831 2426 866 2480 de
907 2427 1000 2483 adhuc
1012 2428 1141 2498 sequitur
1159 2445 1165 2481 :
1180 2429 1234 2495 Oui
1247 2429 1345 2482 ditescit
1356 2443 1415 2491 noc,
1431 2432 1455 2481 et
1471 2428 1540 2481 taoit
1553 2441 1603 2480 reos
1616 2441 1707 2495 apec-
1791 2474 1800 2487 ,

59 2510 146 2576 Filio,
155 2510 348 2567 testimonium
358 2511 399 2566 illi
408 2513 558 2585 perhibens
570 2531 577 2568 :
591 2515 684 2568 lliccst
693 2515 865 2570 biterrenses
908 2521 976 2572 cotis
989 2520 1091 2571 nostris
1104 2517 1136 2570 in
1143 2520 1280 2584 sanquine
1293 2532 1352 2573 ruo.
1363 2516 1425 2580 Quo
1436 2514 1709 2570 enimamorel'ilius

56 2600 188 2664 dilectas,
204 2605 236 2655 in
250 2617 303 2671 quo
324 2603 397 2656 mibi
420 2603 767 2673 coruptccur'(liottb.111).
786 2602 866 2675 Ipse·
908 2604 959 2659 Dei
972 2620 1022 2658 nos
1038 2604 1175 2669 dilexerit,
1197 2602 1341 2675 passiones
1365 2603 1441 2657 illius
1461 2601 1615 2659 ostendunt
1637 2617 1708 2673 quas

57 2704 116 2762 que
130 2689 219 2745 Filius
244 2690 279 2745 de
299 2690 406 2761 Spiritu
431 2690 561 2762 perhibet
583 2691 775 2747 testimonium
800 2709 869 2747 cum
907 2710 957 2765 pro
968 2693 1049 2748 nobis
1063 2692 1189 2763 pertulit.
1206 2690 1247 2746 De
1257 2692 1309 2745 hac
1324 2691 1473 2745 dilectione
1482 2691 1523 2745 ait
1531 2689 1682 2761 Apostolus
1697 2707 1704 2753 ;

55 2777 130 2833 dicit
144 2795 150 2829 :
164 2778 288 2848 Spiritus
302 2782 400 2848 estqui
411 2782 530 2847 vivificat
543 2781 636 2851 (tocie.
651 2781 689 2850 ur)
705 2799 712 2848 3
730 2787 779 2835 et:
797 2781 858 2849 Spi·
907 2784 1033 2839 Christus
1047 2783 1144 2836 dilexit
1164 2781 1322 2846 Ecclesiam,
1342 2784 1368 2833 ct
1393 2779 1510 2833 tradidit
1531 2780 1707 2847 semetipsum

54 2869 134 2922 ritus
149 2869 200 2921 ubi
208 2871 268 2923 uult
284 2871 372 2937 spiret
384 2870 474 2939 (teon.
490 2875 549 2936 111);
566 2873 611 2923 et:
629 2871 789 2924 Paractetus
802 2873 860 2939 ipse
907 2887 957 2940 pro
970 2887 1001 2926 ca
1017 2872 1125 2943 (Epiros.
1141 2877 1179 2941 v).
1197 2869 1240 2924 hd
1250 2869 1330 2939 cique
1345 2867 1431 2922 edum
1447 2867 1625 2922 dilectionem
1639 2866 1707 2921 imi·

53 2971 101 3011 eos
121 2957 225 3010 docebit
239 2961 334 3011 oriente
348 2959 441 3028 (tocie.
453 2961 520 3026 ειν).
538 2957 659 3028 Spiritus
672 2974 783 3029 quoque
798 2975 861 3013 san·
907 2961 1021 3015 tandem
1035 2959 1166 3015 hortatur
1173 2958 1279 3024 fideles,
1295 2956 1393 3012 dicens
1410 2976 1417 3012 ε
1431 2954 1581 3012 Ambulate
1595 2955 1625 3010 in
1634 2954 1703 3011 dile·

57 3049 123 3100 ctus
133 3045 168 3100 de
178 3043 248 3101 Filio
258 3046 453 3101 testimonium
462 3045 610 3117 dicitquod
621 3047 658 3101 sit
666 3047 779 3114 veritas,
791 3047 863 3102 sicut
905 3051 998 3104 ctione
1013 3049 1086 3103 sicut
1100 3053 1129 3104 et
1144 3047 1273 3104 Christus
1289 3047 1387 3102 dilexit
1404 3062 1466 3114 nos,
1482 3051 1512 3100 ει
1525 3044 1643 3100 tradidit
1657 3061 1704 3100 se·

55 3134 197 3205 scriptum
213 3140 255 3189 εει
270 3152 275 3187 :
293 3134 417 3204 Spiritus
432 3140 470 3189 est
484 3137 534 3203 qui
545 3137 718 3203 testificatur,
730 3139 863 3204 quoniam
905 3137 1056 3209 metipsum
1066 3135 1219 3209 pronubis;
1235 3135 1333 3190 dilexit
1346 3140 1441 3190 autem
1458 3151 1510 3189 nos
1528 3134 1646 3205 pulcher
1656 3133 1706 3187 {m-

56 3221 186 3279 Christor
200 3229 239 3277 est
254 3226 355 3277 veritos
370 3224 398 3294 (1
410 3226 490 3281 toan,
500 3224 544 3291 v);
560 3223 656 3295 etipse
666 3222 754 3279 Filius
769 3225 858 3280 dicit:
905 3227 965 3293 dos,
976 3227 1039 3299 pius
1049 3227 1160 3298 impios.
1170 3224 1232 3280 siue
1241 3229 1355 3296 peccato
1365 3220 1704 3296 peccatores,necquales

55 3313 312 3368 electissimorum
324 3312 476 3382 perhibebit
490 3315 522 3366 de
542 3329 583 3366 me
596 3311 688 3384 (toan.
712 3317 767 3383 xv).
781 3314 862 3370 Unde
905 3332 1017 3370 eramus
1032 3331 1084 3369 nos
1098 3313 1205 3380 dilexit,
1220 3313 1269 3368 sed
1284 3313 1382 3385 quales
1395 3312 1458 3382 ipsa
1480 3311 1630 3367 dilectione
1651 3326 1704 3367 nos

57 3399 206 3455 sciendum
218 3405 261 3455 est
272 3400 338 3473 quia
347 3401 420 3456 sicut
430 3401 460 3455 hi
470 3407 528 3455 tres
537 3402 755 3467 unumsunt,sic
765 3419 861 3459 eorum
904 3405 989 3471 iecit;
1014 3403 1089 3458 unde
1112 3407 1142 3458 et
1160 3401 1314 3457 subditur:
1332 3408 1362 3457 et
1387 3401 1457 3456 lavit
1478 3418 1530 3456 nos
1548 3417 1567 3455 a
1580 3399 1701 3472 peccatis

54 3489 254 3544 testimonium
264 3488 381 3544 unicum
389 3495 441 3554 est,
459 3506 621 3562 quanquam
645 3492 762 3546 alterius
786 3492 863 3547 testi·
904 3493 1042 3548 nostrisin
1052 3491 1189 3564 sanguine
1199 3490 1321 3546 suo.lstc
1332 3494 1361 3546 ει
1369 3507 1450 3547 amor
1458 3488 1704 3545 ineffabilisetin-

55 3577 680 3650 monicalterinsinueturSpecialiterautem
688 3580 862 3636 Filiustestis
904 3581 1174 3653 comprehensibilis,
1190 3580 1258 3652 quia
1272 3595 1335 3634 cum
1359 3595 1411 3650 pro
1429 3578 1507 3649 justo
1529 3576 1573 3631 vix
1598 3576 1700 3649 aliquis

55 3671 183 3734 vocatur,
202 3667 269 3738 quia
296 3684 346 3740 pro
374 3668 537 3724 testimonio
565 3670 692 3724 veritatis
713 3686 804 3740 usque
826 3668 862 3723 ad
904 3671 1051 3735 moriatur,
1062 3668 1192 3725 Christus
1206 3668 1358 3722 secundum
1376 3673 1489 3738 tempus
1511 3669 1640 3720 manuus
1657 3668 1703 3720 εει

57 3760 182 3811 mortem
192 3757 319 3827 pervenit
329 3759 432 3824 carnis,
449 3757 516 3829 quia
527 3763 626 3812 etcum
637 3757 729 3812 omnis
739 3759 863 3813 Ecclesia
903 3775 953 3830 pro
969 3758 1074 3830 impiis,
1091 3762 1124 3811 ut
1137 3773 1189 3811 nos
1203 3757 1317 3811 offerret
1335 3755 1404 3820 Deo,
1418 3756 1513 3826 iustus
1529 3753 1626 3825 utique
1648 3768 1699 3825 pre

57 3843 87 3900 iu
101 3844 335 3917 praedicatoribus
349 3846 460 3901 Christo
476 3846 668 3901 testimonium
684 3846 858 3918 perhibebat,
901 3847 1023 3918 injustis.
1036 3848 1143 3902 Etcum
1154 3861 1278 3900 essemus
1287 3844 1419 3900 maculati
1432 3843 1550 3908 delictis,
1566 3841 1635 3897 lavit
1648 3857 1701 3898 nos

56 3931 97 3988 illi
111 3933 274 4005 specialiter
287 3940 374 3990 testes
393 3941 538 4002 vocantur,
555 3936 603 4006 qui
622 3952 673 4006 pro
688 3935 794 3992 Christi
808 3951 859 3990 no·
900 3936 1104 4007 subsanguine,
1114 3932 1510 3989 utcxhiberetsibiEcclesiam
1521 3930 1701 3987 nonhaben·

56 4022 135 4078 mine
148 4023 320 4078 moriuntur.
334 4026 540 4092 Primopenitus
550 4029 737 4080 incrtuorum.
748 4024 860 4080 Primus
900 4031 957 4080 tem
970 4025 1110 4079 maculam
1121 4027 1171 4078 aut
1181 4037 1289 4093 rugam,
1301 4020 1343 4076 vel
1353 4020 1460 4092 aliquid
1468 4017 1699 4089 hujusmodi.Qui

57 4109 143 4167 bomo
160 4128 194 4166 ea
208 4113 368 4168 conditione
395 4121 506 4169 creatus
520 4117 571 4180 cst,
588 4119 621 4168 ει
633 4113 687 4167 nisi
706 4117 859 4185 peccasset,
900 4115 986 4169 etiam
1001 4114 1167 4185 sanguinem
1181 4127 1238 4166 suae
1253 4109 1391 4180 passionis
1405 4108 1489 4163 vertit
1502 4107 1582 4163 nobis
1596 4106 1626 4162 in
1637 4123 1698 4179 my·

56 4197 230 4256 immortalis
244 4202 409 4270 mansissem
423 4202 471 4256 sed
496 4203 563 4273 quia
582 4202 706 4274 peccavit
730 4207 860 4257 mortuus
900 4203 1018 4258 sterium
1032 4200 1194 4269 ablutionis,
1210 4204 1241 4255 ut
1256 4200 1285 4254 in
1297 4198 1352 4253 lide
1367 4198 1467 4254 mortis
1477 4197 1537 4268 ejus
1550 4195 1695 4268 baptizati,

57 4295 109 4356 est,
123 4295 153 4345 ει
167 4290 253 4346 rediit
265 4292 295 4346 in
308 4297 427 4346 matrem
440 4308 531 4358 suam,
543 4291 596 4347 hoc
608 4297 651 4346 est
660 4292 690 4346 in
699 4296 815 4357 terram,
825 4292 860 4347 de
868 4293 936 4389 ¹Jab
949 4293 1079 4348 omnibus
1093 4291 1262 4346 mundemur
1269 4287 1401 4360 peccatis.
1411 4286 1484 4342 Hinc
1491 4286 1644 4357 Apostolus
1652 4284 1697 4341 di·

57 4395 115 4452 qua
128 4378 223 4434 tuerat
236 4379 374 4447 conditus,
386 4380 496 4436 dicente
511 4380 564 4434 sibi
575 4380 711 4436 Domino:
728 4383 855 4447 Terram,
898 4383 936 4438 cit
951 4396 957 4432 :
974 4384 1135 4451 (tuterisque
1159 4380 1293 4448 baptizoti
1312 4393 1410 4431 sumus
1437 4378 1468 4429 in
1490 4375 1598 4430 Christo
1620 4375 1695 4439 lecu,

55 4474 79 4523 et
94 4472 129 4522 in
145 4473 250 4523 terrum
265 4473 420 4539 reverteris,
434 4472 465 4524 de
479 4486 535 4538 qua
553 4475 712 4539 assumptus
730 4486 755 4523 es
770 4470 852 4538 (Gen.
898 4475 930 4526 in
943 4462 1696 4539 rnorteipsiusbaptizatisumus(liam.v1i.Estautem

54 4557 110 4628 tu).
127 4556 202 4622 Quia
211 4557 347 4612 formatus
362 4574 395 4612 ex
409 4557 570 4612 limoterrae
584 4555 750 4611 inanimam
764 4556 858 4611 vivon·
898 4566 926 4615 et
939 4559 1093 4614 secundum
1112 4557 1284 4629 baptismum
1306 4554 1405 4609 effusio
1423 4553 1623 4625 lacrymarum,
1640 4568 1696 4624 quo

52 4651 127 4712 tem,
161 4645 241 4716 quasi
268 4662 301 4700 ex
327 4645 425 4700 matris
459 4650 540 4700 utero
568 4646 645 4700 vivus
673 4651 855 4717 processerat..
898 4647 1049 4704 momentis
1058 4647 1178 4718 singulis
1187 4644 1366 4717 baptizantur
1377 4640 1518 4714 publicani
1531 4645 1560 4694 ει
1571 4643 1696 4711 peccato·

51 4733 212 4808 Postquam
227 4740 322 4790 autem
336 4735 427 4790 factus
443 4740 486 4790 est
499 4735 546 4790 ille
560 4734 698 4798 mortalis,
712 4734 811 4806 genuit
824 4735 857 4788 d·
899 4755 953 4805 res,
970 4735 1246 4808 quomodouidelicet
1255 4732 1344 4788 ituria
1354 4728 1532 4804 postmultas
1543 4726 1694 4782 criminum

49 4824 109 4882 lios
124 4826 259 4881 mortales
278 4832 307 4881 et
329 4831 498 4897 peccatores,
525 4826 573 4898 qui
588 4843 685 4881 omncs
703 4827 808 4882 inormi
829 4827 857 4881 in
899 4827 1047 4898 lacrymas,
1062 4832 1091 4881 et
1100 4826 1200 4881 Petrus
1210 4823 1322 4878 ablutus
1333 4824 1375 4875 est
1388 4823 1452 4890 post
1460 4821 1571 4872 ternam
1578 4815 1692 4871 Domini

50 4921 181 4971 matrem
195 4932 274 4970 suam
298 4920 487 4971 revertuntur.
504 4916 628 4971 Veniens
642 4917 717 4972 Deus
737 4931 805 4986 ergo
827 4915 858 4971 iu
899 4917 1092 4988 negationem.

51 5020 153 5070 carne,
168 5005 265 5060 eadem
280 5006 343 5077 lege
354 5009 483 5060 mortuus
497 5009 549 5072 est,
559 5010 643 5077 atque
657 5006 685 5060 in
700 5013 780 5060 utero
795 5021 857 5059 ma·
934 5006 968 5060 Et
979 5006 1043 5072 [ecit
1058 5020 1106 5058 nor
1121 5015 1238 5070 repnum
1253 5004 1278 5053 et
1291 4996 1440 5052 sacerdotes
1447 4995 1499 5050 Deo
1509 4999 1534 5050 ct
1544 4996 1625 5050 Patri
1633 5009 1693 5050 suo.

56 5094 115 5149 tris
129 5093 267 5165 sepultus.
284 5094 339 5149 Sed
349 5094 416 5166 quia
429 5094 514 5149 tertia
530 5094 575 5148 die
590 5095 738 5150 amortuis
745 5096 805 5166 jam
819 5094 858 5148 vi·
898 5094 1035 5150 Perhanc
1046 5092 1215 5148 sententiam
1231 5103 1328 5143 omnes
1349 5085 1440 5152 electi,
1465 5084 1625 5140 sacerdotes
1643 5084 1694 5139 de·

53 5189 157 5239 ctums
171 5182 200 5236 in
214 5187 349 5238 eternum
365 5184 495 5250 surrexit,
514 5188 543 5238 et
563 5200 639 5239 mors
657 5184 697 5239 illi
712 5185 787 5239 ultra
800 5200 857 5239 non
899 5179 1152 5252 monstrantur,qui
1163 5193 1249 5250 supra
1258 5191 1338 5247 reges
1348 5175 1462 5230 fuerant
1470 5171 1696 5246 appellati.Quia

54 5270 262 5338 dominabitur,
272 5273 476 5344 primogenitus
485 5274 801 5345 mortuorumappellari
811 5273 857 5328 de·
898 5272 973 5327 enim
982 5275 1065 5342 caput
1073 5269 1196 5325 ssdelium
1208 5283 1256 5321 rex
1266 5270 1344 5320 estet
1354 5263 1494 5321 sacerdos.
1507 5266 1696 5333 congruenter

55 5361 139 5429 buit3
156 5361 222 5416 licet
230 5360 305 5415 enim
317 5362 490 5416 surrexerint
499 5362 545 5416 alii
556 5368 633 5430 ante,
643 5362 715 5417 sicut
724 5363 854 5423 Lazarus,
899 5369 927 5417 ει
940 5361 1064 5416 membra
1084 5357 1195 5429 capitis,
1218 5372 1299 5427 reges
1322 5360 1351 5409 et
1371 5353 1530 5408 sacerdotes
1549 5356 1693 5406 vocantur.

55 5457 157 5506 tamen
175 5466 232 5505 non
253 5458 436 5507 surrexerunt
454 5451 483 5505 in
510 5455 645 5506 aeternum
665 5453 774 5514 victuri,
793 5452 859 5522 quia
898 5452 1005 5516 Quibus
1017 5446 1325 5521 perPetrumdicitur:
1344 5445 1389 5498 Vos
1398 5446 1462 5498 estis
1474 5457 1559 5511 penes
1568 5443 1692 5500 electum,

56 5539 165 5595 iterum
176 5539 281 5595 mortui
294 5540 386 5595 carnis
400 5540 526 5597 debitum
541 5541 694 5596 solverunt.
706 5541 786 5603 Unde
800 5557 858 5606 non
899 5542 989 5610 repete
1003 5538 1187 5596 sacerdotium
1199 5538 1228 5609 (l
1235 5540 1316 5592 'Petu
1326 5536 1367 5603 u).
1377 5533 1434 5605 Ipsi
1445 5531 1519 5588 enim
1529 5532 1691 5597 suntregcs,
