3840 6098
138 237 191 333 il?
343 245 532 304 mmoms
552 249 796 331 amanasmr.
816 252 929 311 naiso.
951 251 1030 308 oar.
1051 250 1144 331 rana
1157 249 1185 327 21.
1207 280 1239 291 -
1257 249 1444 319 cOMMENT·
1466 250 1558 309 Blssb·
1721 245 1778 327 iffi

135 340 241 431 'quibus
256 366 351 422 divina
365 376 394 424 et
407 373 578 443 sempiterna
589 376 796 447 contemplatur
804 375 938 430 Ecclesia.
950 374 1069 439 Anblui‚
1084 391 1119 429 ne
1134 376 1228 429 illotus
1242 375 1328 430 sudor
1346 375 1455 446 corpori
1473 374 1656 441 adhaerescat‚
1672 380 1779 449 etaga-

139 446 381 511 cotuldbfaeautem
393 459 468 514 oculi
479 458 605 516 Ecclesiae
616 475 816 535 comparantur
826 472 940 536 propter·
980 461 1053 517 hiem
1070 469 1194 533 generet.
1217 464 1303 517 Tonsi
1318 463 1392 516 enim
1409 471 1476 517 sunt
1494 461 1585 517 sancti
1607 463 1780 516 doctoresot

138 540 314 610 spiritualem
328 549 535 620 gratiamquia
551 551 672 622 Spiritus
684 554 836 608 sanetusin
847 553 939 624 specie
981 551 1109 623 magistri
1131 551 1267 616 Ecclesia,
1284 551 1332 623 qui
1354 560 1383 606 ct
1400 552 1511 606 lavacro
1535 551 1667 623 baptismi
1689 548 1780 605 abluti

137 624 274 686 belumbae
288 637 427 706 apparuit.
440 639 593 709 Sequitur:
610 665 620 688 ι
638 640 749 712 Absque
761 659 794 696 eo
809 643 882 713 quod
897 642 939 696 in·
980 649 1061 706 sunt3
1087 647 1116 695 ct
1139 640 1250 707 vellera,
1272 641 1301 697 id
1322 647 1366 694 est
1386 641 1536 723 facultates
1558 646 1587 695 et
1604 637 1780 709 substantias

136 716 277 774 'ttinse'ciis
291 722 361 778 l'atet
369 743 376 790 ;
392 723 400 770 ἰ
414 724 441 779 id
457 735 499 780 est
514 727 620 798 alisque
630 747 758 801 superna
769 730 843 785 illius
859 728 939 784 retri-
980 746 1046 784 suas
1059 747 1110 802 pro
1120 726 1405 784 Cirristoamiserunt.
1418 729 1557 786 Omnibus
1565 729 1678 807 quidem
1687 726 1780 785 tideli-

136 805 265 888 butloriis
278 811 369 881 gloria
389 805 472 885 quam
490 818 517 870 in
533 819 589 871 tine
603 820 696 873 saeculi
712 838 742 874 es
762 826 937 893 perceptura,
980 819 1033 873 bus
1045 819 1174 873 convenit
1189 819 1262 891 quod
1272 817 1358 873 dicit:
1372 838 1385 872 ι
1402 819 1470 884 Qure
1484 818 1673 899 ascenderunt
1686 817 1722 893 de
1737 815 1780 889 lp·

139 904 224 964 quarn
238 893 290 951 'etsi
302 899 330 954 in
349 903 480 971 praesenti
494 890 545 977 per¹
556 906 639 960 tidem
653 910 939 980 contemplerislatet
979 925 1070 974 vacrn,
1089 928 1101 961 s
1118 909 1212 963 nullus
1228 908 1303 962 enim
1319 907 1380 961 sine
1400 908 1509 962 lavacro
1533 906 1664 977 baptismi
1687 904 1780 963 tidelis

136 984 235 1038 tamen
247 982 433 1044 intrinsecis:
455 982 588 1048 neceniin
605 995 633 1049 in
646 994 774 1068 praesenti
792 996 875 1053 videri
888 1014 937 1069 po·
982 994 1043 1052 esse
1065 1004 1166 1069 potest.
1191 997 1253 1051 Non
1273 1002 1367 1051 autem
1387 984 1517 1050 omnibus
1527 995 1618 1049 tonsio
1638 992 1779 1069 convenit,

139 1074 203 1153 test,
216 1072 264 1127 sed
278 1073 305 1128 in
316 1075 411 1131 futuro
421 1072 608 1150 perdolatum
623 1083 722 1154 Capilli
736 1085 778 1139 tui
794 1085 865 1139 sicut
877 1105 936 1151 pre·
982 1086 1047 1156 quia
1059 1103 1114 1140 non
1125 1103 1222 1140 onmes
1234 1086 1274 1140 ita
1287 1091 1354 1140 sunt
1368 1085 1491 1156 perfecti.
1500 1090 1593 1139 utsua
1604 1099 1654 1155 pro
1665 1080 1780 1154 Christo

137 1150 188 1228 'ges
202 1151 361 1232 ca'p'rarum,
379 1166 440 1238 quae
454 1169 641 1224 ascenderunt
651 1163 788 1228 demente
799 1175 936 1229 Galnnd.»
982 1175 1092 1229 mleant
1109 1177 1249 1240 amittere,
1266 1175 1315 1229 sed
1330 1164 1390 1229 illis
1405 1174 1563 1245 specialiter
1577 1172 1630 1227 hoc
1648 1169 1781 1243 congruit

140 1247 194 1301 Per
208 1249 322 1321 capillos
338 1253 473 1319 Ecclesiae,
484 1256 601 1312 subtiles
618 1261 743 1315 Ecclesiae
754 1263 939 1333 cogitationes
981 1263 1027 1335 qui
1044 1264 1197 1318 secundum
1211 1262 1325 1318 verbum
1340 1263 1452 1317 Domini
1468 1262 1592 1316 rendunt
1603 1259 1700 1335 omnia
1716 1274 1778 1331 sua,

140 1338 429 1412 accipiuntur‚quibus
439 1348 605 1418 temporalia
618 1349 939 1424 plerumque-disponam
980 1359 1009 1406 et
1023 1354 1091 1406 dant
1106 1352 1287 1423 pauperibus,
1300 1360 1329 1405 et
1342 1351 1506 1420 audiatque
1520 1349 1642 1421 expediti
1655 1363 1780 1419 sequun-

139 1420 196 1479 tu'r.
209 1427 488 1499 Comparanturvero
502 1437 634 1506 gregibus
646 1438 940 1511 caprarumquiahaec
982 1448 1030 1495 tur
1042 1442 1195 1496 Christum.
1212 1441 1292 1496 Tales
1304 1457 1370 1510 ergo
1385 1446 1450 1494 sunt
1460 1440 1558 1493 dentes
1573 1437 1704 1493 Ecclesia
1716 1451 1781 1490 san·

141 1514 275 1569 animalia
290 1518 393 1572 munda
405 1530 480 1582 sunt,
498 1530 525 1576 et
537 1525 566 1577 in
580 1526 696 1595 rupibus
711 1527 768 1581 sire
783 1528 809 1581 in
826 1529 942 1582 excelsis
982 1538 1043 1590 ctae,
1061 1529 1087 1583 id
1103 1540 1147 1584 est
1161 1530 1358 1603 praedicatores
1374 1535 1402 1582 et
1417 1527 1545 1598 magistri
1561 1527 1633 1597 ejus,
1650 1541 1717 1580 oves
1731 1540 1782 1595 pet

141 1601 940 1685 locisresupinnpascunturquiacogitationessanctorum
983 1618 1170 1673 innocentiam
1187 1618 1274 1672 abluti
1286 1617 1433 1688 baptismo,
1442 1616 1598 1670 voluntaria
1613 1618 1782 1691 paupertate

141 1691 193 1744 etsi
211 1709 259 1762 pro
274 1698 409 1766 corporali
421 1701 587 1756 necessitate
602 1702 630 1757 iri
645 1706 847 1775 temporalibus
859 1707 969 1787 liunt‚ss
982 1712 1011 1761 et
1026 1725 1119 1762 rerum
1139 1707 1288 1778 sponsione
1299 1706 1463 1776 gaudentes.
1480 1705 1612 1777 Sequitur·
1629 1721 1634 1755 :
1650 1721 1663 1753 a
1676 1702 1783 1783 Omnes

139 1782 235 1834 tamen
251 1783 286 1835 ab
296 1791 463 1841 aeternorum
473 1789 628 1845 intentione
640 1809 694 1847 non
705 1794 863 1862 discedunt,
874 1795 940 1850 etin
980 1798 1108 1867 gemellis
1125 1794 1235 1857 letibus.
1252 1801 1280 1850 et
1294 1795 1400 1850 sterilis
1413 1811 1468 1849 non
1480 1801 1523 1847 est
1535 1793 1609 1847 inter
1622 1809 1698 1847 eas.»
1710 1788 1783 1876 Quia

139 1861 202 1938 ipsa
215 1870 299 1923 etiam
314 1888 389 1936 cura.
407 1882 490 1946 quam
503 1880 662 1935 necessitati
677 1899 817 1953 corporeae
828 1885 941 1956 impen·
981 1886 1094 1956 gemina
1106 1884 1243 1940 charitate
1258 1892 1286 1939 et
1300 1884 1449 1939 dilectione
1465 1883 1513 1936 Dei
1528 1872 1685 1953 etproximi
1696 1878 1783 1951 praec'·

141 1956 221 2020 dunt,
243 1961 323 2028 quasi
344 1965 443 2018 coelum
470 1982 581 2038 semper
603 1968 758 2025 intuentur.
791 1973 940 2028 Possumus
984 1970 1653 2034 minentetlrancobservaridocentvcletiarn
1670 1966 1782 2040 quiad-

140 2047 225 2101 atiam
241 2066 291 2119 par
304 2052 409 2112 oculos,
422 2054 549 2110 doctores
560 2057 688 2114 Ecclesia
703 2067 731 2113 et
746 2063 942 2132 praedicatores
983 2063 1046 2117 dem
1062 2068 1090 2117 et
1104 2064 1295 2134 operationem
1312 2061 1473 2133 praedicant.
1486 2062 1520 2114 Et
1533 2059 1637 2114 sterilis
1654 2074 1713 2112 non
1737 2060 1782 2143 est

139 2135 276 2205 accipere,
301 2140 349 2208 qui
370 2140 399 2194 ln
424 2159 549 2214 corpore,
566 2148 611 2201 cui
635 2155 719 2219 caput
744 2148 872 2204 Christus
888 2157 939 2214 est,
983 2149 1011 2205 in
1027 2153 1076 2216 eis,
1094 2153 1187 2207 nullus
1203 2152 1331 2206 videlicet
1345 2148 1453 2205 alienus
1464 2149 1544 2204 bunis
1558 2147 1701 2218 operibus.

140 2235 282 2278 summum
294 2227 384 2282 locum
395 2237 533 2298 tenent‚et
544 2236 666 2290 coelestin
675 2254 707 2291 ac
715 2237 874 2308 spiritualia
884 2257 940 2310 prae
1020 2262 1031 2293 r
1044 2240 1123 2297 Sicut
1134 2241 1204 2294 vitta
1213 2241 1341 2294 coccinea
1349 2239 1430 2312 ‚labia
1440 2246 1498 2300 tua.
1508 2244 1537 2291 et
1546 2232 1689 2307 eloquium
1699 2240 1780 2290 tuum

141 2312 250 2365 caeteris
264 2316 397 2372 membris
412 2320 516 2375 vident.
531 2323 584 2378 Per
594 2326 710 2395 capillos
724 2343 798 2389 vero,
808 2328 939 2382 innume·
981 2330 1072 2385 dulce.
1090 2351 1103 2382 n
1122 2330 1173 2383 l‘er
1192 2328 1268 2382 labin
1282 2327 1411 2383 Ecclesiae
1425 2327 1515 2382 sancti
1528 2318 1782 2398 praedicatoresac·

140 2413 201 2451 ram
214 2402 424 2462 multitudinem
435 2411 783 2482 siruplioiumfldelium.in
795 2418 886 2472 laicali
897 2436 940 2472 or·
981 2421 1124 2490 cipiantur
1145 2418 1192 2490 qui
1219 2425 1247 2471 et
1271 2435 1320 2490 per
1348 2415 1447 2471 dentes
1475 2416 1643 2486 ligurantur.
1672 2411 1781 2469 &ocus

141 2486 207 2561 dine
222 2494 449 2561 constitutorum,
467 2499 512 2570 qui
528 2504 578 2556 etsi
593 2504 685 2559 minus
697 2506 792 2561 vident
805 2508 938 2578 spiritua·
981 2517 1076 2562 autem
1105 2506 1250 2576 sanguinis
1276 2505 1317 2559 vel
1347 2503 1519 2575 ignislrabet
1543 2503 1673 2573 speciem·
1693 2496 1783 2556 labia

140 2574 249 2637 lia.su'a
263 2587 547 2645 tamenmultitudine'
558 2596 792 2649 utnumerositate
806 2613 939 2665 inagnum
981 2613 1048 2667 ergo
1077 2595 1206 2650 Ecclesiae
1233 2592 1269 2657 tid
1294 2599 1337 2648 est
1362 2593 1453 2646 sancti
1474 2591 1680 2664 praedicatorem
1703 2589 1780 2643 vittae

140 2664 226 2720 'decus
242 2664 376 2738 praestant
387 2675 524 2733 Ecclesiae.
546 2681 580 2734 Et
596 2681 665 2735 bene
679 2685 811 2754 gregibus
825 2702 939 2755 compa·
981 2686 1115 2740 coccineae
1139 2691 1348 2755 comparantur,
1382 2683 1450 2753 quia
1479 2680 1639 2753 passionem
1671 2678 1781 2735 curisti

140 2762 407 2830 ranturcaprarurn.
424 2765 514 2837 Capra
529 2771 720 2838 peccatoribus
734 2774 872 2836 convenit,
891 2790 940 2844 per
980 2775 1092 2829 assidue
1102 2773 1315 2846 praedicantqui
1327 2789 1377 2843 pro
1389 2777 1486 2825 nostra
1504 2769 1700 2841 redemptione
1715 2782 1781 2823 san·

141 2845 216 2914 quod
232 2847 326 2917 plebes
337 2851 462 2908 tldclium
474 2857 631 2913 actionibus
645 2860 738 2914 saeeuli
758 2861 867 2925 deditae,
879 2880 939 2934 quae
979 2863 1093 2934 guinem
1103 2879 1184 2916 suum
1196 2861 1337 2925 tuditano
1349 2859 1422 2914 rittae
1431 2859 1566 2913 coccineae
1574 2856 1781 2925 assimilantur,

141 2932 202 2986 sine
218 2945 331 3005 peccato
346 2940 390 3010 agl
406 2958 462 2997 non
481 2952 608 3014 possunt,
632 2946 839 3018 intelliguntur.
865 2950 939 3005 Bene
981 2953 1046 3025 quia
1057 2952 1254 3024 praedicatores
1268 2948 1369 3003 ardent
1389 2948 1548 3014 dilectione,
1569 2946 1721 3017 diligentes
1733 2961 1784 3030 eos

142 3024 235 3074 autern
248 3028 394 3096 sequitur:
417 3038 429 3081 'r
444 3032 709 3095 Quaemcenoerurn
722 3031 863 3093 demente
883 3039 940 3093 Ga·
959 3040 1082 3113 ‘quibus
1104 3040 1189 3094 rerba
1205 3034 1381 3111 impendunt,
1399 3045 1426 3093 et
1441 3034 1525 3091 etiam
1543 3035 1675 3107 aquibus
1704 3028 1783 3089 mala

142 3108 204 3162 laad
220 3112 941 3199 rGalaadacervustestimoniiinterpretaturjuxta
981 3130 1138 3203 patiuntur.
1156 3129 1201 3182 Ad
1224 3127 1373 3181 hocetiam
1399 3127 1530 3198 pertinet,
1556 3124 1630 3196 quod
1654 3120 1780 3194 spiritua

139 3195 273 3264 filit-mm,
286 3203 349 3258 ideo
364 3209 431 3276 quia
444 3227 506 3265 cum
518 3212 603 3267 Jacob
618 3216 722 3270 rediret
737 3217 770 3270 de
785 3218 939 3290 Mesopota·
980 3226 1094 3273 sanctus
1108 3217 1136 3271 in
1153 3216 1256 3289 linguis
1270 3215 1359 3287 igneis
1370 3213 1737 3286 apparuitquialoquentes
1749 3204 1781 3295 ct

141 3283 516 3358 mia‚persecutusesteum
528 3301 940 3378 Labanetdietertiareperit
982 3309 1113 3362 ardentes
1133 3308 1198 3361 feeit
1216 3306 1367 3377 apostolos,
1388 3303 1520 3358 ardentes
1549 3301 1711 3361 dilectione.
1736 3300 1783 3387 lo·

139 3386 214 3437 eum,
233 3376 328 3449 ibique
342 3378 370 3435 ln
381 3386 572 3443 testimonium
589 3393 678 3446 mutui
689 3393 801 3447 foerleris
811 3409 939 3448 acervum
982 3403 1100 3467 quentes
1125 3394 1330 3466 praedicatione.
1350 3394 1384 3448 Et
1397 3392 1467 3446 bene
1481 3393 1550 3447 vitta
1568 3391 1699 3445 coccinea
1714 3388 1784 3444 dici-

140 3459 266 3531 lapidum
277 3477 850 3547 erexerunt.llysticeacerrustestimonii
862 3483 938 3537 Clrri-
980 3490 1038 3538 tur.
1067 3482 1142 3536 Vitta
1173 3480 1247 3536 enim
1274 3482 1390 3553 capillos
1416 3481 1485 3551 ligat
1509 3487 1536 3534 et
1556 3474 1735 3548 constringit,
1752 3484 1784 3532 et

140 3552 202 3606 stus
216 3561 267 3621 est,
283 3558 312 3612 in
328 3578 383 3631 quo
395 3565 545 3621 multitudo
556 3566 938 3626 consistitomniumsancto-
980 3574 1068 3628 simcti
1082 3573 1211 3626 doctores
1226 3588 1276 3625 sua
1290 3570 1487 3642 praedicatione
1502 3570 1536 3623 ud
1552 3570 1691 3624 unitatem
1708 3566 1777 3653 fidei

139 3654 215 3707 rum,
231 3646 279 3716 qui
295 3654 361 3703 sunt
377 3652 483 3723 lapides
495 3656 556 3723 rivi,
573 3659 748 3714 adhaerentes
763 3660 804 3713 illi
819 3677 882 3714 vero
897 3661 938 3714 la·
980 3667 1009 3715 et
1030 3661 1186 3715 dilectionis
1210 3660 1418 3714 multitudinem
1447 3658 1572 3712 fidelium
1600 3657 1628 3712 in
1656 3654 1784 3712 Ecclesia

140 3728 198 3798 Fidi
219 3732 254 3787 de
269 3752 325 3806 quo
340 3740 439 3797 Petrus
449 3743 517 3798 dicit
528 3762 557 3797 :a
573 3748 615 3800 Ad
628 3765 710 3818 quem
722 3749 886 3802 accedentes
900 3749 939 3802 la·
980 3756 1107 3815 nectunt,
1124 3756 1152 3803 ct
1166 3751 1196 3804 in
1222 3765 1308 3804 unum
1331 3748 1461 3803 decorem
1486 3748 1628 3819 redigunt.
1656 3738 1783 3800 Possunt

141 3817 235 3887 pidem
251 3823 395 3887 visumst
409 3830 468 3901 ipse
484 3839 620 3904 tanquam
633 3828 740 3906 lapides
752 3834 803 3889 viri
816 3853 940 3908 superae-
981 3840 1066 3894 etiam
1074 3838 1367 3910 piercapillossubtiles
1377 3837 1562 3909 cogitationes
1570 3833 1782 3907 mentisaccipi.

140 3906 293 3968 dificamini
312 3916 433 3990 »Greges
444 3939 510 3992 ergo
522 3940 669 3995 caprarum
680 3925 714 3979 de
726 3928 820 3979 monte
832 3922 938 3980 Galaad
979 3929 1055 3982 Vitta
1078 3947 1144 4000 ergo
1156 3928 1286 3982 coccinea
1295 3927 1385 3981 crines
1396 3926 1525 3999 ligamus,
1545 3925 1657 3997 quando
1669 3924 1784 3995 cogita·

140 3995 574 4078 ascenderunt‚quiasanctorum
585 4013 779 4068 multitudines
786 4013 821 4067 ad
832 4014 940 4069 excelsa
981 4019 1071 4071 tiones
1086 4025 1197 4072 nostras
1213 4016 1359 4088 disciplina
1372 4016 1483 4070 timoris
1501 4015 1549 4069 Dei
1560 4013 1784 4098 constring‘mus

140 4087 274 4146 virtutum
288 4101 488 4164 conscendunt,
501 4110 529 4156 et
537 4100 641 4156 Christi
656 4101 812 4157 doctrinam
823 4119 856 4156 nc
867 4119 938 4176 praa-
979 4114 1008 4159 et
1023 4123 1193 4162 coercemus.
1213 4128 1223 4155 r
1246 4106 1279 4160 Et
1294 4105 1437 4177 eloquium
1452 4112 1532 4158 tuum
1552 4104 1643 4158 dulce.
1663 4121 1675 4154 »
1693 4101 1783 4159 Dulce

140 4181 259 4248 captain
275 4186 404 4240 omnibus
419 4189 498 4258 sequi
511 4195 653 4260 satagunt.
980 4201 1023 4248 est
1036 4195 1178 4264 eloquium
1192 4192 1328 4257 Ecclesiae,
1343 4211 1405 4247 cum
1419 4193 1507 4246 sancti
1522 4192 1649 4247 doctores
1660 4191 1703 4245 rel
1719 4182 1784 4267 pais·

179 4284 190 4315 r
207 4267 310 4325 Dentes
325 4274 364 4326 tui
381 4275 454 4329 sicut
472 4294 572 4348 greges
588 4286 733 4333 tonsarum
749 4279 853 4341 orium,
875 4297 937 4351 quae
980 4283 1087 4336 sionem
1111 4283 1154 4336 sui
1178 4282 1373 4353 Redemptoris
1389 4282 1423 4335 ad
1444 4297 1608 4335 memoriam
1630 4272 1783 4343 reducunt,

141 4357 329 4414 ascenderunt
343 4362 377 4415 de
388 4363 506 4418 lavacro.
531 4387 542 4417 s
558 4368 636 4422 Sicut
646 4384 695 4439 per
712 4368 827 4439 capillos
847 4359 970 4423 uecta-D
980 4379 1008 4424 et
1025 4371 1176 4441 praedicant
1190 4379 1327 4441 quantum
1341 4370 1415 4424 lleus
1427 4368 1571 4425 hominem
1586 4366 1726 4429 dilexerit,
1737 4368 1784 4422 vel

141 4443 189 4496 alae
198 4446 412 4505 innumerabilis
424 4455 574 4510 multitudo
584 4456 752 4527 simplicium
762 4458 886 4512 fidelium
898 4459 939 4513 in·
980 4460 1064 4514 etiarn
1076 4477 1139 4516 eum
1150 4460 1273 4513 calestia
1286 4459 1400 4530 praemia
1409 4458 1585 4512 auditoribus
1595 4457 1782 4513 annuntiant.

140 4533 316 4605 alligantur,
333 4539 373 4594 ita
388 4547 416 4595 et
430 4560 478 4614 per
493 4545 592 4599 dentes
609 4545 738 4600 Ecclesiae
754 4547 882 4601 doctores
895 4547 938 4601 in·
983 4571 993 4596 ι
1009 4549 1089 4604 Sicut
1100 4550 1226 4619 fragmen
1244 4549 1308 4602 rnnli
1325 4548 1432 4614 Punici,
1452 4547 1494 4600 ita
1502 4563 1580 4618 genae
1596 4553 1660 4605 tuae.
1671 4534 1783 4617 absque

140 4622 308 4694 telligurttur
323 4650 328 4681 x
346 4630 476 4686 dentibus
491 4633 565 4687 eriiin
589 4634 664 4688 cibos
679 4636 883 4689 commolimus.
907 4634 941 4691 Et
980 4654 1013 4693 eo
1035 4638 1109 4708 quod
1134 4637 1301 4691 intrinsecus
1327 4620 1404 4690 latet.
1425 4657 1437 4688 a
1463 4634 1517 4690 Per
1537 4650 1624 4707 genas
1648 4635 1784 4709 superius

141 4715 230 4768 sancti
243 4717 371 4775 doctores
394 4720 462 4775 bene
481 4722 613 4778 dentibus
630 4727 853 4790 conformantur,
871 4724 937 4796 quia
979 4718 1099 4780 diximus
1116 4726 1267 4780 Ecclesiam
1285 4725 1411 4796 figurari.
1429 4725 1500 4778 Nam
1522 4740 1585 4777 curn
1609 4723 1783 4779 verecunda-

141 4802 301 4872 spirituales
319 4810 405 4875 cibos,
426 4827 495 4882 quos
511 4813 652 4883 simplices
667 4831 767 4884 capere
782 4821 937 4884 nequeunt,
980 4832 1053 4878 mur,
1073 4816 1160 4869 rubor
1182 4815 1328 4886 sanguinis
1344 4814 1371 4867 in
1384 4814 1465 4883 genis
1488 4812 1650 4867 effunditur.
1672 4812 1781 4868 nalum

141 4895 195 4965 ipsi
205 4896 410 4966 quodammodo
419 4903 582 4971 exponendo
593 4903 877 4957 comminuuntlleus
889 4904 938 4956 Ec·
978 4896 1073 4959 autem
1094 4903 1227 4957 Punicum
1244 4902 1432 4957 rubicundum
1450 4900 1534 4956 habet
1549 4901 1691 4958 corticem.
1706 4901 1783 4956 inte·

141 4984 232 5038 'clesiae
247 4987 387 5057 praecipuc
406 4997 466 5042 erat
481 4990 580 5045 Petrus
607 4992 652 5045 cui
672 4991 777 5046 dictum
795 4992 881 5046 estin
899 4994 937 5046 vi·
979 4986 1037 5047 rius
1052 5008 1115 5045 vcro
1130 4991 1309 5045 multitudine
1321 5000 1474 5062 granorum
1489 4990 1602 5062 plenum
1619 4994 1682 5042 est:
1702 4988 1781 5075 unde

140 5071 649 5146 sionezrrSurge.iiccldeetmandum
671 5084 735 5137 illc
746 5080 934 5136 adiceretur:
978 5086 1007 5136 et
1033 5082 1138 5134 malum
1165 5090 1315 5151 granatum
1331 5087 1454 5134 sociatur.
1481 5079 1534 5133 Per
1558 5078 1686 5148 fragmen
1711 5095 1783 5150 ergo

139 5159 196 5216 Eos
219 5178 289 5234 quos
309 5165 343 5218 ad
363 5166 446 5219 fidem
462 5170 609 5233 convertis,
634 5168 727 5224 occide
752 5171 788 5223 ab
808 5187 840 5224 eo
862 5170 936 5242 quod
978 5161 1044 5223 miili
1058 5169 1162 5231 l’unici,
1178 5169 1313 5223 memoria
1327 5169 1454 5240 ejusdem
1471 5167 1608 5237 passionis
1626 5166 1782 5225 [lominica

139 5252 215 5314 iuni,
228 5260 260 5307 ut
270 5253 401 5309 desinant
415 5272 478 5309 eese.
491 5266 650 5327 peccatores
662 5277 668 5325 3
682 5268 711 5313 et
724 5259 936 5322 manducatae
977 5254 1123 5327 accipitur.
1141 5276 1201 5329 quae
1222 5265 1249 5312 vt
1261 5259 1290 5311 in
1305 5274 1385 5311 cocco
1397 5256 1681 5337 superiusliguratur.
1700 5248 1781 5312 Solet

139 5349 181 5397 est
196 5344 367 5397 transforma
385 5345 413 5399 in
427 5361 527 5417 corpus
545 5347 681 5406 Ecclesia.
702 5350 774 5403 Bene
791 5357 885 5402 autern
906 5347 935 5402 hi
976 5348 1051 5401 enim
1068 5363 1123 5401 una
1139 5364 1182 5401 res
1201 5346 1318 5401 diversis
1344 5346 1461 5417 exprimi
1478 5345 1582 5417 figuris.
1610 5342 1695 5400 Genae
1709 5334 1780 5416 ergo

140 5433 239 5488 dentes
252 5432 348 5487 ovibus
365 5432 454 5488 toiisis
476 5443 504 5491 ct
517 5436 627 5491 lavacro
643 5438 707 5492 lotis
723 5443 932 5509 comparantur.
976 5436 1107 5491 Ecclesiae
1121 5436 1255 5507 fragmini
1272 5437 1339 5489 mali
1356 5435 1453 5489 Punici
1474 5444 1685 5506 comparantur,
1709 5433 1781 5523 quia

143 5522 242 5578 Solent
265 5521 339 5576 enirn
369 5539 433 5577 ores
456 5526 519 5596 p'ost
539 5525 698 5581 tonsionem
719 5527 843 5582 currenti
861 5542 935 5599 aqua
974 5524 1064 5580 sancti
1080 5526 1209 5608 doctores
1223 5522 1422 5607 venerabiliter
1436 5522 1702 5611 aguntmemoriam
1715 5539 1784 5606 pas·
