3818 6104
136 280 190 340 ltt
605 286 817 343 bunnuaria
833 285 875 342 IN
894 287 1066 344 menone
1083 286 1316 345 reornantur
1725 278 1779 343 tw
1830 303 1832 307 ·

167 429 180 457 ι
196 408 274 463 Deus
287 408 430 463 abeuslro
444 409 565 464 teniat.»
580 408 653 464 Sunt
672 409 719 479 qul
737 411 790 464 hoc
805 411 879 481 quod
895 411 965 471 ‹ti-n
977 411 1090 468 Cornua
1100 422 1169 484 ergo
1183 414 1212 467 in
1226 411 1358 467 manibus
1371 414 1463 475 ment,
1473 409 1542 481 quie
1553 409 1621 463 licet
1634 412 1779 480 peteretur

131 496 213 551 titur.
233 519 246 548 a
263 499 342 552 Deus
359 498 396 552 eb
410 505 511 552 austro
525 498 627 557 renim,
647 518 658 547 s
673 499 838 564 Bethlehem
851 498 935 553 valiat
976 500 1134 569 pronubis,
1151 506 1318 572 potestatem
1334 497 1441 568 regiam
1456 512 1513 551 non
1534 496 1640 561 emisit,
1655 496 1713 551 imo
1727 511 1778 567 per

130 585 262 657 intelligi,
275 603 337 656 quse
351 587 380 640 iu
394 587 513 641 australi
524 593 603 657 perte
616 588 670 642 sita
682 595 737 656 est,
749 594 777 642 et
793 589 821 642 in
833 606 887 659 que
898 590 935 643 ci·
975 604 1086 642 crucem
1099 604 1181 643 suum
1193 586 1321 642 dilatarit
1330 585 1490 657 imperium.
1501 602 1513 636 a
1524 586 1596 639 nate
1606 583 1705 639 faciem
1716 585 1778 653 ejus

130 673 216 729 vltste
226 681 312 729 natus
322 682 368 730 est
376 676 514 730 Christus.
527 700 535 724 ι
550 677 585 730 Et
593 683 707 731 sanetus
716 677 752 732 de
762 677 934 733 montePho·
975 677 1027 732 ibit
1040 693 1117 731 mors
1145 698 1157 727 o
1182 677 1266 735 Mors.
1291 675 1420 730 diabolus
1434 680 1533 728 auctor
1546 673 1655 737 mortis,
1671 673 1707 727 de
1722 689 1777 744 que

129 757 191 817 ten.
207 783 223 813 s
237 763 352 817 Plturan
363 773 457 817 autern
470 780 551 818 mons
565 765 726 819 estvieiuus
744 767 832 820 munti
845 767 931 831 Sinai,
974 766 1095 820 loannes
1113 784 1118 819 :
1133 766 1168 820 lit
1182 780 1284 820 nomen
1299 765 1341 818 illi
1360 780 1446 818 murs.
1467 763 1520 817 lvit
1534 779 1602 831 ergo
1617 778 1693 818 mors
1708 767 1775 818 ente

129 850 157 906 lu
171 852 284 922 quoles
297 852 366 906 dete
376 859 428 909 est.
441 853 621 908 lndedieitur
632 856 725 909 venire
735 855 935 927 sanctaeque
975 853 1062 925 pedes
1072 857 1132 922 ejus
1143 854 1209 926 quia
1220 870 1283 908 mox
1295 868 1329 907 ee
1339 852 1479 923 baptisato
1488 852 1517 907 in
1530 851 1663 916 Iordane,
1676 867 1776 907 occur·

128 940 282 1012 perlegam
298 946 342 995 est
355 941 477 1012 cognitio
491 940 623 997 Dei.Hoc
641 943 723 1012 jueta
734 943 868 1000 litteram.
885 944 934 999 Vel
975 943 1013 996 rit
1026 942 1076 1009 illi,
1088 948 1200 998 bennae
1209 943 1290 997 illem
1301 948 1364 1013 post
1371 941 1509 1012 ieiunium
1521 940 1709 1011 quadraginta
1718 941 1776 996 die·
1822 985 1829 999 2

130 1044 145 1082 s
161 1029 240 1083 Deus
253 1029 290 1083 eb
301 1034 399 1084 austro
411 1030 511 1090 veniet,
529 1051 540 1080 ι
555 1031 583 1084 id
597 1038 640 1085 est
653 1047 671 1085 e
685 1032 811 1093 meridie,
826 1032 862 1087 ab
877 1033 933 1087 illis
976 1049 1048 1091 rum,
1068 1040 1220 1103 antequam
1245 1038 1295 1086 eut
1320 1030 1486 1101 praedicaret
1506 1036 1557 1084 aut
1581 1029 1725 1085 miraculis
1743 1046 1774 1085 se

129 1117 259 1173 videlicet
273 1118 321 1188 qui
335 1125 403 1173 sunt
417 1118 468 1172 filil
482 1119 552 1173 lucis
566 1126 595 1173 et
609 1120 676 1174 diei.
695 1121 851 1176 rimoridio
865 1139 933 1191 ergo
975 1120 1063 1174 Deum
1084 1121 1223 1190 proderet.
1249 1120 1329 1174 Unde
1341 1119 1433 1173 adhuc
1446 1118 1574 1189 seqnitur
1588 1138 1594 1171 :
1612 1139 1622 1169 s
1641 1118 1774 1188 Egredie»

129 1207 221 1260 veniet
233 1207 380 1269 Dominus,
393 1212 422 1261 et
435 1209 639 1277 exspectandus
652 1214 695 1263 est
709 1208 745 1263 iis
757 1211 803 1281 qui
821 1216 887 1265 sunt
903 1211 932 1265 in
976 1208 1161 1263 turdiebalus
1172 1208 1333 1279 antepedes
1344 1208 1417 1276 ejus,
1428 1207 1514 1276 ›quia
1525 1206 1636 1262 exeunti
1647 1205 1774 1277 deaquis

129 1295 238 1349 terrore
253 1296 412 1350 dilectionis
425 1303 454 1350 et
468 1297 541 1350 ndei.
558 1297 638 1352 Uude
649 1303 678 1352 et
691 1297 720 1352 in
733 1298 856 1353 Canticis
866 1317 934 1355 cun·
974 1296 1072 1351 obvius
1095 1298 1156 1352 luit.
1174 1297 1236 1351 ntis
1250 1296 1398 1352 translatio
1422 1295 1490 1350 dicit
1505 1313 1511 1347 :
1529 1295 1696 1365 Egredietur
1718 1296 1774 1350 Re·

130 1383 252 1438 ticornm
262 1400 366 1455 sponse
378 1385 547 1455 interrogat:
560 1384 658 1440 Iudice
669 1387 737 1441 mihi
748 1404 831 1457 quem
841 1389 935 1459 diligit
975 1386 1078 1456 scheph
1095 1392 1161 1440 ante
1175 1386 1260 1456 pedes
1272 1387 1343 1455 eius.
1359 1384 1488 1439 Tradunt
1500 1382 1609 1437 Hebraei
1629 1380 1775 1454 Descbeph

129 1472 226 1527 anime
241 1489 314 1535 mee,
331 1473 378 1528 ubi
394 1482 502 1544 pestes,
517 1474 566 1528 ubi
581 1474 665 1529 cubes
678 1476 707 1528 in
723 1477 850 1531 meridie.
870 1496 881 1529 u
899 1479 934 1533 Et
975 1489 1077 1527 uorusn
1088 1488 1148 1528 esse
1158 1474 1302 1533 danronis.
1313 1472 1361 1543 qui
1372 1471 1560 1543 principatum
1571 1453 1775 1541 interreliquos

129 1568 245 1616 numus
255 1562 396 1617 demente
408 1564 528 1617 Pharan.
543 1563 678 1618 v‘Plteran
688 1564 892 1635 interpretetur
903 1583 931 1620 or
973 1569 1078 1625 teneat,
1092 1563 1164 1617 sicut
1176 1568 1205 1617 et
1222 1561 1382 1617 Beelzebub.
1398 1552 1479 1616 lluuc
1493 1559 1632 1615 dicuntia
1644 1559 1774 1630 peredim

129 1652 260 1709 adeatis.
273 1657 303 1705 et
313 1667 411 1706 revere
421 1652 456 1706 de
465 1664 526 1720 ore,
534 1651 563 1705 id
574 1661 616 1706 est
626 1668 755 1707 sermone
766 1654 870 1708 eruditi
882 1654 932 1708 viri
974 1658 1133 1721 serpentem
1151 1653 1281 1718 intrasse,
1300 1659 1325 1706 et
1347 1667 1397 1722 per
1415 1667 1478 1705 eum
1495 1650 1616 1721 primum
1630 1649 1774 1705 homiuem

128 1744 156 1793 et
168 1739 303 1807 videntis,
318 1740 345 1794 id
361 1747 405 1794 est
418 1741 610 1809 intelligentis,
627 1741 731 1812 quique
752 1742 853 1812 plenus
869 1743 931 1798 luce
941 1730 963 1789 Β
973 1740 1124 1811 decepisse·
1140 1742 1219 1796 Unde
1233 1747 1262 1794 et
1275 1757 1307 1795 es
1329 1739 1535 1803 meledictione,
1553 1754 1610 1809 qus
1623 1753 1640 1791 a
1654 1737 1774 1793 Domino

127 1828 259 1892 scientiae,
274 1829 353 1882 venit
371 1829 471 1883 notitia
484 1830 544 1883 Dei.
560 1830 753 1900 (Diapontius.)
776 1850 789 1879 a
814 1831 933 1901 Operuit
972 1830 1177 1884 condemnatus
1198 1835 1251 1895 est,
1269 1845 1371 1883 nomen
1391 1828 1508 1898 accepit.
1532 1826 1681 1897 Rescbepb
1698 1825 1773 1881 enine

127 1917 313 1988 culosglorie
321 1919 416 1989 ejus·
431 1916 463 1971 In
474 1919 620 1972 nativitate
631 1919 706 1973 enim
718 1919 830 1974 Domini
840 1921 932 1990 glorie
972 1917 1176 1988 interpretetur
1194 1924 1306 1986 reptans
1327 1923 1430 1971 uentre.
1450 1917 1561 1970 Dictum
1582 1916 1657 1971 enim
1680 1914 1774 1970 lueret

128 2007 267 2077 repletum
283 2012 313 2061 et
326 2007 407 2077 quasi
422 2013 550 2076 opertum
567 2013 608 2061 est
623 2008 734 2073 coeluut,
751 2008 859 2079 angelis
869 2025 931 2079 pro-
972 2007 1105 2077 serpenti,
1122 2006 1178 2061 imo
1196 2007 1307 2061 diabolo
1323 2006 1371 2077 qui
1386 2012 1448 2060 eret
1462 2005 1490 2059 in
1506 2010 1636 2075 serpente
1655 2022 1662 2058 ι
1680 2004 1773 2075 Supra

126 2095 324 2158 tenuatus«
335 2095 431 2150 Gloria
440 2096 470 2149 in
480 2096 669 2150 excelsisDeo.
683 2116 712 2150 a·
723 2098 757 2151 Et
768 2097 860 2151 laudis
869 2099 930 2167 ejus
972 2100 1069 2164 pectus
1083 2100 1164 2149 tuum
1176 2094 1324 2164 gradieris.
1342 2094 1477 2164 Egressus
1490 2099 1535 2147 est
1555 2108 1621 2162 ergo
1643 2091 1772 2146 diabolus

126 2184 208 2255 plena
224 2190 269 2239 est
281 2189 369 2244 terre.
387 2204 400 2235 u
416 2186 481 2254 quie
502 2199 597 2255 pacem
620 2186 756 2239 adventus
770 2187 832 2256 ejus
847 2187 930 2241 terris
972 2190 1038 2236 ante
1051 2183 1135 2253 pedes
1145 2183 1266 2242 Domini,
1278 2183 1347 2254 quia
1356 2199 1421 2236 mox
1430 2189 1464 2237 ut
1472 2181 1629 2253 baptizatus
1638 2186 1691 2246 est,
1698 2180 1771 2235 etad

128 2273 240 2337 retudit,
256 2273 468 2328 concinentibus
478 2274 596 2344 angelis.
611 2296 622 2324 ι
635 2275 670 2328 Et
683 2274 710 2328 in
726 2280 803 2329 terre
814 2288 867 2345 pet
883 2275 930 2329 bo-
972 2272 1137 2327 descensum
1149 2271 1286 2327 columbae
1300 2288 1351 2325 vox
1361 2271 1621 2341 Patriseupereum
1635 2269 1769 2331 intonuit,

128 2361 252 2417 minibus
276 2361 356 2417 bouae
379 2361 539 2416 voluntatis.
566 2383 577 2412 s
601 2363 763 2417 Notandum
779 2380 844 2418 vero
863 2365 932 2434 quie
972 2366 1129 2415 commotus
1144 2361 1188 2415 his
1202 2360 1340 2422 diabolus,
1352 2359 1443 2415 adluit
1456 2365 1489 2414 ut
1502 2375 1568 2414 eum
1581 2363 1714 2425 tentaret,
1726 2373 1773 2413 vo·

129 2464 190 2504 mem
199 2449 314 2505 dieitur.
326 2467 340 2503 a
350 2450 468 2521 Operuit
478 2452 562 2504 celos
572 2451 663 2520 gloria
673 2453 742 2522 ejus,
752 2453 932 2507 »comeditur
971 2448 1032 2502 lens
1046 2448 1165 2518 probare
1180 2455 1275 2503 utrum
1290 2454 1365 2502 esset
1379 2448 1430 2502 Dei
1440 2449 1536 2503 Filias.

132 2538 224 2592 minus
239 2555 301 2592 esse
324 2539 400 2608 quod
422 2539 559 2607 operitur,
581 2556 614 2592 eo
635 2539 706 2609 quod
732 2541 832 2610 operit.
859 2541 930 2612 Ergo
1009 2538 1128 2599 «stetit,
1141 2544 1167 2592 et
1183 2541 1475 2592 meususestterrern.
1489 2558 1499 2582 ι
1512 2538 1602 2596 Stare,
1615 2534 1772 2591 divinitatio

132 2625 459 2698 majorestgloriaquain
471 2627 930 2698 vtoeliquioperiunturPossunrus
971 2631 1024 2687 est,
1039 2626 1113 2681 sicut
1127 2627 1250 2681 transire
1268 2625 1462 2680 buarenitatis.
1480 2626 1563 2680 Stans
1585 2640 1652 2695 erge
1673 2623 1770 2679 Domi·

133 2731 241 2786 quoque
251 2715 336 2769 coelos
347 2713 505 2784 intelligere
514 2722 636 2779 sanctos,
649 2716 697 2786 qui
710 2722 822 2787 portant
832 2717 930 2788 imagi·
971 2732 1024 2769 nus
1039 2732 1153 2770 mensus
1175 2724 1219 2771 est
1241 2723 1358 2782 terrem,
1374 2716 1442 2787 quia
1464 2715 1590 2786 potentis
1615 2714 1770 2770 divinitatis

134 2820 194 2859 nem
215 2803 432 2876 supercaelestis,
448 2809 477 2859 et
499 2809 633 2859 enarrant
655 2801 774 2875 gloriam
794 2805 854 2860 Dei.
872 2807 929 2861 Hos
970 2811 1071 2860 cuncta
1085 2805 1246 2876 disponens,
1261 2812 1377 2868 terram,
1394 2804 1478 2858 idest
1493 2803 1577 2858 cerda
1591 2810 1769 2859 terrenorum

136 2907 198 2964 ergo
213 2890 296 2948 coelos
311 2888 412 2964 operit,
432 2887 484 2948 hoc
495 2898 546 2953 est,
559 2895 682 2948 illustret
693 2892 784 2964 gloria
797 2896 826 2948 et
840 2896 929 2965 maja·
969 2894 1115 2948 hominum
1131 2911 1246 2948 mensus
1260 2898 1313 2957 est,
1329 2893 1492 2949 discernens
1507 2897 1535 2947 et
1552 2892 1707 2963 previdens
1721 2891 1770 2963 qui

138 2988 189 3037 stus
203 2978 262 3055 Dei.
279 2980 385 3037 Laudis
395 2980 456 3055 ejus
471 2982 557 3054 plens
571 2986 708 3048 settene,
723 2982 875 3054 qniujuxta
886 3000 929 3037 vo·
969 2982 1150 3052 digniessent
1166 2981 1770 3054 eligi,quijustojudicioreprobari.‹nspe-

140 3086 190 3125 cem
207 3069 361 3126 Psalmistae
386 3090 392 3124 :
421 3089 434 3125 t
458 3070 630 3127 Admirabile
646 3076 689 3126 est
702 3088 803 3127 nomen
819 3073 880 3142 ejus
898 3038 1021 3138 incuit,
1037 3078 1066 3126 et
1079 3072 1208 3126 dissolvit
1228 3079 1337 3143 gentes.
1361 3073 1527 3142 »depectus
1545 3070 1658 3125 Domini
1673 3076 1717 3127 est
1728 3071 1770 3126 vis

142 3159 260 3215 universe
274 3164 360 3215 terra.
383 3183 395 3208 a
971 3160 1072 3215 divinas
1091 3161 1257 3232 mejestatis,
1277 3178 1334 3232 que
1361 3167 1462 3217 cuncte
1486 3159 1630 3232 praevidet,
1651 3160 1719 3214 locis
1737 3175 1769 3215 ac

171 3246 333 3320 «Splendor
347 3246 409 3320 ejus
423 3254 455 3302 ut
467 3247 513 3303 lux
528 3248 583 3303 erit
601 3269 612 3300 e
631 3246 696 3320 quia
711 3249 825 3304 claritas
840 3250 928 3305 mire·
970 3249 1144 3321 temporibus
1152 3250 1431 3322 siugulsdispoaens
1439 3250 1629 3320 Aspexitergo
1637 3255 1666 3304 et
1673 3248 1770 3303 dissol-

144 3335 255 3392 morum
269 3339 331 3408 ejus
344 3337 491 3392 manilesta
510 3339 572 3393 lues
586 3337 712 3392 radiavit.
727 3339 786 3392 Nec
801 3355 852 3394 nos
866 3356 928 3394 mo·
970 3339 1009 3392 vit
1021 3344 1130 3409 gentes,
1142 3340 1194 3393 boc
1206 3345 1251 3394 est
1264 3340 1410 3411 dissipavit
1420 3345 1453 3394 ut
1467 3340 1590 3410 nonjem
1600 3343 1770 3408 essentgen·

146 3431 196 3478 teet
217 3425 364 3481 diuersitas
380 3427 533 3497 temporina
556 3427 697 3495 praetsrito
712 3427 787 3481 enirn
803 3433 929 3500 tempore
969 3432 1022 3487 tes.
1034 3428 1083 3484 sed
1098 3429 1188 3483 renati
1204 3444 1254 3498 per
1267 3429 1351 3482 fidem
1366 3435 1395 3483 et
1409 3428 1579 3499 baptismum
1590 3427 1771 3483 efficerentur
1881 3472 1884 3476 Δ

148 3509 218 3565 dicit:
234 3513 369 3584 «Operuit
382 3515 466 3568 coelos
477 3515 569 3585 glorie
584 3516 653 3585 ejus,
672 3517 811 3586 praesenti,
826 3537 836 3568 ι
854 3518 928 3571 lau·
970 3517 1021 3571 filii
1036 3517 1096 3571 Dei.
1111 3536 1123 3569 u
1140 3518 1175 3571 Et
1188 3517 1299 3572 contriti
1315 3523 1382 3571 suut
1397 3523 1507 3574 nrontes
1522 3515 1626 3571 saeculi.
1646 3535 1657 3566 r
1672 3514 1770 3569 Disso-

152 3598 184 3653 dis
195 3603 251 3670 ejus
265 3603 348 3673 plena
361 3608 405 3656 est
419 3608 512 3669 terre,
532 3623 545 3656 r
563 3604 657 3658 tuturo
670 3621 744 3667 vcro,
761 3622 775 3657 s
793 3606 930 3676 Splendor
971 3605 1037 3659 lutis
1059 3606 1191 3674 gentibus
1205 3606 1308 3661 saculi.
1325 3611 1434 3660 montes
1452 3606 1566 3659 contriti
1586 3611 1661 3664 sunt.
1682 3604 1770 3658 idest

150 3688 198 3757 ejus
216 3697 246 3745 ut
266 3691 314 3745 lux
337 3692 401 3745 erit.
418 3708 431 3745 s
448 3692 547 3746 Divina
561 3694 664 3764 quippe
682 3694 827 3763 Scriptura
851 3696 929 3749 nulla
972 3693 1546 3766 omnisdaemonumlractepotestas,quos
1557 3691 1771 3747 montessoeculi

151 3780 263 3848 teupmis
282 3781 345 3851 lege
358 3780 515 3850 stringitur,
533 3799 594 3852 quae
616 3783 830 3852 supergreditur
845 3799 928 3838 omne
972 3787 1053 3835 vocet
1066 3781 1101 3836 ob
1119 3789 1259 3837 tumorem
1283 3783 1421 3837 elaeonis.
1446 3782 1519 3859 Sive.
1530 3789 1640 3837 montes
1663 3780 1768 3845 saculi,

150 3870 252 3937 tempus.
266 3886 278 3920 r
290 3868 404 3923 &unua
416 3868 443 3923 in
455 3869 584 3924 menibus
596 3871 667 3940 ejus,
683 3871 760 3925 shoc
775 3877 818 3925 est
831 3872 932 3927 vexilla
974 3870 1113 3942 principes
1123 3877 1151 3924 et
1163 3877 1291 3941 potentes
1301 3872 1385 3942 hujus
1396 3872 1493 3926 mundi
1505 3871 1583 3937 dicit,
1595 3871 1643 3942 qui
1657 3858 1770 3927 anniti

161 3957 181 4005 et
195 3962 293 4028 tropaeo
306 3958 408 4012 crucis·
425 3958 460 4011 Et
481 3959 636 4012 notandum
659 3959 732 4029 quod
756 3976 820 4013 curu
845 3977 931 4015 manu
971 3966 1037 4015 sunt
1051 3976 1068 4014 e
1083 3961 1189 4016 duritie
1200 3960 1338 4031 superbire
1351 3977 1420 4024 suae,
1432 3962 1491 4015 vise
1503 3961 1633 4015 maritate
1645 3961 1768 4015 miracu-

157 4037 243 4098 Domini
259 4045 287 4100 in
302 4045 435 4100 cornibus
457 4047 548 4100 crucis
569 4047 658 4101 allisae
679 4047 744 4107 sint,
762 4064 818 4102 non
838 4049 927 4104 dicit:
971 4048 1062 4102 loruvn
1078 4047 1192 4102 Christi.
1204 4049 1313 4103 Montes
1325 4054 1419 4103 autem
1432 4049 1524 4103 saeculi
1536 4047 1614 4114 dicit,
1627 4047 1769 4118 quiesunt

157 4123 235 4187 lienus
244 4134 357 4189 Domini
368 4134 396 4188 in
406 4135 624 4201 cornibus,sed‹
638 4137 749 4191 Cornua
760 4137 789 4190 in
800 4137 930 4192 menibus
971 4136 1017 4190 elii
1029 4142 1148 4201 montes,
1156 4137 1203 4207 qui
1216 4151 1272 4190 non
1282 4142 1349 4192 sunt
1357 4136 1559 4202 saecutsoncti
1567 4135 1770 4208 videlicetape·

157 4216 229 4285 ejus..
245 4224 338 4294 lpsam
355 4223 430 4278 enirn
447 4239 566 4286 crucem,
589 4226 646 4278 imo
661 4225 750 4295 ipsam
767 4233 885 4280 mortem
902 4226 929 4281 iu
970 4225 1034 4280 stoli
1045 4232 1074 4279 et
1082 4225 1133 4280 viri
1143 4226 1299 4296 apostolici,
1311 4227 1345 4280 de
1356 4226 1459 4297 quibus
1468 4225 1617 4281 Psalmista
1629 4242 1657 4278 :u
1669 4223 1769 4280 levavi

158 4313 267 4372 uenata
279 4310 389 4376 babuit,
399 4310 473 4366 sicut
483 4311 543 4383 ipse
558 4313 626 4367 dicit
641 4331 646 4366 :
666 4332 679 4364 e
695 4314 865 4369 Potestetem
880 4312 1065 4414 ha·Doculos
1079 4330 1157 4368 meos
1170 4315 1200 4368 in
1215 4319 1334 4377 montes,
1350 4320 1403 4369 etc.
1422 4333 1435 4368 s
1456 4315 1493 4370 lli
1507 4330 1563 4369 riou
1575 4320 1646 4378 ,sunt
1659 4318 1770 4368 montes
1827 4354 1830 4359 ,

157 4389 194 4448 boo
204 4400 316 4468 mendi
330 4400 456 4455 enimam
471 4417 574 4455 mavit.
594 4421 606 4452 e
969 4401 1073 4464 saeculi,
1090 4404 1139 4457 sed
1162 4410 1272 4458 montes
1291 4404 1351 4470 Dei,
1372 4407 1483 4460 montes
1499 4404 1645 4471 incaseati,
1661 4404 1714 4458 hoc
1728 4407 1771 4459 est

183 4483 237 4542 albi
250 4489 415 4544 abscondite
426 4494 470 4544 est
483 4490 619 4545 fortitudo
634 4492 704 4562 ejus.
722 4512 734 4543 s
752 4490 805 4557 lbi,
820 4491 871 4546 boc
886 4497 929 4546 est
968 4491 1061 4560 gratis
1073 4493 1214 4562 spirituali
1229 4493 1339 4564 repleti.

157 4565 312 4641 bonitus,
329 4577 496 4631 abscondita
509 4583 553 4632 est
564 4578 699 4634 tortitudo
711 4581 783 4649 eJ'us,
793 4583 822 4633 et
832 4584 928 4650 poten-
1007 4600 1019 4630 ι
1035 4581 1175 4636 lucurvati
1190 4587 1255 4637 sunt
1268 4582 1353 4636 colles
1366 4582 1463 4637 mundi
1478 4583 1513 4637 ab
1528 4582 1678 4637 itineribus
1691 4586 1771 4637 eeter-

157 4656 344 4721 indivinitatis
367 4666 437 4736 ejus,
460 4667 527 4738 quie
540 4683 604 4721 cuur
624 4673 700 4721 esset
725 4668 753 4722 in
774 4669 865 4724 sorore
878 4668 929 4725 Dei
969 4669 1066 4724 uitatis
1080 4671 1150 4741 ejus.
1169 4690 1180 4721 ι
1198 4670 1252 4735 Qui
1264 4678 1332 4726 suut
1346 4676 1466 4736 montes,
1480 4671 1534 4741 ipsi
1550 4677 1617 4726 sunt
1631 4675 1660 4725 et
1673 4670 1768 4737 eolles,

157 4754 245 4818 mutis
258 4755 325 4819 Deo,
338 4755 492 4809 exinanivit
510 4755 644 4827 seipsum,
660 4756 780 4811 lerinam
794 4758 867 4813 servi
881 4775 929 4813 ac·
970 4764 1098 4829 potentes
1113 4759 1249 4822 videlicet,
1267 4766 1296 4814 et
1314 4776 1411 4814 eorum
1431 4775 1577 4830 suppares,
1593 4775 1769 4830 quorumque

157 4834 245 4906 tipiens,
260 4850 289 4899 et
311 4844 465 4898 humilians
489 4861 519 4899 se
542 4845 619 4898 Patri
636 4847 774 4916 usquead
798 4853 927 4910 inertem,
971 4847 1132 4918 superbiam
1144 4855 1211 4904 unte
1224 4849 1374 4903 adventum
1385 4847 1584 4903 christinemo
1595 4853 1707 4919 poterat
1720 4848 1771 4905 hu·

158 4933 250 4985 monem
264 4936 360 4987 autem
370 4933 470 4987 crucis.
483 4933 515 4987 ln
530 4949 613 4987 cruce
627 4949 693 5003 ergo
709 4932 870 4988 abscondite
887 4940 931 4988 est
972 4937 1091 4991 miliare.
1106 4937 1225 4995 Contriti
1236 4953 1300 4993 vero
1310 4943 1339 4991 et
1352 4936 1490 4991 incurvati
1501 4944 1569 4992 sunt
1578 4937 1613 4992 eb
1622 4924 1771 4995 itineribus

156 5006 264 5074 baudo
277 5021 349 5090 ejus,
363 5020 476 5092 quaudo
491 5020 617 5076 dicebat:
638 5041 648 5070 ι
663 5021 763 5076 Tristis
778 5030 821 5077 eet
835 5023 930 5076 anima
970 5025 1137 5081 aternitatis
1150 5026 1221 5095 ejus,
1232 5024 1259 5078 iu
1274 5030 1318 5079 est
1329 5024 1390 5091 Dei,
1406 5024 1473 5095 quie
1485 5026 1627 5082 aeternitas
1637 5025 1770 5082 divinite-

157 5113 201 5157 net
208 5122 291 5179 usque
301 5110 337 5163 ud
347 5116 478 5164 mortem.
496 5111 673 5165 »Possumus
684 5127 795 5182 quoque
806 5128 856 5182 per
867 5128 929 5166 cor·
970 5114 1008 5169 tis
1022 5115 1084 5184 ejus
1106 5114 1143 5167 ad
1166 5130 1217 5167 uos
1237 5113 1332 5167 venire
1352 5110 1469 5185 dmnete
1484 5121 1535 5171 est.
1553 5106 1660 5170 itinere
1674 5121 1770 5172 autern

155 5197 303 5267 illamam
314 5204 482 5269 patestatem
493 5199 629 5270 accipere.
642 5200 701 5255 llos
717 5200 791 5261 euim
803 5201 929 5271 Scriptu—
970 5205 1032 5273 ejus
1046 5210 1122 5263 sunt,
1140 5203 1175 5256 de
1196 5202 1266 5256 coelo
1278 5202 1307 5257 iu
1321 5209 1432 5258 uterum
1448 5204 1574 5275 virginis,
1590 5206 1625 5260 de
1639 5211 1720 5261 utero
1738 5206 1769 5261 in

154 5290 230 5338 emm
238 5294 376 5340 estcoruu
388 5304 437 5357 pro
448 5288 613 5342 fortitudine
623 5295 652 5342 et
664 5295 803 5359 potestate
813 5306 927 5360 ponere,
971 5307 1104 5362 presepe,
1122 5290 1156 5344 de
1176 5290 1294 5363 praesepi
1315 5292 1351 5345 ed
1372 5291 1553 5363 baptismum,
1571 5294 1607 5348 de
1629 5293 1769 5365 baptismo

154 5369 328 5428 llPselmiste
346 5393 354 5428 ι
374 5375 408 5430 ln
421 5380 450 5429 te
464 5375 591 5430 inimicos
606 5383 717 5431 nostros
734 5378 929 5433 ventilabimus
971 5377 1006 5432 ed
1031 5393 1152 5443 crucem,
1176 5378 1211 5433 de
1232 5395 1313 5434 crure
1335 5382 1364 5434 in
1388 5382 1557 5452 sepulcrum.
1582 5382 1617 5438 de
1640 5384 1770 5453 sepulcro

152 5465 229 5514 urae.
241 5462 276 5517 Et
286 5470 376 5518 meter
386 5467 475 5519 sancti
487 5467 641 5521 Samuelis:
658 5467 741 5521 Dabit
755 5468 864 5539 (inquitt
876 5468 931 5522 im·
970 5466 1074 5522 iterum
1098 5466 1127 5521 in
1148 5466 1260 5522 coelum.
1282 5470 1404 5525 Possunt
1426 5471 1512 5527 etiam
1537 5477 1566 5527 et
1587 5487 1637 5542 per
1660 5477 1769 5527 montes

150 5548 243 5616 perium
264 5552 325 5622 regi
346 5569 409 5622 sue,
424 5559 454 5609 st
467 5555 629 5611 subbmabit
649 5572 737 5613 cornu
756 5556 861 5615 ebron
874 5556 927 5615 sul.
971 5555 1103 5615 tortiores
1126 5555 1268 5613 &mones
1293 5557 1424 5631 intelligi,
1450 5561 1499 5631 qui
1523 5560 1556 5617 in
1576 5559 1717 5617 mensis
1741 5564 1770 5615 et
