3818 6104
46 3648 48 3655 '
141 3650 337 3718 pervenerant,
358 3644 438 3699 Unde
452 3650 481 3698 et
495 3642 607 3697 subdit:
623 3645 752 3699 lt'omlunc
766 3649 839 3700 enim
858 3661 941 3714 usquc

128 172 181 228 ete
332 169 523 228 tlnYtlouts
540 168 784 229 HALBERSTAT.
806 169 919 228 EPISC.
942 173 1020 230 OPP.
1042 177 1145 232 PARS.
1165 178 1187 233 l.
1209 206 1238 218 -
1257 175 1444 232 conum.
1464 174 1559 233 sien.
1714 173 1761 231 eto

130 295 219 350 nihilo
242 295 378 366 deputate
397 292 573 360 verecundi&
590 293 723 365 quoniam
747 293 808 349 sine
826 295 953 360 erube-A
966 302 1040 371 quod
1056 301 1154 356 beatus
1168 301 1319 373 Apostolus
1338 301 1421 357 modo
1436 301 1643 373 inexemplum
1658 317 1761 355 assum-

131 384 237 438 scentia
259 390 288 438 et
303 382 469 437 verecundia
486 381 555 436 illud
578 382 758 453 opprobrium
781 384 927 439 sustinuit.
969 391 1035 461 psit,
1054 391 1171 446 hortans
1183 391 1294 446 Judteos
1307 407 1342 446 na
1357 391 1492 446 deficiant
1516 391 1548 445 in
1564 390 1758 445 tribulatione:

131 471 271 526 Gaudium
287 487 409 542 namque
422 471 572 524 maximum
587 470 641 524 fuit
654 470 693 525 illi
706 471 779 542 quod
793 471 928 542 pronubis
969 477 1037 547 quia
1049 495 1067 532 a
1086 479 1204 534 Domino
1218 487 1378 551 arguuntur
1391 495 1478 534 causa
1494 478 1682 551 probationis.
1700 479 1760 534 Dicit

132 564 175 612 est
187 574 297 629 passus,
317 565 349 614 ut
362 558 534 613 voluntatem
550 559 600 613 Dei
623 559 714 613 Patris
732 560 863 631 impleret
877 577 928 632 pro
969 584 1036 638 ergo
1052 586 1058 621 :
1075 566 1127 622 Fili
1142 568 1191 634 mi,
1203 569 1260 622 noli
1279 569 1431 639 negligere,
1447 567 1506 622 sire
1528 568 1705 638 negligenter
1721 568 1760 621 du·

133 661 188 714 quo
199 653 296 716 postea
311 646 465 717 potentiam
480 663 567 717 supra
578 663 690 701 ornnem
705 654 862 702 creaturum
881 666 929 704 ec·
970 671 1034 710 cere
1047 655 1224 728 disciplinam
1238 657 1360 711 Domini.
1376 656 1534 728 Disciplina
1548 658 1627 712 dicta
1644 662 1687 710 est
1703 656 1760 709 adi·

132 734 215 804 cepit.
231 735 311 788 Unde
323 735 382 806 ipse
394 735 480 788 dicit:
497 736 634 789 desiderio
649 737 802 790 desiderant
821 738 870 792 froc
882 754 931 807 pu-
971 745 1082 806 scendo,
1103 761 1165 816 quse
1184 745 1241 799 alio
1261 745 1373 800 nominc
1395 747 1535 800 comestio
1550 761 1663 799 morum
1683 751 1761 815 potest

132 826 197 876 scita
212 824 382 876 lltatttfucart'
396 826 536 877 vobiscum
551 824 627 889 (Luc.
641 827 720 892 ull).
738 824 766 881 Si
786 825 874 894 igitur
884 826 931 880 ille
971 833 1116 904 appellari,
1121 834 1192 888 Dum
1200 834 1274 888 enim
1282 833 1344 904 quis
1354 834 1493 904 angustiis
1503 838 1535 888 et
1544 832 1759 888 tribulationibus

133 911 182 980 qui
197 910 303 964 nullam
324 911 424 965 hahuit
438 911 633 965 necessitatem
654 918 687 965 ut
707 913 930 983 crucifigeretur,
971 922 1103 987 afficitur,
1118 938 1174 976 ῃοῃ
1189 921 1273 976 debet
1281 922 1394 992 fatigari
1404 938 1457 977 nec
1467 922 1591 976 deficere
1604 941 1610 974 ;
1622 921 1672 975 sed
1683 922 1759 992 potius

132 1001 280 1054 crucifixus
293 1006 336 1054 est
348 1006 462 1071 propter
474 1016 534 1064 nos,
548 1001 752 1071 quantomagis
765 1002 874 1071 justum
888 1007 932 1058 est
971 1010 1112 1081 patienter
1124 1010 1275 1073 sustinere,
1290 1011 1451 1082 recogitans
1465 1009 1534 1083 quia
1547 1027 1565 1065 a
1578 1010 1701 1065 Domino
1713 1026 1759 1064 cor·

133 1105 185 1143 nus
197 1089 293 1143 omnia
302 1089 412 1142 fortiter
421 1089 543 1143 tolerare
552 1088 564 1142 f
574 1089 616 1143 Ad
627 1090 679 1143 hoc
689 1089 784 1160 itaquo
794 1091 931 1146 Dominus
970 1097 1081 1170 rigitur.

132 1177 263 1247 apparuit
277 1177 305 1231 in
321 1193 404 1231 carne
418 1182 450 1231 ut
468 1177 623 1243 humanam
648 1177 735 1231 sitam
754 1178 931 1233 admonendo

133 1265 437 1335 excitaret‚exemplum
449 1266 597 1335 praebendo
607 1266 932 1327 accenderet,rnoricndo

1009 1219 1090 1285 (luem
1103 1221 1177 1272 euim
1188 1219 1281 1286 diligit
1295 1220 1428 1272 Dominus
1437 1220 1557 1285 castigat
1570 1237 1579 1272 :
1594 1219 1760 1287 sluqcltatuu·

974 1311 1026 1360 tem
1041 1323 1148 1360 omnem
1158 1309 1251 1375 filium
1261 1324 1342 1376 qcccm
1352 1307 1529 1376 recipilldeo
1541 1307 1602 1360 haec
1613 1306 1761 1360 testimonia

974 1395 1054 1466 ponit
1064 1396 1224 1466 Apostolus,
1236 1401 1268 1450 ut
1283 1396 1356 1450 sicut
1371 1396 1420 1449 ntii
1436 1393 1638 1466 aparentibus
1656 1394 1711 1447 suis
1722 1395 1761 1447 flo-

973 1484 1125 1554 gellantur,
1141 1490 1173 1539 nt
1185 1484 1262 1554 digni
1282 1484 1339 1538 sint
1357 1484 1391 1537 ad
1411 1483 1608 1538 hereditatem
1628 1490 1761 1552 paternam

940 1573 1115 1653 Baccedere,
1140 1573 1214 1627 unde
1236 1579 1264 1626 et
1284 1572 1450 1644 plerumque
1468 1576 1547 1626 stare
1562 1578 1625 1625 tota
1648 1575 1724 1624 nocte
1738 1571 1762 1624 in

134 1352 294 1415 redimeret,
310 1353 482 1423 resurgendo
496 1359 650 1424 repararet.
668 1353 786 1424 Propter
798 1354 932 1408 hocenim

134 1440 281 1507 morietur,
303 1446 335 1494 ut
353 1441 466 1494 doceret
485 1456 536 1495 nos
553 1441 623 1495 nihil
645 1441 795 1496 exstimare
813 1441 932 1510 gloriam

134 1544 195 1598 qum
208 1527 244 1582 ab
258 1527 420 1582 hominibus
433 1528 568 1583 defertur.
582 1533 669 1597 Atque
688 1533 719 1583 in
734 1531 844 1583 desiere
863 1532 933 1585 seclis

132 1617 183 1670 Dei
201 1618 281 1679 sedet,
302 1617 354 1671 froc
375 1624 417 1671 est
440 1617 468 1670 in
491 1617 677 1688 prosperitate
695 1622 806 1672 oeternae
824 1618 886 1673 vitre
904 1624 934 1673 et

134 1703 311 1774 plenitudine
324 1710 448 1776 paternae
469 1706 636 1775 majestatis.
654 1706 682 1760 Si
698 1707 775 1760 nulla
791 1712 865 1760 esset
878 1707 935 1762 alia

133 1792 185 1847 Dei
199 1793 348 1863 promissio
363 1800 392 1848 et
404 1794 570 1859 exhortatio,
581 1794 656 1849 istud
671 1795 761 1849 solum
777 1795 934 1866 exemplum

133 1880 271 1935 debuerat
293 1881 430 1937 sufficere.
456 1884 530 1952 quod
559 1883 588 1937 in
614 1884 666 1937 noc
686 1884 746 1937 loco
766 1884 800 1937 de
823 1884 934 1938 Christo
1036 1943 1041 1955 ¹
1081 1926 1086 1938 .
1152 1927 1157 1937 .
1209 1926 1215 1937 .
1294 1926 1300 1937 .
1452 1926 1458 1937 .
1584 1925 1590 1936 .
1649 1924 1678 1935 ..

134 1970 258 2025 ostendit
266 1971 417 2042 Apostolus
425 1971 461 2024 ad
472 1971 698 2041 persuadendum
709 1972 805 2026 omnia
818 1972 934 2026 adversa
975 1942 1121 1997 peneum
1136 1931 1193 1981 smt
1208 1926 1311 1980 ἠῶθι
1330 1926 1401 1980 sunt
1415 1942 1489 1980 emm
1508 1926 1592 1979 mum
1608 1941 1657 1997 qm
1671 1941 1698 1979 m
1711 1940 1764 1995 pm

135 2059 275 2128 patienter
291 2057 422 2124 tolerare,
440 2066 472 2113 ut
490 2076 553 2113 cum
573 2061 684 2114 Christo
699 2077 860 2115 mereamur
873 2075 937 2115 con·
976 2015 1064 2086 speris
1079 2015 1198 2115 Domino
1209 2015 1334 2069 serviunt
1345 2028 1350 2063 :
1363 2015 1410 2069 sed
1425 2021 1522 2068 tamen
1541 2014 1569 2068 in
1593 2013 1764 2111 adversisce·

920 2151 925 2161 .
976 2104 1056 2158 dunt.
1073 2103 1107 2157 Hi
1120 2104 1191 2157 iales
1210 2120 1266 2157 non
1280 2107 1347 2157 sunt
1368 2102 1459 2155 adhuc
1472 2102 1598 2173 perfecte
1619 2099 1722 2172 probati
1734 2100 1763 2154 ad

133 2145 225 2199 sidere
241 2146 270 2199 in
284 2146 385 2215 gloria.
396 2148 629 2213 fecundatarum
641 2153 692 2216 qui
707 2152 789 2202 talem
800 2152 936 2202 sustinuat
976 2193 1169 2247 hupredimem
1185 2209 1216 2245 m
1237 2192 1352 2247 mudum
1376 2191 1456 2246 Unde
1470 2191 1492 2245 Α
1516 2191 1625 2245 ostdus
1639 2206 1718 2260 quem
1740 2191 1762 2244 in

135 2250 153 2286 u
166 2234 352 2300 peccatoribus
360 2234 669 2302 aduersusscmetipsum
677 2237 933 2296 contradictionem,
977 2227 1117 2354 pLOSPeris
1128 2210 1302 2336 bene‘fivere
1312 2236 1418 2344 docuit,
1428 2296 1464 2333 ne
1479 2208 1513 2333 ig
1524 2280 1698 2335 correctione
1708 2279 1763 2332 deff

134 2325 166 2373 ut
182 2336 238 2373 non
256 2321 417 2386 saligenstat
432 2322 537 2372 animis
552 2325 648 2374 restris
660 2324 819 2390 deficientes.
834 2324 936 2377 Omnia
994 2371 999 2382 ‚
1278 2369 1283 2380 .
1375 2370 1379 2379 .
1711 2368 1717 2379 .

134 2408 252 2462 adversa
275 2423 336 2476 qum
359 2407 488 2461 Christus
511 2409 645 2463 sustinuit
658 2426 676 2463 a
694 2410 797 2465 Judaeis
818 2423 823 2458 τ
840 2411 937 2481 plagas
977 2370 1171 2424 crathortatur
1182 2388 1187 2419 :
1200 2385 1332 2468 quomam
1344 2369 1430 2422 lilium
1441 2369 1762 2468 quemdrlrgrtDommus

978 2458 1013 2513 acl
1024 2459 1076 2512 hoc
1086 2464 1117 2512 ut
1129 2459 1266 2513 haeredem
1278 2458 1358 2513 illurn
1369 2474 1449 2528 regni
1461 2457 1598 2511 emiorum
1609 2462 1760 2512 consutum:

136 2495 251 2557 scilicet'
264 2495 419 2562 imSionffl’
429 2502 521 2567 spuw’
537 2497 678 2569 mlaphos'
688 2499 794 2569 alapas'
806 2498 936 2570 masphe‘
977 2547 1097 2617 castigat
1110 2547 1189 2601 illurn
1205 2546 1289 2600 curiis
1303 2546 1476 2617 diversisque
1488 2545 1591 2608 modis,
1603 2552 1633 2600 et
1654 2546 1764 2616 flagellat

137 2585 220 2652 anias,
243 2585 390 2656 ipsamque
412 2591 542 2652 mortem,
565 2587 715 2657 Apostolus
742 2588 800 2642 solo
824 2588 938 2642 nomine
1034 2636 1040 2646 .
1131 2636 1136 2646 .
1647 2636 1652 2647 .

137 2673 369 2728 contradictionis
393 2674 540 2728 ostendere
560 2675 660 2732 voluit.
687 2676 937 2743 Rememoramini,
978 2637 1762 2706 “mmmmmampaupmate'ampemcunone'nm

138 2763 240 2834 inquit,
258 2763 412 2826 Christum,
430 2765 477 2833 qui
493 2768 572 2817 tanta
587 2780 621 2818 uc
641 2764 710 2818 talia
723 2765 858 2818 sustinuit
871 2781 938 2818 con·
978 2724 1135 2778 tormentis
1145 2725 1305 2779 Notandum
1317 2723 1486 2795 autemquia
1498 2724 1709 2794 nonomnisqui
1725 2724 1762 2776 flu·

137 2851 227 2906 traria
237 2868 287 2922 pm
298 2851 489 2922 peccatoribus
511 2852 559 2923 qui
569 2860 713 2923 peccatum
737 2869 793 2908 non
807 2853 913 2906 secem
927 2869 934 2907 :
977 2813 1107 2883 gollatur,
1121 2813 1243 2866 filiusest
1254 2810 1315 2866 :sed
1324 2812 1414 2865 omnis
1428 2811 1503 2865 filius
1514 2812 1760 2882 flagellaturQueu

138 2947 171 2995 ut
186 2956 238 2995 nos
252 2940 300 3011 qui
311 2891 534 3010 trausgr·essoics
554 2948 583 2995 et
595 2948 754 3011 peccatores
767 2958 828 2995 esse
837 2941 937 3011 digno·
947 2904 969 2964 G
980 2917 1046 3000 ⁰¹:3⁰
1057 2900 1259 2999 sanemrfnnab
1267 2899 1319 2955 ¹¹⁰⁰
1331 2901 1435 2999 Qum.
1445 2900 1481 2954 ad
1499 2900 1698 2999 haerediimm.
1706 2916 1761 2997 Ψ

138 3029 260 3087 scimiui.
270 3044 325 3082 non
337 3016 495 3098 fatigemini
505 3029 665 3083 deficientes
676 3030 704 3082 in
715 3029 819 3083 animis
825 3029 936 3083 restris:
979 2995 1117 3060 pstemam
1125 2986 1760 3059 ¹⁰⁸¹¹¹¹u⁸Pfflwn'sse⁸¹n⁰ss⁰g⁰nm¹⁰ned¹vm³²

140 3115 190 3171 sed
209 3115 346 3170 imitando
361 3116 451 3181 illurn,
465 3116 602 3169 sustinete
616 3117 719 3170 similia
735 3116 940 3188 patienter.lld-
981 3080 1243 3150 Quapmptertanm
1251 3094 1344 3131 m¹¹¹¹¹⁵
1358 3077 1393 3131 de
1409 3077 1521 3176 flagelli)
1534 3094 1590 3177 (11ξο
1599 3088 1759 3148 casuis'fflllf·

140 3220 237 3257 versus
251 3203 430 3273 temetipsum
445 3203 578 3256 sustinuit
600 3203 728 3258 Christus
742 3205 941 3267 contradictio·
981 3183 1159 3267 ”furmfffffm
1173 3166 1434 3265 debe¹¹¹¹¹⁸³q¹f²²¹¹t⁰
1446 3171 1596 3268 cemusfn
1611 3183 1648 3266 ⁰⁰·
1658 3173 1759 3266 Pam

141 3308 216 3352 nem,
232 3291 261 3345 id
280 3296 332 3354 est,
348 3290 455 3344 Dimisit
466 3290 528 3343 illos
537 3291 690 3345 secundum
703 3292 778 3361 quod
791 3293 941 3347 noluerunt
981 3257 1137 3311 dnectmms
1147 3255 1277 3310 aflectum
1292 3262 1438 3308 mutunus·
1454 3255 1536 3308 Unde
1548 3272 1610 3326 ¹9⁵⁰
1622 3255 1687 3309 d¹c¹t
1699 3266 1705 3300 ³
1719 3253 1758 3348 Ei?

142 3380 234 3435 facere
246 3385 345 3433 contra
356 3394 386 3433 se
403 3396 409 3429 :
425 3378 496 3431 nihil
520 3378 561 3431 eis
584 3380 787 3434 contradicens.
804 3382 941 3436 Hortatur
981 3361 1046 3415 q¹¹⁰⁸
1056 3362 1127 3408 ‘ww’
1140 3361 1229 3412 ‘'mu‘'
1243 3349 1266 3397 ⁶²
1282 3349 1383 3411 mmm
1394 3344 1485 3411 (Am
1503 3350 1556 3408 ¹¹⁰·
1574 3344 1612 3397 At
1624 3359 1685 3396 ”em
1695 3340 1758 3394 ”¹⁰¹⁰

141 3474 237 3524 autern
248 3485 295 3522 eos
306 3484 341 3521 ne
351 3467 767 3533 Deficiantintribulationibus,
775 3469 841 3522 dum
851 3485 941 3541 usquc
982 3433 1164 3505 flagellabant
1179 3448 1184 3481 ³
1200 3441 1233 3487 Ut
1245 3432 1400 3487 mimus
1414 3437 1442 3484 et
1459 3432 1593 3493 Hemdes’
1616 3448 1671 3486 ”⁰¹¹
1690 3439 1717 3484 ut
1733 3426 1758 3481 ”d

142 3557 178 3612 ad
197 3556 364 3628 martyrium
382 3561 411 3609 et
422 3554 567 3625 sanguinis
584 3555 746 3610 eflusiown
771 3572 827 3611 non
850 3556 942 3617 adbuc
982 3522 1173 3576 hereditatem
1184 3520 1425 3579 assumantursed
1437 3520 1520 3573 utlric
1530 3537 1563 3574 ex
1575 3526 1655 3591 parte.
1665 3519 1759 3573 demon·

982 3618 1096 3678 stretur,
1111 3626 1174 3680 quse
1188 3609 1261 3663 mala
1278 3609 1387 3680 passuri
1398 3608 1454 3663 sint
1464 3615 1529 3679 post
1541 3615 1672 3663 mortem.

974 1661 1078 1733 frigore
1083 1661 1228 1732 jubentur,
1242 1661 1381 1731 variisque
1402 1661 1493 1715 modis
1504 1666 1716 1731 excoquuntur:
1730 1661 1763 1713 ita

975 1755 1004 1805 et
1018 1751 1062 1805 isti
1074 1750 1204 1805 similiter
1218 1751 1406 1805 correctiones
1419 1766 1438 1803 a
1448 1748 1508 1803 Deo
1520 1749 1609 1803 alacri
1625 1749 1716 1802 animo
1726 1764 1764 1801 su·

975 1837 1108 1902 stineant,
1120 1842 1153 1891 ut
1162 1837 1197 1890 ad
1211 1854 1304 1891 veram
1320 1835 1514 1891 hereditatem
1525 1842 1671 1907 perpetum
1678 1835 1763 1906 patrie

141 3738 179 3790 od
189 3738 356 3803 sanquinem
371 3736 520 3799 restitistis,
543 3735 673 3788 aduersus
696 3740 838 3803 peccatum
857 3750 942 3803 repu-
1017 3737 1052 3790 lu
1065 3736 1214 3803 disciplina
1226 3737 1401 3802 perseverate.
1416 3733 1560 3800 Tanquam
1574 3730 1761 3800 filiiscliarissi·

142 3830 266 3892 girantes.
290 3822 334 3877 Ac
352 3822 376 3875 si
390 3822 495 3876 diceret
515 3840 520 3875 :
544 3821 579 3875 Et
596 3821 620 3875 si
639 3822 775 3876 amisistis
794 3823 942 3877 facultates
984 3823 1037 3878 rnis
1051 3824 1124 3877 uotis
1144 3825 1257 3890 offcrlcc
1273 3823 1349 3887 Deras,
1364 3821 1496 3875 subaudis
1512 3824 1563 3875 :ut
1589 3821 1760 3876 hereditatem

144 3920 280 3976 terrenas,
301 3910 477 3981 exspoliatis
494 3909 699 3965 contribulibus
722 3912 830 3973 restris,
847 3920 943 3966 tamen
984 3912 1081 3983 patria
1096 3910 1216 3965 coelestis
1229 3910 1361 3981 capiatis,
1378 3926 1410 3963 ac
1425 3910 1448 3963 si
1469 3909 1599 3964 diceret:
1622 3911 1717 3966 illelius
1733 3910 1762 3962 est

144 4004 265 4054 mortem
280 4015 336 4054 non
346 3999 529 4053 sustinuistis.
540 3998 640 4053 Adhuc
651 4000 725 4053 enim
744 3999 796 4054 vivi
812 3999 941 4055 manetis.
982 4000 1061 4055 vobis
1075 4016 1124 4070 per
1138 3998 1314 4071 disciplinam
1327 4005 1356 4052 et
1376 3998 1590 4064 correctionem,
1607 4016 1669 4071 quse
1682 3999 1762 4052 affenu

144 4089 239 4160 Usque
253 4088 289 4142 ad
300 4088 467 4158 sauguinem
480 4087 585 4141 restitit
595 4103 723 4158 pugnans
733 4088 866 4142 adversus
876 4104 941 4160 pec·
986 4096 1103 4161 paterno
1118 4087 1222 4158 agitur,
1233 4087 1355 4141 transire
1364 4087 1399 4140 ad
1418 4087 1615 4141 nereditatem
1630 4089 1761 4147 caelestem,

145 4185 250 4242 catum,
262 4178 308 4244 qui
320 4193 370 4246 pro
380 4176 496 4229 veritate
511 4174 575 4229 fidei
595 4175 727 4230 adsersus
746 4176 872 4231 infideles
887 4194 972 4274 pu·D
987 4194 1071 4249 quom
1085 4183 1163 4230 extra
1177 4176 1352 4246 disciplinam
1369 4192 1439 4242 esse,
1459 4176 1556 4245 sicque
1575 4177 1612 4231 ad
1628 4193 1719 4247 peenas
1730 4175 1761 4228 d·

64 4266 67 4275 “
145 4265 242 4335 gnarit
269 4279 358 4333 usque
381 4263 417 4316 ad
441 4269 570 4325 mortem,
598 4264 670 4317 sicut
695 4265 784 4318 sancti
812 4265 942 4335 apostoli,
986 4267 1120 4320 scendere
1130 4265 1240 4321 inferni.
1253 4265 1361 4319 Putatis
1372 4265 1445 4319 enim
1458 4264 1531 4335 quod
1541 4265 1606 4319 odio
1618 4283 1665 4319 vos
1680 4264 1761 4319 habat

147 4368 301 4421 eorumque
325 4366 498 4404 successores
524 4351 670 4405 fecerunt:
688 4369 752 4406 nam
772 4353 947 4408 infidelitatis
986 4371 1019 4408 ac
1042 4354 1227 4424 dereliquerit
1241 4354 1325 4416 Deus,
1336 4370 1387 4424 per
1410 4354 1468 4407 lraec
1483 4370 1545 4424 quse
1559 4355 1636 4424 passi
1649 4348 1759 4408 estisfSi

147 4445 291 4511 peccatum
304 4438 455 4493 maximum
466 4444 511 4492 est
524 4457 530 4491 :
541 4438 712 4494 dumautem
723 4442 854 4511 quisvult
868 4443 944 4497 deci·
985 4443 1028 4498 hae
1047 4459 1102 4496 non
1119 4443 1296 4513 pateremini,
1319 4448 1387 4495 tunc
1405 4441 1494 4511 inagis
1511 4442 1564 4495 hoc
1590 4459 1637 4496 ros
1661 4442 1759 4512 cogitur

148 4545 214 4601 pere
223 4535 273 4583 aut
283 4527 435 4593 blanditiis,
445 4534 495 4581 aut
506 4527 669 4595 terroribus,
682 4545 809 4600 pugnans
824 4547 874 4601 pro
888 4531 944 4585 fide
985 4531 1169 4602 competebat.
1186 4531 1257 4584 Nam
1275 4530 1298 4584 si
1314 4530 1439 4599 flagellat
1459 4546 1571 4583 ornnem
1593 4531 1681 4600 filium
1697 4539 1758 4600 quen

148 4624 246 4673 contra
260 4617 397 4681 infideles,
422 4618 519 4689 utique
537 4617 670 4671 adversus
692 4626 837 4689 peccatum
859 4636 945 4691 repu·
986 4620 1094 4691 recipit,
1107 4620 1217 4690 quinon
1228 4617 1547 4688 flagellatursincdubio
1558 4635 1616 4672 non
1631 4626 1673 4673 est
1684 4619 1708 4672 in
1724 4629 1760 4669 uu·

147 4714 224 4779 gnat·
240 4709 337 4763 Potest
354 4714 384 4761 et
398 4706 433 4761 de
447 4706 525 4762 omni
538 4712 652 4777 peccato
669 4706 799 4777 intelligi,
815 4707 850 4761 dc
871 4709 946 4762 rraala
986 4724 1064 4762 mero
1079 4709 1209 4762 filiorum·
1226 4707 1276 4761 llis
1295 4706 1386 4760 vorbis
1409 4705 1532 4760 ostendit
1554 4707 1605 4772 eis,
1627 4708 1690 4779 quia
1706 4701 1759 4760 unde

148 4797 278 4851 videlicet
291 4797 481 4868 suggestione,
492 4805 520 4850 et
531 4812 616 4867 prava
627 4796 945 4857 voluntate,immundo·
987 4796 1124 4868 putabant
1138 4813 1167 4850 se
1180 4795 1328 4849 derelictos
1340 4812 1416 4849 esse:
1429 4794 1494 4848 inde
1510 4796 1601 4865 magis
1609 4797 1715 4850 credere
1727 4806 1758 4863 po·

150 4900 205 4952 que
219 4884 359 4939 desiderio
373 4903 378 4938 :
392 4885 494 4955 quibus
503 4885 550 4956 qui
561 4884 668 4939 resistit
679 4900 735 4938 non
747 4883 947 4939 consentiendo
987 4892 1082 4939 terant
1095 4884 1173 4954 diligi
1189 4883 1223 4937 ab
1238 4883 1295 4937 illo.
1311 4883 1378 4946 Qun
1389 4885 1464 4936 enirn
1479 4885 1555 4950 filius
1569 4883 1651 4952 quim
1661 4901 1710 4938 raon
1720 4893 1760 4936 ur·

150 4972 200 5036 eis,
216 4972 350 5027 adversus
364 4981 509 5043 peccatum
526 4979 645 5045 pugnat.
988 4977 1056 5042 cipit
1069 4978 1168 5041 puter?
1178 4972 1255 5026 Solet
1264 4971 1413 5042 aliquoties
1425 4971 1630 5042 paterfamilias
1640 4968 1758 5027 filiosalie

185 5059 224 5114 Et
237 5062 315 5115 obliti
328 5065 392 5115 estis
412 5066 616 5128 curuolotiouu,
633 5078 692 5130 qua·
714 5063 788 5116 robis
812 5067 948 5130 tunquam
988 5079 1039 5117 nos
1050 5063 1193 5132 negligere
1206 5080 1211 5115 :
1223 5078 1288 5115 suos
1300 5077 1363 5114 vero
1373 5060 1512 5131 castigarc
1531 5067 1559 5115 et
1577 5063 1720 5131 corripere,
1734 5069 1757 5109 nt

152 5149 219 5215 filiis
234 5150 367 5217 loquitur,
383 5150 475 5204 dicens
491 5169 499 5204 .·
515 5154 569 5205 Fili
584 5156 632 5217 mi,
649 5154 709 5206 uolt
722 5154 856 5219 negligere
867 5152 948 5204 disci·
989 5168 1037 5206 eos
1046 5152 1187 5223 opprimat
1198 5151 1272 5204 rnala
1283 5150 1464 5219 negligentia.
1475 5149 1576 5203 Nullus
1591 5157 1636 5204 est
1649 5158 1721 5222 pater
1730 5158 1759 5198 st·

149 5238 263 5306 plinum
277 5237 399 5298 Domini,
416 5254 502 5306 sicque
515 5241 798 5308 [aligerisdumadco
808 5242 946 5307 argueris.
989 5240 1069 5311 piens
1088 5240 1137 5311 qui
1155 5255 1210 5293 non
1230 5238 1364 5308 corripiat
1377 5238 1449 5292 filios
1465 5238 1673 5308 delinquentes,
1688 5246 1713 5292 et
1723 5231 1759 5288 cti·

154 5322 298 5396 Sapientia
313 5322 363 5377 Dei
376 5325 478 5391 Patris,
494 5343 557 5397 quac
577 5344 628 5399 per
648 5329 826 5384 Salomonem
849 5327 948 5397 loque·
988 5329 1101 5401 quando
1115 5329 1188 5384 bona
1202 5336 1317 5398 agentes
1332 5328 1458 5398 increpat
1470 5327 1549 5380 utad
1563 5329 1680 5383 meliora
1688 5337 1760 5382 accen·

153 5416 246 5483 batur,
261 5414 336 5469 inter
349 5418 449 5483 uetera
459 5414 543 5471 ctiam
554 5418 672 5489 protulit
684 5419 737 5473 hoc
749 5434 799 5491 per
815 5433 847 5471 os
860 5416 945 5484 illius,
988 5418 1101 5473 dantur.
1113 5417 1192 5477 Uada
1207 5420 1237 5471 et
1249 5416 1323 5483 lloli,
1337 5416 1480 5488 quiasrlios
1489 5432 1556 5471 suos
1568 5432 1626 5473 non
1640 5411 1761 5488 corripuit
