3818 6104
136 249 188 308 903
358 244 547 303 HAYMONIS
568 243 813 300 llALlllillSTA‘l'.
830 243 944 300 Et’lsu.
964 239 1043 296 OPP.
1057 239 1150 296 PARS
1165 241 1186 295 l.
1204 271 1236 283 -
1252 238 1442 299 coutitur.
1461 243 1559 303 BlBL.
1728 245 1777 303 abt

137 393 185 431 rus
198 381 272 431 esset
296 389 385 444 aquas
412 387 497 442 super
522 376 639 435 terram,
663 368 773 423 dicente
796 368 850 423 sibi
873 365 1141 436 illo,Agrinantem,
1154 369 1182 418 et
1196 364 1267 418 nihil
1286 364 1640 440 turbabaturQunnquam
1654 370 1730 424 eninr
1746 377 1776 426 ad

136 466 212 533 (Gerr.
226 469 275 526 stt:
294 464 369 516 Finis
381 464 516 515 uniuersa
530 461 624 513 curnis
639 461 712 512 rena
727 473 819 512 curam
840 474 890 519 me,
907 461 931 509 at
976 453 1066 524 ipsum
1092 451 1197 507 dietum
1213 459 1296 519 esset,
1311 453 1378 526 quia
1392 455 1444 509 tibi
1457 455 1531 510 dabo
1552 463 1583 512 et
1603 458 1707 512 semini
1722 464 1777 528 tuo,

138 554 271 606 inducam
285 565 385 618 optram
398 564 480 615 super
494 563 549 600 eor:
572 548 616 614 sur
630 547 680 599 tibi
695 562 791 599 arcora
803 546 834 597 cle
851 547 935 613 lienis
975 558 1030 596 non
1038 558 1088 612 per
1096 557 1192 595 semen
1199 541 1311 607 tibi‚sed
1318 542 1368 597 tibi
1377 549 1406 597 et
1413 544 1684 613 seminituo,tamen
1695 564 1776 620 neque

138 642 261 707 lerr'potr‘s
271 642 294 690 ct
304 643 405 691 catera
420 652 482 706 quae
498 640 673 704 sequuntur:
690 639 718 687 et
733 633 795 687 ideo
810 633 934 687 salvatus
975 631 1140 702 ipsamque
1150 628 1334 701 Isaaomeque
1344 631 1429 686 Jacob
1439 634 1523 704 potiti
1533 635 1775 707 sunthacpromir·

137 734 181 784 cst
194 744 257 782 cum
278 725 352 779 omni
368 725 452 778 domo
467 739 528 780 suu.
540 723 593 777 hoc
608 728 660 786 est,
672 722 778 776 familia
792 739 852 775 sua.
870 722 935 775 Per·
974 718 1063 780 sione.
1076 719 1125 773 sal
1151 719 1288 773 successio
1313 719 1434 775 illorum.
1452 722 1487 776 Et
1505 724 1575 794 quia
1590 725 1707 794 quando
1721 725 1774 782 obe·

135 818 238 871 lectum
268 819 361 867 aulem
389 812 483 883 operis
496 817 546 865 aut
560 811 676 864 rationis
699 811 931 881 experimentum,
974 806 1045 860 divit
1058 807 1126 873 Deo,
1143 808 1238 862 exiens
1264 808 1298 862 de
1313 813 1389 863 terra
1415 827 1478 879 sua,
1494 828 1552 866 uon
1574 812 1730 868 vocabatur
1745 817 1774 870 l·

135 906 206 960 nihil
227 905 255 958 in
279 904 331 957 hac
346 917 429 955 causa
444 900 570 971 proiecit.
587 898 745 966 Nubebant,
759 899 861 970 inquit,
875 898 933 965 alii,
976 895 1104 960 braham,
1120 896 1169 950 sed
1193 896 1310 952 Abram.
1326 896 1394 952 Ideo
1408 900 1598 966 considerate,
1615 901 1689 957 dixit
1714 904 1774 974 Apo·

136 1005 168 1050 ut
193 994 233 1048 ait
244 992 381 1048 Dominus
396 990 423 1043 in
439 989 601 1059 Evangelio,
619 993 648 1042 et
664 1005 714 1042 aer
726 1004 843 1043 serenus
862 992 931 1052 erat,
975 985 1081 1041 stolus:
1096 987 1158 1039 Fido
1169 989 1218 1055 qui
1226 990 1585 1051 cocutarnuncnbrahum,
1602 996 1674 1044 tunc
1687 998 1771 1047 auteur

136 1077 933 1155 signaquoquamilliaapparebuntdiluvii:rer·umtamen
973 1072 1125 1128 uocabatur
1138 1072 1252 1141 Abram,
1271 1080 1396 1129 ineratus
1416 1081 1454 1130 est
1477 1080 1509 1131 in
1532 1083 1612 1132 terra
1636 1085 1773 1149 repromit-

135 1174 183 1229 ille
197 1171 301 1237 timuit,
318 1175 403 1238 atque
414 1184 464 1239 per
474 1166 557 1220 lldem
573 1165 608 1219 de
623 1164 666 1219 his
681 1181 742 1235 quae
756 1166 876 1220 necdum
891 1165 932 1218 vi·
973 1165 1060 1216 rionis
1075 1165 1156 1231 qrrusi
1180 1165 1210 1216 iu
1231 1164 1334 1218 alienu.
1348 1163 1476 1219 Primum
1498 1166 1615 1238 quidem
1632 1167 1772 1225 uocabatur

136 1261 275 1317 debentur
296 1263 435 1321 meluens,
452 1254 607 1309 construxit
634 1269 728 1308 arcam
757 1254 785 1308 in
812 1254 931 1308 salutem
974 1251 1021 1304 illc
1035 1249 1264 1314 Abram,deinde
1279 1268 1344 1306 vero
1354 1251 1506 1308 Abraham.

135 1350 250 1405 familiae
270 1364 338 1412 sua,
357 1361 505 1416 perquam
527 1344 611 1397 fidem
633 1342 778 1396 damnarit
795 1343 931 1397 mundum
1011 1339 1188 1408 despectabat
1199 1343 1273 1394 enim
1283 1342 1622 1408 hindamealobubcntem
1630 1349 1768 1414 civitatem,

136 1436 346 1509 comparatione
372 1434 437 1487 fidei
451 1449 518 1498 sum,
533 1448 617 1502 quam
634 1431 755 1486 mundus
769 1430 872 1485 habere
887 1448 935 1485 no·
975 1430 1054 1495 cujus
1068 1429 1172 1494 artifex
1185 1434 1210 1481 et
1220 1431 1345 1483 conditor
1359 1431 1437 1483 lleus.
1455 1430 1562 1486 Civitas
1576 1449 1702 1504 superna
1713 1435 1769 1490 lua·

134 1527 197 1582 luit.
214 1523 344 1581 Ostendit
363 1524 437 1577 enirn
458 1520 619 1591 eosdignos
647 1521 700 1573 hoc
724 1520 869 1591 supplicio,
885 1520 933 1591 qui
974 1515 1769 1590 (lamentahaberediciturpropterstabilitatemetlir-

136 1630 227 1687 neque
241 1616 416 1684 peruentum
433 1625 571 1663 annorum
591 1607 681 1679 spatia
694 1608 769 1663 illius
783 1625 854 1663 arcae
869 1625 934 1663 con·
975 1601 1102 1656 mitatem
1116 1604 1174 1662 sui.
1194 1605 1225 1658 1¹¹
1242 1621 1298 1676 ΨΜ
1321 1604 1370 1675 (ιῦῑ
1398 1608 1484 1662 semei
1511 1607 1606 1662 ¹00¹¹1¹l
1631 1608 1769 1678 lnl‘essel'il,

136 1703 289 1761 structione
303 1699 404 1770 corrigi
416 1697 638 1753 uolueruntl'er
651 1697 734 1750 sidem
750 1713 861 1768 quoque
875 1713 931 1752 non
941 1683 964 1743 Β
976 1706 1119 1762 nunquam
1136 1694 1240 1763 Ρθῐθΐίῐ
1264 1694 1457 1749 exbaeledilflss'
1475 1712 1570 1769 neque
1595 1699 1687 1753 evelli·
1703 1701 1767 1766 ldffl·

135 1810 187 1866 per
205 1792 296 1862 legem
310 1790 399 1844 hares
422 1787 536 1854 iustitia
555 1790 598 1839 est
618 1785 775 1853 institutus,
790 1785 856 1840 dum
872 1785 932 1857 ipse
974 1778 1076 1849 iuquit,
1092 1780 1132 1834 illi
1148 1781 1203 1834 side
1220 1780 1320 1835 morati
1335 1789 1401 1838 sunt
1420 1782 1449 1838 in
1465 1790 1543 1839 terra
1553 1787 1770 1857 repromissionis

135 1884 212 1938 solus
225 1880 308 1934 sidem
321 1883 435 1950 patrum
451 1874 645 1945 tenuit‚qunm
661 1873 695 1928 ab
714 1874 761 1929 illo
778 1874 871 1928 crateri
894 1874 934 1929 di·
975 1868 1054 1938 quasi
1069 1867 1098 1921 5¹¹
1113 1868 1216 1934 aliena,
1228 1869 1294 1940 (1058
1309 1871 1542 1942 “immissiones
1557 1875 1587 1929 in
1603 1881 1679 1930 tem
1693 1876 1769 1932 aaa

136 1971 271 2028 dicerunt.
290 1968 385 2021 llaeres
407 1970 500 2019 autem
524 1963 604 2034 regni
629 1963 762 2017 coelurum
785 1964 826 2017 rel
846 1963 934 2019 haeres
975 1972 1031 2011 mm
1044 1957 1236 2020 attendebant,
1251 1960 1301 2014 sed
1316 1959 1439 2014 suturam
1456 1961 1582 2032 quietem
1608 1965 1768 2036 quaerebaut.

137 2059 235 2116 mundi
250 2056 361 2123 dicitur,
376 2054 442 2126 quia
465 2053 500 2106 de
514 2052 621 2106 semine
646 2068 698 2106 sun
721 2050 774 2105 luit
794 2051 934 2123 reparatio
977 2045 1169 2101 Ostenderunt
1196 2048 1271 2102 euim
1296 2048 1401 2120 seipsos
1420 2051 1578 2120 majoribus
1592 2070 1656 2108 esse
1669 2053 1768 2126 dignos,

137 2147 245 2214 mundi,
262 2152 329 2201 etex
339 2145 393 2199 hoc
403 2141 535 2214 apparuit
542 2143 648 2211 justus,
661 2139 852 2211 quiacredidit
864 2140 933 2196 Deo,
976 2134 1080 2188 idcirco
1095 2151 1150 2189 non
1166 2137 1294 2207 permisit
1308 2153 1356 2192 eos
1368 2139 1493 2210 accipere
1509 2140 1575 2200 ista.
1590 2142 1656 2213 quia
1672 2145 1769 2215 majora

171 2238 235 2293 Ficta
245 2238 294 2305 qui
307 2237 422 2288 crocatur
432 2246 507 2285 nunc
521 2229 663 2285 Abrabam
675 2228 792 2282 obedivit
805 2231 836 2282 r’n
845 2231 935 2282 locum
976 2223 1044 2278 dare
1058 2223 1176 2278 volebat.

136 2330 220 2391 caira,
232 2325 478 2393 qraeruucceptucus
488 2323 547 2372 erut
557 2321 588 2371 in
609 2317 803 2371 amorinum.
818 2320 935 2372 otcaeioit
1012 2314 1076 2365 Fide
1090 2318 1114 2366 et
1134 2317 1193 2382 ipro
1207 2315 1279 2370 Suro
1295 2319 1398 2370 sterilis
1412 2319 1543 2372 virtutem
1561 2321 1591 2373 in
1610 2326 1768 2391 conceptione

137 2418 257 2471 nesciens
279 2430 332 2482 quo
356 2415 418 2474 iret,
435 2407 515 2480 quasi
536 2406 649 2470 diceret,
666 2410 694 2459 et
718 2405 777 2474 ipse
794 2404 934 2459 hbraham
976 2403 1092 2454 sericinis
1105 2405 1308 2470 decapitatum
1321 2410 1421 2472 prater
1437 2412 1544 2475 tempas
1559 2412 1649 2462 atatis
1661 2426 1769 2480 genem·

136 2521 187 2576 per
200 2503 284 2558 fidem
296 2499 401 2572 placuit
410 2498 477 2552 Deo:
490 2495 585 2550 statim
594 2495 669 2549 enim
681 2498 713 2548 ut
726 2493 752 2547 ei
764 2493 835 2547 dixit
843 2491 933 2548 Deus:
977 2489 1160 2557 vituperantem
1177 2493 1281 2557 fidelem
1294 2494 1411 2546 credidit
1420 2497 1471 2562 qui
1487 2498 1770 2563 repromiseramus·

138 2591 235 2646 Eride
248 2595 324 2642 terra
337 2585 497 2647 tumetcudc
513 2586 543 2636 in
559 2587 935 2650 terramquummonrtroce-
976 2577 1030 2631 stio
1056 2577 1100 2631 hic
1124 2578 1214 2633 oritur
1229 2596 1316 2650 quare
1341 2580 1417 2635 dicat
1442 2582 1497 2637 lide
1516 2585 1660 2657 accepisse
1682 2587 1768 2642 &rau

138 2680 241 2743 rotibi,
256 2678 377 2744 daboque
401 2676 482 2727 illum
498 2673 549 2725 tibi
562 2676 585 2724 ct
600 2672 703 2724 serarim'
724 2677 770 2723 tao
783 2670 857 2736 (Gen-
874 2672 933 2736 su),
978 2668 1110 2720 uirtutem
1132 2668 1316 2738 concipiendi,
1339 2685 1402 2723 cum
1431 2670 1466 2723 ab
1485 2673 1589 2743 angelo
1613 2675 1768 2745 reprehensa

140 2766 259 2822 credidit
269 2765 338 2829 Deo,
354 2768 383 2817 et
398 2761 483 2816 exirit
496 2760 525 2814 in
543 2759 633 2813 locum
654 2757 683 2812 in
700 2757 821 2828 quernei
836 2773 935 2828 prace-
976 2754 1023 2818 sit,
1040 2770 1091 2808 cur
1105 2755 1200 2810 riserit
1214 2773 1297 2810 causa
1313 2757 1511 2813 infidelitatis?
1527 2758 1617 2817 llisus
1635 2763 1710 2820 enim
1730 2765 1766 2819 ille

136 2862 227 2930 perat,
243 2855 371 2911 nesciens
395 2869 450 2924 quo
469 2850 571 2905 abiret.
587 2849 704 2918 Ignotus
727 2847 802 2901 enim
825 2849 851 2901 ei
879 2853 939 2902 erat
980 2841 1091 2895 etiamsi
1103 2843 1200 2912 gaudii
1216 2850 1244 2898 ct
1261 2845 1351 2915 plenoe
1364 2846 1428 2900 fidei
1443 2863 1500 2902 non
1516 2849 1580 2911 luit,
1597 2851 1672 2906 risus
1685 2859 1765 2908 auten

136 2947 212 3001 locus
227 2951 256 3000 et
270 2942 408 2999 habitatio
428 2940 505 2994 illius
515 2944 616 2992 terme:
634 2943 662 2990 et
677 2936 704 2990 in
721 2940 858 3006 quantum
879 2952 937 2990 am·
979 2929 1098 2984 Abrahae
1109 2937 1137 2985 et
1150 2933 1247 3002 gaudii
1260 2940 1289 2988 et
1301 2936 1390 3005 plenae
1405 2935 1470 2990 srdei
1489 2944 1557 2992 sunt
1584 2938 1652 3003 Quae
1673 2937 1764 2995 itasol·

136 3033 243 3089 bulavit
254 3032 395 3103 persidem
411 3026 574 3083 ambularit.
591 3025 653 3080 Sive
663 3024 789 3078 nesciens
802 3039 857 3095 quo
871 2992 1068 3092 hahentur:
1099 3019 1170 3084 Quia
1197 3022 1249 3076 etsi
1274 3024 1397 3094 primum
1420 3024 1569 3090 dubitarit,
1600 3028 1761 3099 postmodun

136 3121 269 3192 quoniam
284 3135 366 3191 quem
385 3117 546 3172 imitaretur
556 3130 611 3168 non
628 3112 757 3167 habebat.
977 3113 1074 3162 tanuen
1087 3108 1178 3163 verbis
1190 3111 1284 3181 angeli
1298 3111 1416 3167 solidata
1430 3120 1472 3167 est
1487 3115 1514 3167 in
1525 3115 1593 3180 title,
1605 3121 1634 3171 et
1647 3122 1760 3172 eramen

170 3209 233 3262 Fide
247 3211 370 3260 ineratus
384 3211 420 3257 est
434 3208 461 3257 in
479 3209 553 3257 terro
567 3205 787 3270 repromissionis
802 3206 936 3269 tunquam
977 3195 1161 3252 dubitationis
1180 3215 1274 3265 causa,
1291 3200 1448 3255 introducta
1469 3210 1514 3256 est
1541 3204 1624 3259 tides.
1638 3205 1759 3261 Virtutem

136 3301 166 3350 in
180 3299 274 3350 aliena
291 3292 477 3347 incusatisab
494 3291 675 3344 inhabitando
690 3306 752 3343 rum
767 3292 872 3343 lraacet
885 3291 936 3343 Jo·
975 3285 1004 3339 in
1026 3287 1206 3358 conceptione
1220 3289 1336 3344 seminis
1359 3291 1475 3362 accepit,
1491 3291 1559 3362 quia
1578 3293 1640 3363 jam
1658 3293 1757 3348 martii·

135 3385 181 3438 cob
193 3382 374 3438 colrurcdr'bur
391 3380 612 3448 repromisimus
626 3378 755 3445 ejusdcm.
774 3377 877 3430 Casula
894 3376 935 3431 di·
976 3382 1038 3428 cata
1056 3382 1117 3429 erat
1137 3380 1219 3431 atate
1232 3383 1261 3431 ot
1279 3377 1392 3433 sterilis.
1405 3378 1514 3451 Duplex
1527 3382 1607 3436 eninr
1629 3390 1689 3438 erat
1701 3399 1756 3455 pra·

134 3458 302 3527 minutivum
316 3474 359 3525 est
381 3485 397 3522 a
418 3484 491 3532 casa,
504 3467 531 3520 id
546 3473 588 3520 est
602 3466 696 3530 domo,
710 3464 754 3518 hic
770 3470 864 3519 autem
882 3481 933 3536 pro
974 3463 1075 3517 clusio:
1092 3463 1153 3519 Una
1166 3465 1310 3536 temporis,
1327 3473 1458 3521 senuerat
1485 3467 1592 3540 quippe
1613 3470 1692 3541 jam;
1716 3469 1757 3524 atis

134 3561 264 3617 tentoriis
292 3556 537 3627 tabernaculisque
564 3554 686 3626 positum
702 3560 753 3616 est,
777 3553 805 3608 in
832 3553 933 3625 quibus
974 3568 1039 3607 roro
1066 3569 1098 3606 ex
1122 3558 1236 3620 natura,
1262 3553 1351 3608 sterili
1376 3554 1450 3610 enim
1472 3561 1552 3624 erat,
1568 3558 1617 3613 sed
1633 3559 1669 3613 ad
1690 3557 1757 3614 susci·

133 3651 275 3707 Abraham
289 3664 352 3704 eum
375 3648 454 3702 isaac
477 3651 505 3700 et
524 3643 612 3698 Jacob
627 3642 763 3697 habitarit
779 3658 857 3696 more
871 3641 933 3696 ria·
974 3641 1107 3710 piendum
1124 3647 1152 3695 et
1178 3642 1356 3697 retinendum
1385 3660 1482 3699 semen
1508 3647 1618 3718 accepit
1633 3649 1754 3703 rinnau

133 3746 225 3795 torum
247 3746 276 3794 et
297 3737 521 3809 peregrinorum,
534 3733 636 3788 docens
649 3748 697 3786 eos
718 3731 801 3785 tidem
815 3730 876 3797 Dei,
890 3735 933 3786 ut·
973 3729 1105 3783 Mulieres
1119 3745 1242 3802 namque
1252 3747 1284 3785 ex
1298 3731 1407 3786 duabus
1421 3734 1562 3805 precipue
1573 3735 1658 3791 rebus
1666 3735 1755 3791 sterila

133 3834 198 3902 pole
215 3826 373 3881 coheredes
389 3821 582 3896 promissionis
596 3821 712 3878 suae.Fm
724 3819 798 3873 enim
813 3819 935 3890 promis·
976 3833 1036 3871 esso
1047 3818 1149 3886 solent,
1161 3819 1217 3873 sive
1231 3819 1297 3890 quia
1310 3820 1340 3874 in
1355 3819 1438 3874 vulva
1451 3822 1555 3876 caloris
1570 3823 1701 3879 uirtutem
1715 3837 1755 3879 noo

133 3917 174 3972 sio
185 3934 248 3988 quie
262 3917 336 3970 iaetu
350 3913 439 3969 estad
455 3910 609 3974 Abraham,
622 3910 694 3963 iactu
708 3914 750 3964 est
768 3908 803 3962 ad
815 3909 893 3962 lsaac
906 3912 936 3963 et
975 3904 1091 3972 babent,
1107 3923 1162 3978 qua
1177 3914 1334 3978 excoquant
1349 3910 1535 3980 sememquod
1547 3917 1575 3965 et
1591 3911 1619 3966 in
1636 3916 1756 3967 senedutt

131 4006 227 4068 Jacob,
235 4020 387 4074 omnesque
398 4001 445 4073 qui
458 4000 542 4055 simul
551 3998 710 4054 cohaeredes
721 4002 788 4052 sunt
802 3998 830 4051 in
841 4014 936 4068 repro-
975 3994 1068 4048 evenit
1082 4011 1145 4050 cum
1161 3995 1296 4051 deficiunt
1310 3996 1477 4066 muliebrin3
1493 3998 1553 4053 sire
1569 4002 1682 4072 quando
1696 3999 1756 4056 tuln

133 4093 313 4151 missionibus
329 4091 458 4147 hbrahae.
480 4089 598 4143 hbrahae
612 4103 735 4158 namque
749 4086 855 4141 dictum
870 4091 932 4142 est:
975 4083 1151 4138 concluditur
1163 4085 1249 4139 etiam
1269 4085 1297 4140 in
1322 4086 1481 4156 juventute,
1499 4093 1531 4141 ut
1557 4105 1614 4143 non
1633 4089 1756 4162 perreuitt

133 4187 168 4239 ln
187 4190 210 4238 te·
226 4183 419 4236 benedicentur
434 4193 526 4231 amires
545 4182 635 4243 pentes
656 4180 735 4229 terra
750 4176 825 4238 (Gen.
845 4179 931 4243 xxrrt;
974 4189 1070 4227 semen
1084 4173 1120 4227 ad
1139 4174 1201 4228 loca
1214 4175 1520 4246 conceptionis.(lontra
1537 4194 1600 4248 quae
1616 4179 1755 4235 deditum

133 4277 162 4324 et
177 4273 208 4324 ia
222 4271 299 4324 Isaac
313 4268 456 4321 uocabitur
472 4266 522 4318 tibi
533 4280 623 4316 cervien
635 4264 703 4333 (Gen
725 4266 789 4332 xxi).
803 4263 844 4317 lld
855 4263 934 4318 Isaac
974 4262 1123 4316 virtutem:
1140 4262 1192 4317 hoc
1206 4270 1259 4331 est,
1275 4269 1373 4319 contra
1388 4264 1579 4331 sterilitatem,
1594 4268 1754 4324 stabilitatem

133 4361 229 4413 autem
243 4356 348 4427 inquit:
361 4355 502 4420 complens
516 4353 584 4405 licus
590 4350 931 4420 jurarnentumquorlrpo-
943 4342 964 4400 D
974 4357 1003 4404 et
1013 4355 1198 4406 senectutem.
1212 4352 1255 4407 Ad
1270 4352 1361 4408 locum
1383 4353 1487 4407 etenim
1500 4356 1694 4428 eorrceptionis
1705 4353 1755 4410 ou

130 4446 218 4517 pondi
239 4443 348 4498 tbruba
364 4443 443 4510 putri
463 4444 519 4503 tuo,
535 4441 726 4508 rrrrtttiph'cobo
742 4457 831 4494 semen
852 4446 932 4495 terum
975 4439 1101 4510 pervenit
1116 4456 1212 4495 semen
1225 4459 1231 4495 :
1243 4446 1272 4495 et
1281 4449 1428 4513 postquam
1443 4444 1663 4513 pervenit,dedit
1680 4449 1755 4516 partit

132 4538 204 4591 sicut
232 4534 324 4588 stellas
350 4531 418 4594 culi,
431 4529 552 4595 (ludoque
575 4530 690 4596 posteris
718 4530 773 4580 tuis
788 4531 933 4583 rintcersus
966 4528 1144 4589 ,soliditatem
1165 4529 1288 4585 mulieri.
1305 4529 1478 4602 Factumque
1496 4538 1539 4586 est
1560 4541 1593 4587 ut
1606 4534 1671 4588 lidei
1684 4528 1755 4588 solidi

133 4626 254 4693 teutones
267 4622 316 4676 bos
331 4620 409 4687 (Gen.
425 4620 505 4677 xxvrt.
525 4617 566 4670 lld
593 4614 678 4669 Jacob
706 4631 817 4685 quoque
843 4615 931 4673 dixit:
974 4620 1032 4671 tate
1044 4616 1117 4670 uteri
1130 4615 1251 4671 insolida
1261 4617 1495 4685 confortarentur,
1507 4625 1537 4673 et
1551 4621 1648 4675 omnia
1661 4615 1754 4692 possibi-

132 4715 188 4783 Epo
200 4714 271 4768 neas
286 4712 468 4778 omnipotens.
484 4708 606 4762 Crescere
622 4709 645 4756 et
657 4706 846 4772 rrurltipliruri
864 4721 896 4758 ar
910 4711 934 4761 le
975 4704 1013 4758 lia
1027 4704 1128 4758 fierent
1142 4704 1278 4759 credenti.

131 4806 222 4868 pentes
235 4801 349 4868 sociam,
362 4797 482 4864 daboque
498 4795 548 4846 tibi
558 4798 660 4845 terrum
672 4807 757 4860 quern
771 4792 834 4845 dccli
847 4793 934 4846 Abru-
1008 4794 1123 4860 Propter
1136 4794 1208 4860 quod
1222 4796 1245 4845 et
1259 4793 1293 4846 ab
1307 4809 1363 4847 rino
1379 4797 1435 4847 orti
1447 4799 1514 4848 sant
1535 4800 1561 4850 ct
1581 4798 1631 4850 hoc
1643 4799 1750 4849 cirrortuo.

133 4891 197 4943 imm
209 4894 233 4943 et
245 4891 322 4944 lsooc
341 4886 414 4957 [dcii.
432 4887 525 4946 xxxv).
544 4882 613 4936 Ecce
628 4880 766 4953 quomodo
782 4896 879 4934 omnes
889 4896 933 4934 co·
975 4882 1273 4948 tunquamridercculi
1284 4883 1505 4937 iirrnnltr'ludinc
1517 4883 1751 4944 lurctisuntutricut

135 4976 259 5032 lueredes
280 4980 346 5030 sunt
360 4974 388 5028 iu
404 4968 668 5042 repromissionibus
680 4967 807 5023 llbrahae.
825 4969 932 5024 Notau-
972 4983 1059 5021 arena
1074 4985 1133 5036 qua
1146 4970 1229 5022 esraa
1239 4984 1317 5022 orum
1327 4972 1751 5042 ›iroaa,ianamer·ul›ihs.t>ropter

133 5065 199 5119 dum
217 5069 310 5117 autem
330 5062 396 5131 quia
409 5060 478 5114 fides
493 5058 611 5114 Abrahae
626 5057 787 5128 duplicatur
801 5073 851 5127 pro
870 5073 931 5111 ma·
973 5055 1140 5126 hoc‚inquit,
1150 5056 1215 5126 quia
1225 5062 1343 5128 uterque
1357 5074 1450 5111 reram
1468 5059 1554 5114 fidem
1564 5061 1670 5127 habuit,
1683 5059 1749 5115 libn-

133 5151 281 5224 gnitudine
303 5149 472 5204 adellinda
498 5157 526 5202 et
550 5152 634 5219 caput
652 5146 716 5200 sulci
732 5145 843 5200 dicitur.
858 5146 930 5200 Nam
972 5143 1038 5197 ham
1053 5144 1182 5199 videlieet
1205 5151 1235 5199 et
1249 5145 1329 5209 Sara,
1344 5143 1379 5199 ab
1399 5162 1456 5200 uno
1477 5164 1597 5220 corpore
1615 5148 1749 5204 abnuas

135 5238 271 5295 sicutlrde
286 5236 370 5290 exirit
383 5236 418 5288 de
433 5242 506 5288 terra
522 5252 571 5288 sua
597 5235 724 5288 nesciens
743 5250 798 5305 quo
814 5234 877 5296 iret,
892 5234 931 5289 sic
973 5231 1049 5286 Sarte
1065 5232 1120 5286 orti
1135 5240 1201 5286 sunt
1216 5232 1435 5287 innumerabiles
1450 5236 1611 5306 populillis
1622 5236 1703 5292 uerbis
1714 5247 1747 5284 re

135 5328 191 5383 fide
206 5324 310 5380 mansit
328 5329 358 5378 et
370 5324 532 5377 demoratus
546 5328 590 5375 est
608 5325 636 5375 iu
651 5327 727 5377 terra
741 5338 791 5377 sua
809 5323 888 5393 quasi
903 5322 933 5378 in
975 5318 1028 5374 luit
1049 5321 1206 5386 ostendere,
1222 5321 1357 5391 quianon
1372 5321 1462 5376 solum
1478 5321 1560 5379 Isaac
1576 5326 1673 5397 genuit
1690 5324 1746 5378 sm.

137 5417 238 5473 alienu.
257 5412 333 5466 l'idit
346 5411 435 5465 lilium
450 5407 489 5460 ibi
503 5414 535 5461 ut
554 5410 731 5478 peregrinum
747 5408 931 5476 habitantem,
974 5409 1168 5464 verumetiam
1185 5411 1279 5481 plures
1294 5426 1377 5480 quam
1396 5411 1492 5482 aliqua
1516 5413 1694 5469 fecundarum
1706 5423 1748 5464 aru·

140 5505 209 5562 uidit
231 5506 372 5576 nepotem,
393 5497 462 5552 vidit
472 5494 595 5568 seipsum
611 5497 639 5550 in
654 5497 746 5552 aliena
760 5505 836 5553 terra
857 5515 934 5571 pero·
975 5497 1185 5555 lierum.Unum
1198 5504 1293 5553 autern
1304 5514 1405 5571 corpus
1419 5500 1490 5555 dicit
1502 5501 1608 5559 habere
1621 5504 1681 5558 illos
1690 5502 1747 5560 dau,
