3818 6104
131 222 199 285 1061
462 295 466 305 Ι
603 217 794 276 EXPOSITIO
809 217 849 274 IN
862 214 1121 273 APOCALYPSIN.
1141 248 1173 259 -
1188 217 1258 277 LIB.
1269 218 1320 275 111.
1699 223 1770 289 1062

130 346 391 422 mysteriasrgurari
403 345 588 417 baptismatis,
600 361 654 416 quo
664 344 840 416 baptizamur
849 341 929 413 aquis
940 348 963 407 Α
974 341 1136 410 mittuntur,
1147 348 1222 398 recte
1235 345 1339 420 pedes;
1356 346 1422 417 quia
1436 363 1502 404 vero
1522 349 1558 405 ad
1579 366 1706 407 amorem
1720 354 1771 410 Dei

128 436 160 495 fn
174 435 311 491 memoria
326 432 462 508 passionis
477 430 540 487 Filii
563 433 623 496 Dei,
639 432 735 504 sicque
757 430 932 574 percipimus
973 429 1035 486 illos
1050 431 1151 501 quibus
1169 433 1320 503 pradicant
1334 437 1499 502 accendunt,
1515 438 1585 494 bene
1599 440 1688 511 ignis3
1704 444 1771 515 quia

129 520 744 598 gratiamSpiritussancti,dequoDominus
777 520 932 586 mihiquem
973 536 1058 601 super
1082 520 1229 575 aedificium
1256 523 1383 577 Ecclesiae
1407 533 1617 595 construuntur,
1642 537 1708 602 apte
1726 550 1771 588 eo·

130 617 309 669 contraitum
319 607 933 683 interremtatem)‚lucapiteitaqueangeli
974 608 1077 663 lumnac
1093 614 1236 664 vocantur.
1247 610 1319 676 Quia
1328 613 1402 668 enim
1416 614 1552 671 columne
1566 623 1641 685 sunt,
1651 624 1773 677 testatur

132 701 184 757 iris
195 700 265 768 erat,
278 700 345 772 quia
354 700 382 754 in
392 705 530 771 potestate
538 697 614 752 verbi
631 688 793 768 propitiatio
804 684 868 750 Titii
884 687 934 749 Dei
975 697 1080 751 Paulus
1105 714 1167 751 cum
1192 698 1281 753 dicit:
1298 700 1394 754 Petrus
1417 707 1440 757 cl
1459 706 1573 759 lacobus
1599 713 1622 762 ol
1641 710 1772 781 loannes,

133 790 292 845 constabat.
318 789 350 843 m
374 791 457 857 [acics
480 791 537 856 ejus
561 790 630 839 sicul
655 786 702 839 sol.
719 784 791 850 Quia
812 785 840 838 in
867 783 935 838 facie
976 788 1025 852 qai
1034 785 1341 843 eidelmrrtarcuimrma
1353 807 1415 859 erar,
1428 793 1538 847 electros
1553 796 1625 849 anilii
1638 799 1773 854 dederuut

134 875 260 951 cognitio
281 883 324 932 est
340 875 471 943 hominis,
488 874 648 946 perfaeiem
672 874 765 944 angeli
781 871 935 926 incarnatio
977 879 1001 953 et
1018 875 1290 944 llornabridal.11).
1309 876 1379 931 Iliae
1392 884 1419 932 et
1442 896 1492 950 per
1507 882 1684 940 psalmistam
1704 888 1774 943 dici·

135 964 200 1022 Filii
215 966 265 1021 Dei
282 962 457 1035 intelligitur,
476 964 542 1034 quia
555 962 608 1016 nisi
621 963 668 1016 ille
682 979 794 1015 caruem
810 977 936 1014 assume·
977 965 1024 1014 tur
1042 978 1048 1012 z
1065 963 1119 1029 Epo
1134 965 1297 1029 rorrfirmata'
1311 968 1454 1020 rolarnnos
1465 973 1523 1037 ejus
1536 973 1618 1036 (Psal.
1636 978 1736 1043 uvxvv).

135 1060 192 1122 ret,
208 1054 444 1109 nemohominum
459 1037 536 1106 illum
552 1056 741 1123 cognosceret.
756 1051 835 1104 Hanc
846 1049 937 1103 mani·
1014 1051 1046 1103 m
1055 1051 1166 1104 ilabebat
1178 1054 1207 1105 lu
1217 1069 1305 1127 raone
1315 1071 1366 1108 sua
1378 1057 1482 1112 librum
1493 1066 1630 1127 opertam.
1640 1062 1774 1134 Superius

134 1142 239 1199 ‘festam
254 1144 283 1199 in
298 1142 369 1196 facie
381 1141 571 1212 coguitionem
587 1126 736 1194 ¹psalmista
749 1130 863 1211 optabat
878 1137 939 1191 sieri
979 1136 1098 1206 legimus
1107 1139 1179 1217 quod
1188 1136 1772 1224 videritlibrumsiguatumsigillisseptem,

134 1230 204 1288 bum
223 1230 356 1286 dicebat:
376 1214 488 1286 Ostende
502 1230 602 1297 sociem
619 1233 695 1281 tuam
709 1234 733 1281 cl
747 1230 818 1281 rolri
832 1229 937 1280 crivotis
978 1242 1121 1296 perquem
1137 1227 1224 1281 Vetus
1237 1227 1449 1286 Testamentum
1471 1234 1644 1306 designatur,
1661 1241 1773 1311 plenum

140 1303 223 1395 (isal.
241 1317 344 1388 utrix).
361 1315 424 1374 Non
437 1322 531 1391 autem
547 1323 578 1371 ut
593 1318 634 1370 sol
650 1316 702 1370 iste
719 1314 831 1369 visibilis
854 1315 938 1368 iacies
979 1314 1146 1369 multimoda
1155 1314 1392 1372 obscuritatcflic
1402 1327 1497 1376 autem
1506 1340 1555 1393 per
1563 1327 1777 1402 libellumaper-

139 1406 247 1465 christi
261 1409 359 1479 fulget,
377 1406 425 1461 scd
441 1406 529 1460 multo
544 1404 673 1476 amplius,
682 1403 747 1475 quia
759 1408 786 1459 et
799 1403 834 1457 de
844 1403 939 1458 electis
979 1409 1040 1457 tum
1055 1404 1114 1474 jam
1138 1404 1247 1458 Novum
1269 1406 1479 1463 Testamentum
1502 1413 1686 1483 significatur,
1702 1421 1777 1489 quod

140 1494 248 1552 dictum
264 1502 307 1550 est
323 1514 328 1548 :
344 1496 496 1563 Frrlpebunl
505 1497 580 1564 justi
589 1496 659 1546 sicul
673 1494 748 1546 sollu
759 1493 940 1560 repnol’atris
981 1495 1109 1562 apertum
1125 1494 1168 1544 est
1183 1492 1211 1546 in
1226 1510 1313 1549 runnu
1332 1496 1393 1562 Dei,
1409 1497 1437 1551 id
1457 1504 1498 1553 est
1514 1504 1676 1572 operatione
1690 1507 1778 1578 ipsius

140 1585 186 1641 sui
202 1576 310 1655 (rualli.
328 1588 400 1652 mu).
410 1579 444 1636 m
454 1577 565 1654 quidem
582 1579 753 1635 evuutclecti
766 1579 871 1634 similes
894 1597 942 1634 an-
983 1585 1148 1661 reseratum.
1166 1582 1266 1637 Manus
1277 1582 1351 1637 euim
1367 1585 1415 1639 illa
1429 1589 1555 1657 operatio
1565 1597 1609 1646 est
1622 1602 1724 1651 nostra
1736 1613 1780 1652 sa·

160 1671 223 1739 elis,
240 1689 297 1726 uon
315 1676 411 1727 tanreu
435 1671 475 1725 ita
496 1669 611 1735 similes,
627 1669 701 1742 quod
724 1657 847 1741 aequales
869 1658 1060 1723 Filioiilutis
1076 1669 1111 1722 Et
1125 1669 1191 1741 quia
1205 1670 1234 1724 in
1249 1672 1385 1743 superiori
1401 1673 1471 1729 libro
1490 1686 1645 1736 noscuntur
1664 1684 1778 1741 latuisse
1852 1732 1858 1738 .

139 1691 205 1818 itai.
215 1760 288 1816 Nam
303 1765 331 1814 et
345 1759 373 1814 in
384 1765 478 1813 monte
489 1768 582 1812 eoram
595 1757 685 1811 tribus
696 1756 838 1828 discipulis
847 1762 942 1811 trans·
983 1762 1100 1818 secreta,
1110 1762 1174 1828 apte
1185 1775 1259 1814 nuuc
1272 1759 1300 1814 in
1310 1760 1403 1816 libello
1418 1771 1514 1834 aperto
1526 1767 1595 1822 Novi
1605 1770 1778 1831 Testamenti

143 1836 294 1925 figuratus,
312 1847 407 1903 futura
421 1845 548 1901 membra
569 1864 620 1900 sua
631 1848 690 1917 jam
703 1845 731 1900 in
743 1845 833 1916 seipso
848 1851 942 1900 osteu-
984 1847 1105 1920 revelata
1120 1847 1254 1902 claruisse
1268 1848 1444 1918 significatur
1456 1854 1556 1923 gratia,
1569 1856 1628 1928 ipse
1639 1860 1713 1915 enim
1727 1873 1779 1933 ap·

143 1936 196 1994 dit.
213 1938 266 1993 Sed
283 1955 338 1992 non
352 1938 413 1991 sine
428 1953 513 1998 causa
533 1935 662 1990 Christus
677 1935 729 1988 soli
753 1941 941 2006 eomparatur.
984 1950 1086 2005 parens
1100 1934 1129 1987 iu
1139 1952 1232 1999 carue,
1245 1953 1306 2006 quae
1320 1938 1487 2009 intelligitur
1502 1961 1552 2013 per
1565 1946 1662 2001 taciem
1673 1953 1777 2020 angeli,

144 2027 196 2083 Sol
206 2025 308 2101 quippe
320 2024 405 2079 habet
414 2029 507 2079 ortum
523 2030 550 2077 et
563 2039 700 2078 occasum.
712 2005 791 2077 ilude
801 2022 941 2076 Salomon:
984 2038 1018 2076 ea
1030 2037 1092 2090 quae
1106 2023 1231 2079 latebant
1245 2028 1394 2093 nascendo,
1407 2031 1561 2099 moriendo,
1574 2051 1591 2089 a
1606 2039 1724 2093 mortuis
1738 2057 1781 2094 re·

146 2114 248 2172 oritur
262 2117 300 2168 sol
315 2119 338 2167 cl
352 2115 457 2175 occidit,
475 2118 498 2165 et
513 2114 550 2165 orl
565 2117 654 2165 loram
677 2127 760 2166 saura
783 2113 940 2170 reuertitur,
984 2111 1133 2182 surgendo
1143 2118 1172 2172 et
1184 2112 1218 2167 ad
1230 2114 1312 2168 coeios
1324 2116 1500 2173 ascendendo
1510 2123 1630 2192 aparuit.
1646 2126 1679 2180 m
1688 2133 1781 2195 posuit

144 2204 241 2272 ibique
252 2216 395 2257 renascens
406 2199 489 2272 pyral
500 2217 551 2270 per
566 2192 719 2267 steririlem,
735 2205 758 2253 cl
773 2201 894 2271 stertitur
907 2200 945 2252 ad
982 2200 1078 2268 pedem
1089 2215 1171 2254 suurn
1186 2202 1313 2274 malrum
1327 2219 1409 2271 super
1427 2223 1514 2272 artare,
1525 2213 1673 2268 sim'slrum
1689 2221 1782 2272 eatam

145 2294 306 2363 aquilonem
322 2288 419 2357 (Erote.
441 2294 469 2357 1).
495 2284 541 2343 Sol
568 2289 642 2342 enim
664 2293 742 2342 ortus
764 2293 816 2354 est,
832 2285 944 2358 quando
984 2302 1068 2355 super
1081 2292 1196 2341 terram.
1207 2288 1261 2342 Per
1275 2289 1404 2346 dextrum
1418 2294 1576 2363 pedemilla
1590 2300 1785 2370 significantur

141 2374 279 2437 'Christus
293 2377 377 2434 uatus
391 2382 443 2432 est.
461 2377 544 2431 i'enit
561 2378 596 2430 ad
612 2393 752 2444 occasum,
769 2375 880 2448 quando
895 2391 945 2445 pro
986 2375 1123 2437 membra,
1140 2392 1201 2447 quae
1215 2377 1300 2432 nullis
1314 2380 1529 2439 adversitatibus
1543 2386 1721 2459 franguntur,
1731 2405 1783 2449 uec

145 2466 230 2525 nobis
241 2472 369 2522 mortuus
379 2472 431 2534 est,
441 2465 535 2537 sicque
547 2464 674 2519 rediitad
689 2470 793 2530 ortum,
807 2464 873 2534 quia
886 2464 946 2532 ejus
987 2465 1052 2519 ullis
1062 2464 1237 2520 successibus
1247 2468 1430 2536 extolluntur,
1441 2471 1470 2525 id
1485 2479 1528 2529 est
1538 2479 1667 2545 apostoli,
1679 2488 1785 2552 marty·

146 2542 312 2612 humanitas
329 2573 361 2609 ex
374 2555 502 2627 passione
514 2554 620 2619 mortis,
634 2553 668 2606 ad
684 2553 803 2626 gloriam
819 2568 946 2605 resurre-
988 2568 1033 2606 ves
1048 2557 1077 2607 et
1091 2553 1194 2618 caten,
1205 2555 1252 2625 qui
1262 2560 1429 2624 potestatem
1441 2559 1545 2615 habent
1558 2564 1683 2620 calcandi
1699 2580 1785 2640 super

146 2644 250 2701 ationis
263 2643 379 2699 rediisse
390 2642 631 2717 probatur,ibique
642 2658 790 2705 renascens
802 2647 884 2712 gyrat
899 2656 948 2710 per
989 2657 1101 2695 omnam
1112 2641 1245 2695 virtutem
1257 2643 1372 2698 inimici.
1383 2645 1463 2700 Tales
1473 2664 1559 2719 super
1568 2668 1654 2716 mara,
1663 2654 1715 2711 hoc
1730 2663 1782 2720 est,

148 2717 308 2798 meridiem,
319 2730 385 2805 quia
399 2748 550 2802 resurgens
565 2748 582 2783 a
597 2730 725 2791 mortuis,
737 2731 829 2783 calore
845 2729 909 2783 fidei
921 2733 949 2783 et
989 2746 1073 2802 super
1082 2730 1157 2783 hunc
1166 2731 1302 2785 muudum
1314 2734 1532 2800 constituuntur,
1542 2740 1608 2809 quia
1619 2758 1715 2799 omnes
1723 2756 1784 2803 ma·

149 2816 275 2896 'Spiritus
291 2804 380 2876 sancti
397 2821 482 2875 corda
497 2819 699 2901 discipulorum
714 2816 948 2874 illustr-aritium
990 2818 1081 2897 lorum
1097 2819 1305 2888 persecutiones
1315 2822 1469 2892 perierunt,
1480 2831 1508 2880 el
1518 2843 1574 2883 ιιοιι
1586 2832 1784 2891 succumbunt.

150 2912 228 2968 enim
245 2908 285 2964 illi
301 2910 432 2964 meridies
453 2914 597 2975 vocantur,
619 2907 648 2962 iu
663 2907 763 2981 quibus
776 2908 817 2961 sol
833 2906 950 2977 justitiae
991 2907 1045 2961 Per
1055 2906 1200 2961 sinistrum
1211 2915 1304 2963 autem
1316 2911 1415 2979 pedem
1425 2914 1473 2982 qui
1483 2929 1569 2985 supra
1583 2923 1689 2976 terram
1703 2922 1786 2991 pooi-

150 2998 318 3070 ampiiorem
326 2996 446 3068 Spiritus
460 2994 583 3050 infundit
593 2995 725 3050 calorem.
737 2982 791 3048 Per
805 2994 950 3048 meridiem
960 2966 982 3027 C
991 3001 1046 3060 tur,
1063 2995 1261 3067 intelliguntur
1275 2998 1457 3070 confessores,
1467 3002 1542 3059 sicut
1550 3005 1705 3079 Remigius,
1719 3010 1801 3074 Ger,

151 3088 265 3163 quoque
279 3103 384 3158 gyrans
398 3085 433 3138 ad
444 3084 602 3155 aquilonem
614 3084 745 3149 flectitur,
756 3083 864 3154 quiaad
875 3080 950 3137 colli·
991 3100 1101 3147 manus,
1122 3083 1262 3139 Martinus
1275 3092 1304 3140 et
1317 3088 1418 3154 ceteri,
1436 3090 1483 3160 qui
1497 3094 1573 3162 pacis
1598 3100 1723 3167 tempore
1750 3098 1788 3155 vi-

151 3166 275 3249 gentium
307 3173 505 3246 gentilitatem,
535 3173 725 3244 apostolurum
754 3171 950 3242 praedicatione
991 3178 1103 3238 xerunt,
1114 3187 1166 3227 nec
1184 3173 1327 3244 publicum
1342 3177 1520 3246 pertulerunt
1533 3186 1712 3252 martyrium,
1722 3187 1790 3258 quia

151 3263 328 3339 perducitur,
339 3260 367 3316 in
379 3278 433 3334 qua
449 3261 568 3332 frigidus
577 3267 675 3314 ventus
686 3260 726 3313 iili
741 3259 950 3325 dominabatur,
993 3277 1078 3336 super
1091 3265 1206 3327 terram,
1218 3262 1270 3316 hoc
1289 3269 1341 3328 est,
1351 3266 1522 3323 soliditatem
1536 3271 1601 3328 tidei
1615 3279 1682 3329 aliut
1695 3275 1789 3333 locati.

152 3353 203 3428 qui
217 3352 246 3408 in
259 3348 419 3425 superbiam
436 3351 535 3416 elatus,
551 3350 659 3421 primus
678 3349 779 3403 dixisse
795 3348 950 3427 probatur:
994 3348 1070 3404 Deus
1085 3348 1159 3403 enim
1174 3349 1378 3408 vicissitudines
1387 3358 1546 3426 temporum
1556 3358 1732 3431 disposuitia
1743 3364 1791 3420 Ea·

152 3441 262 3496 Ponam
276 3430 371 3494 sedem
383 3438 520 3493 maamad
533 3436 702 3509 aquilonem.
713 3436 850 3508 Quodque
861 3436 955 3491 subdi·
995 3437 1090 3502 alesia¹
1106 3436 1234 3492 membra
1252 3438 1368 3496 fortiora
1387 3443 1494 3499 seilicet
1511 3462 1597 3517 super
1615 3450 1717 3507 auctus
1729 3464 1792 3509 ma·

155 3534 214 3598 tur,
225 3529 361 3585 Lustrans
372 3527 466 3582 omnia
474 3526 704 3599 pergitSpiritus,
713 3526 748 3579 ad
759 3526 811 3579 hoe
821 3526 953 3597 pertinet,
996 3526 1045 3582 ris.
1061 3526 1219 3582 Infirmiova
1238 3544 1302 3582 vero
1323 3546 1408 3600 super
1428 3532 1598 3590 soliditatem
1621 3543 1703 3595 terra
1724 3557 1791 3596 con-

154 3613 957 3692 quodlotusmunduspredicaaoneplcnuscsseostendi·
997 3614 1127 3668 stituens.
1144 3613 1189 3668 Sic
1206 3619 1235 3667 et
1259 3615 1345 3686 hujus
1368 3619 1461 3672 saeculi
1484 3618 1633 3691 principes,
1662 3625 1710 3681 ubi
1737 3627 1793 3681 ior·

155 3688 293 3772 'turmulis
304 3709 354 3758 est:
365 3698 541 3757 l'oclom'lrat
550 3707 592 3755 lui
603 3705 957 3769 inrotatilamrmltcoru-
996 3701 1052 3756 tior
1069 3707 1113 3757 est
1135 3702 1258 3773 impetus
1281 3702 1355 3768 belli,
1375 3706 1542 3762 fortissimos
1566 3711 1671 3768 milites
1687 3730 1793 3786 praepa·

156 3792 293 3853 acatiot'lcs
310 3798 362 3846 tae
376 3793 437 3845 orbi
452 3791 531 3845 terra
544 3792 626 3859 (Prot.
640 3792 739 3859 lxxvti.
753 3789 787 3844 Et
796 3789 831 3843 ad
839 3790 957 3845 circulos
998 3795 1072 3844 rant.

159 3880 228 3938 suos
243 3881 401 3944 revertitur,
417 3879 484 3952 quia
501 3884 565 3954 post
580 3877 808 3961 aggregationem
830 3877 958 3950 gentium
1034 3879 1067 3934 m
1081 3880 1212 3933 eleuterii
1227 3895 1287 3935 cora
1301 3897 1405 3950 atraque
1422 3886 1654 3952 quolrtadmodum
1670 3907 1734 3948 cura
1755 3894 1794 3948 leo

158 3964 368 4026 illuminabitur
382 3967 469 4022 etiam
484 3967 634 4021 multitudo
655 3966 826 4035 ludaeorum,
844 3972 873 4020 et
894 3983 957 4020 cum
1000 3970 1086 4035 Wdt'i·
1102 3967 1157 4022 1⁴⁰⁰
1171 3982 1233 4022 ⁰⁰¹⁰
1247 3969 1332 4040 rugit,
1344 3987 1440 4026 ⁰¹¹¹¹¹⁰⁸
1456 3972 1550 4029 beslii&
1562 3977 1674 4033 liment·
1689 3981 1724 4036 El
1735 3980 1795 4051 ipse

158 4044 307 4131 plenitudo
326 4054 452 4127 gentium
474 4051 631 4117 intraverit,
657 4061 725 4108 tunc
753 4053 844 4109 ornnis
872 4055 959 4110 Israel
999 4055 1031 4134 in
1050 4071 1102 4110 sua
1124 4054 1288 4113 fortitudine
1310 4060 1476 4114 ostenditur·
1501 4064 1638 4121 Clamavit
1656 4068 1794 4135 coactus,

160 4148 257 4203 salvus
271 4145 333 4200 erit.
350 4143 471 4200 Possunt
482 4151 510 4198 el
535 4160 585 4217 per
606 4143 705 4198 taciem
721 4144 813 4213 angeli
835 4143 962 4199 membra
1001 4145 1044 4199 leo
1056 4142 1213 4218 appellatus
1223 4147 1547 4218 proptertortitudinem,
1558 4152 1614 4209 sive
1622 4168 1672 4225 per
1682 4173 1722 4222 se.
1738 4158 1796 4213 sivo

160 4219 359 4310 Redemptorjs
374 4232 501 4304 intelligi,
516 4249 572 4288 non
584 4232 679 4306 qualia
691 4248 766 4287 nunc
780 4239 846 4287 suut
859 4233 888 4288 in
907 4233 973 4315 te'r·¹
1002 4249 1053 4305 per
1066 4249 1132 4288 suos
1146 4233 1423 4307 praedicatoreacum
1436 4237 1525 4292 dixit:
1542 4241 1729 4301 Omm'sarbor
1739 4262 1798 4316 quo

162 4325 213 4390 ris,
222 4323 271 4379 s'ed
282 4316 376 4396 qualia
388 4317 482 4376 lutura
492 4327 559 4376 sunt
573 4320 602 4375 in
614 4318 699 4376 coelis.
713 4320 792 4378 Unde
802 4328 845 4377 est
861 4342 867 4375 :
883 4320 1059 4378 TuncDaon
1070 4323 1137 4388 facit
1150 4323 1277 4393 [ructum
1295 4325 1396 4379 bonam
1405 4328 1576 4383 raeidelaret
1588 4333 1619 4386 m
1630 4335 1722 4400 ranem
1736 4340 1799 4392 tuit·

161 4412 234 4486 justi
245 4400 472 4482 lulgebuntsieul
482 4408 532 4463 sol.
549 4407 621 4473 Quia
635 4408 711 4462 enim
723 4408 860 4464 Dominus
873 4417 902 4465 et
915 4391 963 4465 'Ec-
1005 4416 1079 4466 telar
1091 4411 1201 4480 (Mollia
1213 4416 1261 4480 tul.
1271 4412 1306 4466 Et
1320 4413 1422 4470 iterum
1441 4433 1447 4468 :
1463 4419 1655 4474 Punitenliom
1664 4427 1801 4494 epilemp-

165 4488 253 4557 clesia
265 4515 322 4554 una
332 4513 452 4572 persona
464 4503 516 4563 est,
532 4514 589 4552 non
611 4497 840 4553 inconvenienter
853 4499 913 4572 ipsa
935 4498 965 4555 ia
1002 4501 1202 4572 propinquavit
1215 4502 1290 4555 caira
1303 4517 1421 4572 repleam
1435 4509 1564 4561 calorem
1577 4511 1687 4575 (uelit.
1704 4516 1751 4579 lvi.
1766 4514 1801 4569 st

165 4588 239 4646 facie
253 4587 346 4662 angeli
362 4591 393 4641 ut
407 4584 448 4642 sol
469 4585 563 4640 lucere
578 4582 750 4659 perhibetur.
765 4586 799 4642 Et
810 4589 889 4656 pedes
908 4592 966 4657 rjus
1007 4587 1059 4642 hae
1069 4603 1121 4642 sua
1131 4603 1196 4642 voca
1209 4589 1402 4647 lorutudinern
1413 4608 1493 4648 suam
1505 4595 1716 4663 demonstravit,
1732 4582 1801 4655 dum

168 4679 306 4749 postquam
321 4678 453 4731 columna
467 4678 550 4744 r'prtis.
562 4672 615 4729 l'er
628 4675 713 4749 pedes
728 4675 818 4749 augeli
836 4677 967 4749 praedica·
1007 4665 1761 4759 multossibisubiecitbestiasquoque,idestbestiales
1773 4692 1804 4742 et

166 4767 246 4824 tores
261 4756 467 4834 intelliguntur,
482 4763 511 4817 in
534 4762 634 4833 quibus
652 4779 702 4834 per
722 4769 814 4818 totum
829 4760 967 4820 muudum
1007 4763 1250 4819 ieroceshomiues
1260 4764 1361 4820 timore
1375 4769 1526 4823 concussit.
1539 4768 1619 4835 Quod
1631 4777 1726 4828 autem
1739 4773 1805 4828 feeit

168 4859 318 4913 incarnata
333 4853 383 4907 Dei
398 4852 535 4924 sapientia
550 4851 712 4905 ambulavit.
726 4848 766 4907 De
782 4850 883 4925 quibus
897 4852 967 4908 ‹lici-
1009 4851 1282 4925 Christus‚lecerunt
1292 4858 1320 4908 et
1333 4854 1532 4925 ejusaposloli‚
1545 4863 1650 4914 aterna
1662 4864 1806 4923 tormenta

168 4946 235 5002 tur:
252 4940 299 4999 Illi
312 4948 406 4998 autem
423 4937 539 5012 protecti
563 4939 784 5013 predicaverunt
798 4940 910 5014 ubique.
928 4943 968 4996 De
1009 4940 1186 5018 praedicando
1198 4941 1399 5015 peecatoribus,
1418 4951 1444 4999 et
1457 4945 1564 5001 feroces
1583 4948 1711 5006 homines
1724 4951 1761 5006 ad
1775 4954 1806 5011 li·

171 5031 275 5110 quibus
290 5030 319 5087 et
330 5029 432 5085 dicitur
444 5049 449 5084 :
463 5026 551 5098 Quam
563 5033 676 5100 speciosi
686 5031 765 5099 pedes
775 5034 969 5099 crrcnprlr'roa·
1011 5028 1563 5089 demifflllssussd⁰⁰l¹¹l¹¹²1⁰⁰¹¹l⁰sl⁰¹²d⁰·
1575 5037 1679 5094 [imm
1692 5042 1809 5098 mmm·

172 5126 248 5179 pium
260 5136 356 5194 pacem
372 5111 456 5187 (llum
472 5118 512 5190 x).
529 5112 582 5182 Qui
597 5115 668 5171 bene
687 5108 772 5172 etiam
792 5107 927 5173 columna
942 5124 972 5173 et
1012 5122 1059 5180 sel,
1076 5119 1165 5169 locato
1180 5122 1245 5172 sutri
1262 5123 1358 5186 septem
1374 5123 1582 5179 tonitraaeorev
1594 5128 1809 5202 suaaQuidper

170 5211 234 5286 pgnj
244 5212 453 5282 comparantur,
466 5207 532 5279 quia
543 5212 571 5261 et
580 5223 656 5283 more
664 5205 859 5262 columnarum
872 5224 971 5281 super·
1013 5209 1120 5275 septem
1138 5208 1273 5271 tonitrua,
1289 5206 1343 5260 nisi
1366 5208 1531 5266 universalis
1555 5212 1679 5270 Ecclesia
1697 5216 1726 5273 iu
1748 5218 1808 5273 suis

172 5298 340 5372 impositum
355 5294 482 5352 Ecclesiae
505 5293 653 5350 aedificium
679 5301 802 5366 portant,
819 5301 847 5349 et
868 5294 973 5368 Spiritu
1015 5291 1808 5378 prabdicationibusintelligiturseptilormiSpiritureple·

173 5382 276 5446 sancio
291 5384 409 5452 accensi,
426 5386 510 5440 corda
526 5385 687 5438 auditorum
713 5385 748 5438 ad
772 5401 898 5439 amorem
923 5382 974 5439 Dei
1016 5370 1061 5435 'tal
1072 5381 1149 5435 Unde
1157 5381 1538 5459 etbeneclaruavitleoprius,
1549 5406 1580 5444 ac
1593 5399 1691 5464 postea
1701 5401 1809 5465 septem

172 5472 357 5553 praedicando
367 5462 975 5544 intlamman.tQuiaergoadpredieationem
1015 5467 1323 5544 tonitruasuullocula,
1333 5475 1400 5550 quia
1413 5476 1542 5538 videlieet
1555 5481 1634 5554 prius
1648 5481 1810 5559 predicavit
