3818 6104
135 233 202 292 1063
337 230 527 288 HAYMONIS
547 229 792 288 nausearum.
814 228 928 284 uulsa.
951 229 1029 285 091³.
1050 230 1152 286 PARS.
1173 231 1196 286 Ι.
1217 259 1247 272 -
1265 230 1450 288 ΟΟΜΜΕΝΤ.
1471 233 1566 290 BIBL.
1699 233 1758 293 lbbl

73 374 77 379 ’
131 355 268 419 Cluistus,
285 352 385 408 deinde
395 351 520 424 Apostoli
531 356 561 405 et
572 352 664 406 caeteri
680 351 807 406 doctores
817 352 852 406 ad
863 353 950 422 ejusA
958 370 1008 422 per
1019 357 1115 409 cotum
1128 369 1214 422 neque
1230 370 1281 423 per
1295 360 1410 420 terram,
1426 358 1472 411 sed
1495 361 1532 412 sit
1557 373 1648 412 sermo
1668 364 1756 424 aster,

130 461 225 499 vocem
238 443 363 515 protecti,
374 440 592 512 praedicaverunt
609 441 721 511 ubique.
739 441 813 508 Bene
828 445 923 495 autem
964 448 1002 497 cst
1016 452 1061 508 cst,
1080 460 1136 497 non
1149 460 1227 496 non:
1243 445 1403 512 quodecim
1417 448 1542 514 amptius
1557 452 1634 513 est,a
1645 450 1716 500 mulo
1727 453 1761 501 est

129 539 236 604 septem
251 531 375 585 tonitrua
389 546 468 582 voces
483 545 548 583 suas
561 529 637 599 loqui
653 528 845 599 perhibentur,
858 528 925 600 quia
964 532 1073 604 (llottlc.
1089 536 1127 598 v).
1147 530 1220 595 Quid
1233 537 1277 585 est
1290 531 1364 602 quod
1387 532 1449 604 ipse
1471 550 1588 588 manum
1608 534 1647 588 ad
1665 536 1757 589 coelum

130 628 226 678 sancta
238 619 396 691 pradicatio
410 634 464 671 non
479 617 638 671 indecorum
654 617 773 682 tabulas
789 635 845 672 non
858 617 922 688 phi·
966 619 1070 686 leuans,
1084 621 1162 690 jurat
1180 637 1230 691 per
1248 621 1386 675 viventem
1407 622 1435 675 in
1455 623 1562 676 saecula
1577 622 1762 676 saeculorump

130 712 309 782 loscphorum
324 708 438 770 nenias,
460 722 515 759 non
534 706 727 760 haereticorum
744 707 882 760 versutias
898 705 926 759 iu
968 709 1022 762 Sed
1038 709 1182 763 sciendum
1199 710 1265 780 quia
1277 709 1404 764 homines
1420 716 1496 765 recte
1508 713 1610 781 jurare
1624 710 1764 782 prohiben.

130 800 189 854 suis
198 795 375 868 dogmatibus
390 795 503 864 recepit,
513 794 561 848 sed
573 794 693 865 propriis
705 794 832 848 sensibus
844 800 876 848 ut
884 798 928 848 cst
968 803 1024 861 tur,
1037 796 1102 866 quia
1114 814 1186 867 saepc
1198 798 1225 850 in
1234 798 1395 866 juramento
1406 798 1563 852 falluntur:
1574 798 1764 853 nonenim

130 889 214 950 edita,
227 885 405 955 semetipsam
418 884 477 952 jam
497 883 526 936 in
547 883 709 937 auditorum
734 882 863 936 cordibus
878 898 929 953 per
968 886 1257 955 minesajursmcnto
1270 886 1343 939 Deus
1354 885 1536 952 cohibuisset,
1545 888 1569 940 si
1584 886 1616 940 in
1632 902 1766 957 eopeoea.

129 980 239 1030 sanctos
255 971 451 1044 praedicatores
465 970 586 1023 ditludit.
603 971 725 1025 Possunt
736 976 830 1025 etitem
847 977 876 1025 ct
899 971 928 1024 in
968 978 1029 1026 tum
1043 974 1141 1027 deesse
1155 974 1341 1044 cognovisset.
1362 974 1436 1029 Deus
1450 975 1548 1046 itaque
1560 976 1662 1044 jurare
1673 981 1766 1046 potest,

129 1069 236 1135 septem
250 1060 382 1117 tonitruis
394 1058 680 1129 specialitcrapostcli
693 1061 783 1115 sancti
797 1059 925 1130 intelligi,
969 1061 1017 1131 qui
1041 1078 1097 1116 uon
1120 1061 1256 1115 mentitur
1275 1060 1437 1130 aliquando.
1455 1063 1661 1117 iuramentum
1679 1068 1765 1117 autem

129 1153 219 1224 quiin
239 1155 301 1204 rota
315 1150 400 1220 hujus
413 1147 507 1201 sceculi
521 1152 630 1211 tonant,
648 1147 714 1218 quia
735 1148 793 1201 alta
815 1152 843 1201 et
867 1164 930 1218 pro-
970 1150 1031 1218 ejus
1046 1154 1089 1202 est
1102 1151 1193 1203 omnis
1203 1166 1295 1203 sermo
1307 1151 1391 1216 iltius,
1407 1150 1473 1222 quia
1485 1151 1629 1222 quidquid
1639 1152 1766 1221 loquitur,

128 1241 216 1297 funda
229 1245 258 1295 et
271 1239 389 1293 obscura
415 1243 443 1290 et
461 1234 601 1289 terribilia
618 1236 784 1306 loquuntur.
805 1237 885 1291 Unde
901 1241 930 1291 et
970 1236 1074 1308 absque
1095 1238 1154 1291 ulla
1176 1238 1360 1308 ambiguitate
1384 1239 1556 1310 completur.
1574 1241 1633 1293 Per
1658 1256 1765 1294 manum

130 1347 227 1386 eorum
243 1342 378 1382 numerus
404 1341 436 1378 ex
455 1323 583 1394 partibus
602 1325 753 1395 septenarii
771 1325 926 1387 conflatur,
970 1329 1063 1378 autem
1076 1325 1179 1395 angeli,
1192 1331 1318 1397 utsupra
1328 1326 1765 1397 diximus‚intelligituroperatio

129 1420 223 1480 idest,
245 1433 277 1470 cx
291 1414 352 1486 pari
366 1411 547 1483 quaternario
560 1416 589 1465 et
602 1411 703 1483 impari
718 1413 855 1466 ternario.
866 1414 929 1467 Sive
969 1414 1030 1468 Filii
1038 1414 1098 1481 Dei,
1110 1415 1315 1485 etdispcnsatio
1324 1416 1453 1469 huraanae
1465 1415 1681 1486 redemptionis.
1691 1417 1766 1470 Leva-

131 1508 207 1562 enim
222 1505 279 1559 tria
292 1519 342 1574 per
359 1506 489 1572 quatuor,
502 1499 559 1554 sire
569 1506 690 1570 quatuor
700 1501 811 1571 pertria
826 1502 930 1555 ducam·
970 1503 1010 1555 rit
1023 1502 1118 1573 itaque
1131 1504 1372 1573 angelusmanum
1387 1503 1415 1556 in
1430 1504 1670 1574 ccelum‚quando
1685 1504 1764 1558 Filius

130 1602 187 1661 tur,
208 1594 244 1648 ad
268 1589 472 1646 duodenarium
498 1604 647 1642 numerum
671 1589 842 1659 pervenitur,
864 1590 930 1660 quia
969 1590 1020 1644 Dei
1031 1607 1142 1645 carnem
1155 1608 1238 1662 quam
1250 1609 1301 1662 pro
1315 1591 1394 1646 nobis
1408 1592 1619 1663 assumpsit,ad
1630 1592 1765 1647 dexteram

130 1683 259 1738 videlicet
272 1696 322 1751 per
336 1677 411 1749 ipsos
425 1675 569 1731 duodecim
586 1675 727 1746 apostolos
742 1677 811 1730 tides
826 1684 929 1731 sunctae
938 1665 961 1725 Β
971 1678 1061 1733 Patris
1071 1679 1196 1733 elevavit.
1206 1680 1277 1734 Hinc
1286 1681 1420 1751 scriptum
1433 1686 1476 1734 est
1486 1700 1492 1734 :
1504 1679 1619 1735 Lavabo
1635 1680 1662 1734 jn
1672 1681 1765 1736 mlum

130 1770 278 1828 Trinitatis
292 1765 417 1822 intonuit
431 1781 481 1836 per
495 1763 732 1835 quadripartitum
752 1765 859 1832 orbem,
881 1767 929 1836 qui
972 1782 1086 1821 manum
1103 1783 1204 1833 meam,
1222 1774 1250 1821 et
1265 1767 1371 1837 jurabo
1393 1785 1443 1839 per
1456 1769 1606 1823 dexteram
1622 1786 1766 1832 meamne

130 1860 209 1916 missi
224 1863 291 1913 sunt
304 1855 456 1928 praedicare
469 1853 648 1907 triasumma
667 1868 718 1922 pcr
740 1858 862 1924 quatuor
883 1854 929 1908 in·
970 1855 993 1909 si
1013 1856 1119 1910 diceret
1140 1875 1146 1909 :
1167 1858 1347 1926 Assumptsm
1368 1856 1486 1911 acerbo
1500 1874 1620 1912 carnem
1634 1859 1670 1912 ad
1690 1859 1766 1914 ccelos

131 1952 208 2006 suna·
970 1942 1093 2009 elevabo,
1107 1948 1136 1997 et
1149 1960 1199 2014 per
1213 1951 1362 2015 utramque
1375 1951 1509 2000 naturam
1523 1947 1635 2001 scilicet
1647 1946 1729 2001 Verbi
1742 1953 1767 2002 et

165 2040 277 2094 Etcum
292 2038 381 2089 lccuto
395 2034 511 2101 fuissent
526 2035 626 2098 septem
637 2032 762 2084 tonitrua
778 2045 850 2084 cocos
864 2046 929 2083 suos
970 2033 1101 2098 hominis,
1117 2048 1234 2104 quaeque
1248 2032 1343 2086 sutura
1354 2039 1421 2087 sunt
1434 2034 1586 2091 roborabo.
1602 2036 1616 2090 J
1620 2032 1712 2090 urarit
1723 2052 1767 2107 per

132 2130 290 2196 scripturus
304 2139 391 2176 arom.
409 2120 550 2174 Etandici
565 2134 653 2172 uocem
672 2119 704 2170 de
718 2121 780 2171 celo
795 2119 929 2172 dicentem
969 2121 1106 2175 viventem
1127 2121 1156 2174 in
1175 2121 1275 2175 secula
1294 2122 1469 2189 seculorum,
1491 2123 1520 2177 id
1539 2128 1586 2178 est
1610 2141 1662 2194 per
1684 2123 1765 2178 Deum

132 2215 314 2280 milensibus
329 2226 388 2278 que
398 2212 489 2263 locuta
500 2212 566 2260 suist
580 2211 680 2274 septem
692 2209 859 2272 tonitruo,et
871 2210 930 2261 noti
970 2209 1092 2272 Patrem,
1108 2209 1220 2279 quando
1242 2225 1271 2262 sc
1296 2215 1324 2263 et
1342 2210 1455 2264 Patrem
1470 2227 1560 2266 unum
1578 2212 1713 2280 ostendit,
1730 2213 1765 2268 di·

132 2319 165 2358 eo
176 2303 302 2357 scribere.
318 2298 390 2361 Quia
412 2295 541 2349 audierat
553 2295 674 2348 loannes
689 2294 835 2364 superius:
850 2294 930 2358 Quod
971 2314 1036 2351 cens
1049 2298 1137 2372 (loon.
1154 2307 1208 2355 mvl
1226 2315 1231 2350 :
1248 2299 1303 2365 Epo
1318 2302 1349 2351 in
1363 2300 1442 2352 Patre
1461 2305 1487 2352 ct
1506 2302 1592 2354 Pater
1616 2305 1648 2354 in
1664 2318 1705 2355 me
1717 2307 1761 2358 cst.

132 2391 209 2446 uides
224 2386 313 2444 scribe
332 2386 360 2440 in
376 2383 456 2449 libro,
467 2382 555 2436 voluit
564 2382 649 2435 etiam
670 2398 703 2435 ea
717 2398 778 2452 quae
794 2383 899 2437 audivit
913 2400 930 2438 a
971 2387 1005 2440 nt
1019 2385 1131 2455 quando
1145 2386 1232 2439 etiam
1246 2386 1341 2440 omnia
1353 2403 1404 2441 sua
1419 2403 1505 2458 opera
1518 2388 1555 2442 ad
1567 2389 1659 2443 Deum
1668 2391 1763 2456 retulit,

132 2484 240 2551 septem
255 2473 388 2530 tonitruis
403 2469 536 2534 scribere,
552 2469 601 2523 sed
615 2469 720 2523 dictum
734 2476 776 2523 est
789 2471 824 2534 ei,
838 2470 927 2541 signa,
970 2473 1065 2527 dicens
1081 2488 1087 2521 :
1104 2477 1193 2536 Pater,
1207 2477 1237 2528 ia
1253 2492 1294 2528 sne
1311 2491 1434 2539 straneas,
1452 2479 1509 2544 ipsc
1530 2479 1604 2544 facit
1618 2494 1713 2547 opera,
1731 2477 1764 2532 De

131 2568 160 2623 id
177 2574 220 2622 cst
233 2564 325 2635 sigilla
340 2577 401 2633 quae
424 2560 518 2613 locuta
541 2563 607 2611 suat
629 2562 735 2628 septem
751 2559 885 2625 tonitrua,
902 2565 929 2614 et
971 2562 1124 2632 quostiam
1139 2563 1287 2618 subditur:
1304 2566 1358 2630 Qui
1371 2567 1471 2618 creauit
1484 2566 1617 2620 celumct
1627 2583 1659 2620 eo
1671 2583 1727 2635 que
1738 2570 1765 2620 ia

131 2657 188 2711 noli
199 2652 370 2710 asscribere.
382 2648 435 2704 Ubi
447 2647 547 2702 merito
562 2646 707 2717 queritur,
722 2664 809 2718 quare
823 2649 862 2701 illi
876 2648 929 2702 hoc
969 2666 998 2703 co
1013 2655 1088 2717 sunt,
1105 2651 1198 2712 idest,
1216 2652 1303 2705 solem
1318 2656 1346 2705 et
1360 2651 1454 2705 lunam
1468 2657 1498 2706 et
1511 2658 1618 2707 caetera
1632 2654 1763 2708 sidera-Et

131 2745 250 2809 dicatur,
266 2757 330 2795 cum
345 2741 375 2793 in
387 2739 494 2792 Joanne
509 2751 606 2789 omnes
619 2733 746 2789 doctores
761 2735 926 2805 figurentur,
971 2741 1076 2791 terram
1085 2744 1109 2792 et
1120 2755 1150 2793 eo
1164 2742 1261 2806 arcein
1276 2755 1306 2792 co
1319 2738 1426 2804 suntid
1437 2744 1489 2802 est,
1502 2740 1647 2803 homines,
1659 2740 1763 2806 bestias,

131 2834 179 2906 qui
189 2833 286 2903 utique
295 2845 352 2883 non
362 2826 465 2881 debent
474 2824 568 2878 divina
579 2823 927 2893 eloquiasigillare,utnon
969 2843 1033 2881 aves
1047 2832 1076 2880 et
1090 2833 1192 2882 caetera
1206 2844 1293 2898 usquc
1307 2828 1343 2882 ad
1357 2828 1554 2883 vermiculum,
1567 2830 1602 2883 Et
1616 2845 1695 2884 mar,
1707 2835 1730 2883 ις
1740 2845 1763 2884 ω

130 2922 166 2977 ad
180 2922 300 2976 aliorum
313 2914 528 2971 inanisestentur
540 2912 700 2965 utilitatem.
717 2911 822 2965 Verum
836 2912 929 2966 dicen·
970 2932 1029 2983 qua
1044 2919 1075 2969 in
1088 2931 1116 2968 co
1129 2916 1275 2970 stratocle
1286 2916 1424 2970 scilieetet
1432 2916 1522 2986 pisces
1534 2916 1641 2971 diversi
1650 2917 1762 2988 generis.

131 3011 199 3066 dum
214 3014 266 3075 est,
283 3005 350 3077 quia
370 3002 444 3075 quod
459 3018 510 3055 nos
524 3000 576 3054 sub
596 3000 687 3070 sigillo
701 2999 856 3070 signamus,
873 3018 928 3055 ncn
939 2977 960 3037 C
971 3003 1031 3067 Quo
1042 3002 1070 3057 in
1081 3002 1141 3059 loco
1150 3004 1347 3058 hereticorum
1358 3004 1477 3075 pertidia
1487 3005 1705 3076 damnatur,qui
1716 3022 1762 3060 non

132 3097 261 3154 omnibus
271 3102 369 3150 notum
378 3108 438 3145 csse
447 3091 585 3155 volumus,
598 3088 648 3142 sed
658 3089 832 3143 solummodo
847 3089 928 3144 femi·
971 3096 1101 3145 verentur
1124 3108 1260 3156 asserere,
1281 3093 1408 3164 quaedam
1428 3108 1445 3146 a
1462 3092 1538 3147 bono
1559 3094 1630 3157 Deo,
1646 3094 1763 3164 quedam

131 3185 259 3248 liaribus,
274 3188 303 3237 et
318 3179 419 3251 quibus
434 3177 547 3232 credere
560 3193 610 3230 nos
624 3192 674 3246 pro
694 3181 770 3229 certo
783 3193 864 3247 posse
879 3176 930 3230 sci·
970 3195 1064 3233 veroa
1079 3179 1205 3250 principe
1220 3180 1293 3233 sacta
1309 3181 1500 3235 tenebrarum,
1516 3182 1576 3236 Sed
1590 3189 1620 3236 eg
1634 3199 1697 3237 cum
1711 3182 1763 3237 sug

132 3290 205 3328 mus.
217 3271 297 3335 Quod
307 3273 401 3322 autem
413 3266 506 3336 palam
518 3264 645 3329 dicimus,
658 3271 686 3318 et
697 3280 752 3317 non
763 3264 927 3334 sigillamus,
967 3269 1070 3340 jungit,
1090 3270 1161 3336 Quia
1176 3274 1280 3337 tompus
1296 3285 1352 3323 non
1366 3273 1420 3323 crit
1433 3273 1571 3337 carpitus,
1590 3273 1762 3343 quaestionem

132 3362 168 3416 ad
182 3360 336 3414 multorum
351 3354 481 3409 notitiam
496 3352 634 3406 ducimus.
652 3353 761 3406 Dicitur
774 3353 884 3419 loanni,
902 3360 929 3408 et
970 3357 1050 3412 nobis
1063 3356 1140 3423 facit,
1155 3358 1276 3410 maxime
1288 3374 1352 3411 cum
1367 3357 1518 3412 Psalmista
1533 3359 1570 3413 de
1590 3359 1716 3431 reprobis
1728 3360 1762 3413 di·

51 3488 58 3501 .
131 3439 930 3511 inillocmniordinidoctorum,nescribatquaelocuta
971 3447 1169 3500 cat21nimici
1182 3446 1761 3518 Deretinimentitisantes',eterittempos

132 3541 315 3608 suntseptem
330 3533 466 3597 tonitrua,
478 3530 608 3601 quianon
619 3528 749 3584 omnibus
760 3536 827 3583 sunt
841 3530 930 3584 maai·
970 3549 1066 3586 corum
1080 3535 1112 3586 in
1127 3536 1225 3587 sacrato
1247 3534 1330 3596 (Psol.
1353 3535 1440 3600 cxxx).
1468 3533 1497 3588 Si
1521 3535 1602 3589 enim
1623 3537 1760 3608 impiorum

130 3628 259 3684 testanda
272 3624 367 3679 divina
381 3620 500 3692 eloquia.
519 3620 573 3673 Pro
588 3618 759 3690 temporibus
775 3619 849 3672 enim
865 3619 929 3673 abs·
972 3629 1083 3694 tempus
1098 3623 1152 3676 erit
1168 3622 1196 3675 in
1212 3621 1322 3684 saecula,
1340 3623 1480 3692 quomodo
1503 3629 1621 3696 tempus
1641 3627 1700 3696 jam
1717 3639 1760 3679 non

130 3715 276 3773 condenda
289 3716 366 3780 sunt,
385 3727 421 3765 ne
440 3711 489 3762 fiat
508 3713 605 3763 contra
621 3713 792 3778 preceptum
805 3707 927 3772 Domini,
971 3711 1044 3765 erit?
1059 3711 1100 3765 ltd
1115 3709 1189 3781 quod
1202 3709 1360 3774 dicendum,
1377 3710 1443 3782 quia
1455 3712 1544 3781 justis
1565 3730 1624 3768 non
1640 3715 1694 3770 erp
1705 3723 1760 3769 unp

131 3804 235 3879 quoait
249 3802 355 3858 :Nolito
366 3805 493 3853 sonctmn
504 3799 571 3851 dare
585 3797 700 3850 canibus
712 3812 797 3864 neque
810 3800 929 3851 scrittatis
970 3815 1032 3871 pus,
1048 3799 1075 3852 id
1092 3804 1144 3863 est,
1162 3797 1335 3852 mutabilitas
1357 3798 1462 3870 aliqua,
1489 3800 1560 3870 quia
1584 3801 1760 3858 inimutsbiles

39 3895 40 3900 ’
131 3896 302 3961 sircrporitos
311 3894 414 3944 uestras
426 3893 490 3940 onte
499 3901 594 3955 porcos
604 3886 714 3953 (Mottn.
725 3885 929 3956 vineimplici-
970 3891 1054 3940 erunt
1067 3886 1096 3939 in
1110 3890 1214 3951 mente,
1230 3890 1258 3939 ct
1269 3885 1497 3957 incorruptibiles
1512 3887 1545 3941 in
1561 3890 1760 3961 corporalem·

129 3975 576 4055 busquoquedebentdisorete,et
583 3973 738 4027 secundum
745 3974 928 4044 capacitatem
970 3992 1022 4047 pus
1034 3975 1137 4046 quippe
1151 3980 1194 4029 est
1208 3974 1373 4028 vicissitudo
1383 3974 1493 4055 dierum
1504 3993 1539 4032 ac
1549 3979 1678 4034 noctium
1698 3979 1760 4034 1de

131 4072 306 4144 singulorum
321 4064 462 4130 distribui,
480 4063 546 4134 quia
561 4062 611 4115 alii
625 4061 707 4117 lactis
726 4066 824 4132 potum
840 4063 929 4116 susci·
971 4080 1024 4135 que
1041 4063 1078 4118 ibi
1090 4064 1149 4134 jam
1163 4069 1273 4135 tempus
1288 4063 1418 4129 nouerit,
1430 4063 1480 4119 ubi
1493 4066 1707 4123 nullararictss
1721 4083 1759 4122 cu·

131 4164 223 4234 piunt,
237 4157 286 4213 alii
299 4171 364 4210 vero
383 4152 504 4208 solidum
519 4150 611 4205 cibum
630 4149 775 4221 percipere
793 4157 925 4221 possunt.
967 4151 1084 4221 J'uslibet
1094 4151 1145 4205 rei.
1156 4151 1171 4205 J
1174 4152 1230 4206 usti
1243 4168 1307 4206 vero
1320 4151 1513 4208 immutabiles
1525 4154 1662 4219 existent,
1671 4154 1759 4228 quinia

130 4251 213 4306 Unde
226 4248 287 4318 ipse
302 4242 438 4298 Dominus
456 4239 601 4308 discipulis
621 4237 708 4291 dicit:
724 4238 820 4295 Adbuc
839 4241 929 4293 msclto
940 4248 1076 4335 Daeterna
1087 4243 1215 4298 claritate
1229 4248 1257 4297 et
1264 4242 1293 4297 in
1303 4242 1545 4299 indeficientiluce
1555 4249 1756 4317 permanebunt

134 4339 216 4391 habco
234 4335 307 4388 vobis
326 4330 487 4395 dicero,ch
510 4343 566 4381 nan
585 4329 697 4394 potestis
717 4332 834 4397 portare
852 4330 930 4382 ritorto
971 4332 1045 4387 unde
1060 4331 1210 4387 Psalmista
1227 4350 1232 4385 :
1251 4331 1431 4386 Ordinationc
1460 4336 1509 4385 tuo
1535 4341 1690 4401 perses-ml
1713 4335 1758 4387 afa

134 4429 223 4490 (loon.
236 4424 302 4488 sn).
318 4420 353 4474 Et
366 4418 471 4472 iterum
487 4427 493 4461 ε
509 4415 608 4468 Fidelis
630 4430 724 4467 scruas
747 4420 771 4468 ct
794 4416 927 4482 prudens,
972 4423 1054 4492 (psat.
1072 4425 1175 4482 cxvnrl.
1192 4418 1275 4490 lmpii
1292 4425 1387 4473 autem
1401 4423 1515 4490 tempus
1536 4420 1692 4486 habebunt,
1706 4422 1759 4494 quis

132 4517 182 4587 qui
197 4515 244 4568 dat
259 4509 395 4565 conservis
409 4508 466 4558 sacis
481 4507 512 4557 c'n
533 4507 650 4571 tempore
664 4505 753 4556 tritici
768 4519 929 4557 incasurom
970 4526 1082 4581 semper
1095 4525 1146 4580 per
1159 4509 1235 4562 varia
1247 4514 1389 4562 tormenta
1405 4508 1607 4577 mutabuntur,
1624 4517 1652 4567 et
1671 4512 1704 4566 sd
1723 4526 1758 4564 cs·

131 4606 207 4678 (1¹1¹0·
220 4597 475 4668 llll-Difflffll01'80
485 4590 590 4645 J⁰³¹¹¹¹i
600 4589 681 4660 Signa
691 4606 752 4660 (1113Β
762 4591 856 4645 Ῑῦῦῑῑῑᾶ
864 4596 930 4645 sunt
971 4599 1057 4652 torem
1072 4597 1192 4652 nimium
1207 4597 1368 4651 transibunt
1389 4596 1424 4650 ab
1448 4597 1532 4667 aquis
1557 4598 1675 4654 nivium.
1693 4595 1757 4663 Quod

122 4698 239 4765 septem
253 4687 389 4751 tonitrua,
405 4687 434 4736 et
446 4681 505 4735 noli
518 4696 551 4734 ea
564 4677 695 4745 scribere,
710 4684 738 4733 et
752 4680 781 4732 in
794 4680 842 4734 illo
853 4679 930 4733 omni
971 4703 1038 4758 ergo
1052 4687 1188 4742 Dominus
1199 4686 1233 4740 de
1244 4685 1329 4757 jussis
1342 4690 1437 4756 negat,
1452 4686 1507 4740 1100
1518 4687 1555 4740 de
1570 4684 1756 4759 injuspjspsp.

134 4784 219 4838 choro
229 4779 376 4833 doctorum
391 4790 423 4827 ac
436 4771 460 4825 si
472 4770 578 4824 diceret
594 4787 600 4822 :
615 4768 798 4841 Eloquiorum
814 4767 868 4822 Dei
883 4784 929 4822 se·
970 4777 1055 4831 mista
1068 4777 1200 4830 affirmat,

134 4874 279 4925 “amenta
293 4866 331 4920 Sic
346 4864 422 4918 imm
433 4858 536 4915 mentis
551 4863 690 4913 secretum
706 4862 929 4928 tege,quatenus
1004 4866 1056 4921 Scd
1070 4866 1202 4919 indiebas
1214 4867 1284 4918 uocis
1295 4866 1405 4933 septimi
1413 4865 1509 4932 enecti
1514 4881 1579 4920 curn
1595 4863 1754 4936 emperittubo

134 4974 169 5012 ne
183 4962 234 5011 eut
247 4956 276 5008 hi
290 4952 338 5026 qui
356 4967 413 5007 non
436 4948 539 5003 debent
559 4947 595 5001 ad
619 4962 716 5002 eorum
738 4946 928 5016 cognitionem
969 4953 1111 5011 canerem
1124 4958 1166 5007 est
1176 4969 1239 5007 cum
1253 4951 1370 5023 coeperit
1384 4957 1483 5007 sancta
1496 4952 1628 5009 Ecclesia
1643 4954 1752 5009 ultimam

133 5044 307 5118 perveniant,
321 5046 371 5095 ²1¹st
384 5040 413 5093 hi
426 5039 474 5110 qui
497 5036 601 5091 debent
623 5052 686 5090 cum
705 5034 874 5089 discretim
898 5040 927 5089 θῑ
969 5040 1753 5114 suampraedicationemdiffunderetlonsummobiturmy·

133 5131 327 5191 m⁰d⁰s³ti⁰¹¹⁰
340 5144 438 5183 ⁰⁰¹'um
452 5126 581 5181 ‘mistiam
596 5124 721 5196 capiant,
966 5129 1387 5201 sterimnlleiddestperficietur
1393 5128 1530 5201 quidquid
1539 5126 1753 5199 modolatetquis

168 5235 202 5289 Et
214 5233 328 5298 onustus
342 5243 421 5296 quem
434 5228 708 5294 cidistontcmsuper
719 5229 830 5278 occurret
844 5239 926 5293 super
968 5219 1173 5275 consummatio
1184 5219 1228 5273 hic
1237 5217 1482 5275 nonabolitionero
1494 5218 1694 5289 significatsed
1702 5230 1753 5288 per·

134 5319 472 5386 terrcantur-itosanam
481 5330 561 5367 suum
570 5315 606 5367 od
619 5315 871 5381 cetura,etjorooit
878 5328 929 5381 per
968 5309 1128 5365 sectionem.
1144 5307 1312 5380 Mysterium
1329 5312 1424 5361 autem
1437 5307 1599 5377 appellatur
1610 5307 1684 5372 illud,
1695 5302 1753 5375 quod

132 5417 267 5472 viventem
275 5403 658 5461 insecutosecutocum.cum
666 5401 929 5457 Dominusinttvsn·
969 5401 1126 5454 oculusnon
1136 5399 1267 5463 aldianae
1278 5398 1360 5451 curis
1367 5396 1486 5461 audiuit,
1498 5411 1548 5449 nec
1559 5398 1591 5451 in
1598 5393 1752 5451 corlmniab

133 5503 208 5578 gelio
218 5501 315 5572 jurare
328 5489 486 5566 prohibeat,
497 5488 611 5546 dicens:
628 5492 718 5546 Nolite
728 5493 831 5560 jurare
843 5505 929 5560 nequo
970 5488 1092 5543 ascendit
1104 5487 1130 5557 (l
1140 5486 1200 5542 Uor-
1210 5483 1330 5556 n),quod
1339 5489 1407 5539 tuno
1418 5483 1669 5550 consummabitur,
1684 5482 1752 5537 idest
