3818 6104
130 273 199 332 1217
591 271 787 329 Expostulo
801 272 840 326 ΙΝ
854 265 1116 325 APOCALYPSIN.
1133 293 1164 308 -·
1179 266 1248 321 mn.
1265 262 1327 322 vil.
1688 269 1762 328 iiis

128 400 219 456 tirus:
236 416 311 471 sape
320 398 396 454 enim
408 398 483 452 Deus
495 397 673 468 omnipotens
685 395 825 466 permittit
837 393 958 452 homi-A
969 389 1049 446 bunt.
1066 390 1146 446 Unde
1165 389 1294 461 superius
1312 406 1376 444 cnm
1401 389 1583 461 praemisisset
1599 405 1604 440 :
1620 392 1654 447 lit
1667 410 1713 462 ego
1731 395 1768 448 si·

130 503 194 541 nem
210 497 324 558 propter
334 495 447 558 peccate
467 486 612 557 praeterita
626 501 708 540 ruere
723 485 757 539 ud
772 484 926 555 graviora3
970 481 1125 533 tienlidebe
1138 496 1239 548 aquam
1253 478 1498 547 vitagentiaillico
1508 479 1651 549 adjunxit:
1669 484 1768 549 (inivi-

129 576 205 630 unde
215 593 266 647 per
275 576 451 631 Psalmistum
462 565 583 628 dicitur:
600 574 662 628 Non
682 574 790 627 audien
808 575 928 640 populus
969 571 1046 635 cerii,
1058 567 1210 639 possidebit
1234 567 1301 621 hmc.
1319 569 1463 637 dinariis,
1485 567 1514 621 id
1536 575 1578 622 est
1593 585 1643 638 per
1663 576 1767 641 portas,

130 679 207 717 mens
219 680 308 718 uocem
320 678 422 717 meam
437 667 462 716 et
478 662 562 716 Israel
573 676 628 715 non
644 661 763 714 intendit
779 660 860 721 mibi,
872 663 926 717 eto.
969 673 1020 727 per
1033 657 1174 728 apostolos
1189 656 1327 718 videlicet.
1343 664 1514 728 ceterosque
1525 656 1653 711 doctores
1663 661 1769 714 intrent

131 752 383 821 usque:1bantin
410 750 652 803 adinventionibus
665 752 724 802 sais
739 749 820 813 tPsel.
836 747 918 817 cxxx)
970 749 1001 798 in
1021 748 1168 803 civitatem.
1188 745 1303 807 horest,
1320 745 1349 799 in
1374 747 1516 800 coelestem
1532 747 1698 801 Jerusalem·
1718 747 1773 802 Per
1872 754 1883 777 ⁹

130 834 162 892 ln
173 854 228 908 qua
238 839 378 894 sententia
391 843 488 910 aperte
499 836 659 892 ostenditur
676 837 852 906 precessisse
866 835 928 891 cnl-
969 834 1172 904 quorumenim
1183 833 1769 903 ministeriumnuncintramusEcclesiam‚

130 942 194 996 pam
209 926 415 993 inobedientiae,
432 941 582 998 perquam
597 941 624 989 a¹
637 925 695 979 Deo
714 923 843 995 permissi
862 928 929 979 sunt
969 939 1020 995 per
1029 923 1154 993 ipsorum
1168 938 1217 977 ora
1226 931 1255 977 et
1267 922 1436 978 solutionem
1450 923 1641 993 ingrediemur
1650 940 1770 995 regnum

129 1014 171 1069 ire
180 1015 211 1069 in
225 1014 415 1071 voluntatibus
431 1014 578 1071 suis-Hinc
588 1013 693 1069 Paulus
708 1013 744 1068 de
758 1011 929 1084 quibusdam
969 1011 1117 1074 cestorum,
1133 1011 1168 1065 de
1182 1011 1227 1064 his
1241 1010 1331 1081 portis
1346 1011 1588 1066 psalmistadicit:
1603 1015 1712 1080 Aperite
1720 1016 1773 1068 mi·

130 1100 210 1156 dicit:
225 1104 540 1173 Outenmcoenouissent
550 1104 650 1168 Deum,
666 1118 722 1156 non
732 1104 856 1156 alileam
869 1104 929 1170 elo·
970 1098 1001 1151 ln·
1024 1103 1118 1166 pertas
1140 1101 1261 1166 justitia
1288 1101 1369 1166 (Psel.
1394 1106 1488 1168 carn)-
1513 1100 1671 1172 Statimque
1684 1117 1772 1158 unam

130 1192 319 1257 rificeoerant,
341 1197 392 1247 ent
401 1195 509 1261 oratius
520 1197 644 1258 merant.
659 1192 774 1260 Propter
787 1193 859 1260 quod
873 1195 930 1245 tre·
969 1185 1153 1257 principalem
1168 1193 1289 1256 portam,
1301 1186 1335 1241 ad
1352 1203 1436 1258 quam
1450 1187 1534 1242 etiam
1550 1188 1610 1244 istm
1629 1190 1773 1260 pertinent

130 1277 200 1330 didit
213 1281 275 1333 illes
292 1281 363 1334 ilens
376 1283 408 1334 in
419 1281 565 1348 reprobum
578 1285 740 1345 consumat
748 1280 857 1348 saciant
870 1295 929 1348 qua
970 1274 1141 1340 manifestat,
1156 1274 1302 1329 subdendo
1316 1293 1322 1328 τ
1339 1278 1399 1330 Hac
1411 1281 1492 1345 porte
1508 1279 1628 1345 llorrdni,
1638 1283 1713 1348 justi
1727 1282 1771 1335 in·

130 1370 453 1436 noiiconreniunttllom.
476 1369 509 1437 1).
531 1367 760 1439 Dicaturitaque‚
780 1369 831 1436 qui
844 1373 929 1434 nocet,
972 1364 1086 1417 tradent
1098 1379 1147 1432 per
1160 1380 1230 1417 earn.
1247 1361 1315 1417 Haec
1326 1363 1401 1418 enim
1416 1371 1498 1436 portu
1512 1366 1653 1422 Christum
1666 1367 1773 1439 signiti-

130 1451 238 1524 sibiipsi
249 1455 428 1519 subauditur,
441 1455 469 1510 id
494 1462 547 1521 est,
572 1455 620 1527 qui
639 1472 694 1510 non
710 1455 770 1510 vult
783 1454 868 1510 rerba
880 1454 930 1509 Dei
971 1457 1026 1516 cat,
1043 1452 1091 1523 qui
1106 1451 1194 1507 dicit:
1210 1452 1265 1521 Ego
1272 1469 1336 1507 snm
1349 1455 1462 1519 ostium,
1478 1454 1545 1509 dicit
1559 1455 1695 1511 Dominus
1706 1475 1712 1510 :
1722 1471 1772 1526 per

125 1541 233 1605 audire.
244 1545 443 1607 noceetadnne,
452 1544 480 1598 id
491 1551 544 1607 est,
554 1549 719 1615 permaneat
739 1543 928 1615 impoenitens.
970 1557 1013 1595 me
1027 1544 1052 1594 si
1066 1542 1127 1609 quis
1141 1544 1285 1595 introierit
1295 1543 1450 1596 calcabitur
1461 1545 1549 1597 ileon.
1562 1561 1597 1600 xi.
1610 1545 1680 1599 Cum
1695 1544 1771 1600 enim

126 1635 155 1684 et
165 1632 287 1701 peccatis
302 1632 455 1703 praeteritis
470 1634 666 1705 conjungatur.
684 1632 776 1703 Elqui
791 1632 820 1686 in
837 1629 1089 1728 sordi-Bquilibet
1098 1629 1222 1684 fidelium
1233 1646 1284 1701 per
1297 1647 1346 1684 ora
1359 1630 1574 1701 predicatorum
1598 1632 1705 1688 aditum
1726 1633 1769 1689 in·

126 1718 319 1776 bussitiorum
348 1727 485 1781 versatur.
507 1724 642 1776 sordescet
663 1722 763 1786 adbuc,
791 1721 817 1774 id
835 1728 879 1777 est
892 1720 927 1775 ad
972 1722 1049 1772 trant
1064 1717 1304 1789 regni-caelorum
1316 1717 1448 1772 nimirum
1459 1735 1510 1789 per
1519 1718 1598 1774 illum
1607 1719 1772 1789 ingrediun-

128 1808 269 1863 deteriora
284 1809 404 1865 labetur.
416 1811 489 1865 Dum
503 1811 578 1866 enim
590 1811 653 1883 quis
667 1816 780 1882 tempus
794 1811 931 1882 poeniten·
972 1811 1029 1871 tur,
1041 1806 1090 1877 qui
1104 1823 1155 1877 per
1170 1822 1220 1861 ora
1229 1806 1341 1861 illorum
1356 1807 1490 1876 loquitur.

127 1897 174 1951 tiae
185 1898 296 1969 accipit,
304 1905 332 1953 et
341 1899 683 1971 impoenitanspernranet‚
701 1901 851 1971 ipsumque
865 1916 931 1970 pec·
1007 1897 1084 1950 Foris
1096 1910 1185 1962 certes,
1201 1895 1229 1950 id
1245 1902 1288 1951 est
1299 1895 1398 1958 ludaei,
1415 1895 1549 1958 haeretici,
1566 1897 1716 1970 caeterique
1731 1897 1775 1954 in·

127 1991 221 2040 catum
237 1987 375 2041 convertit
389 1987 448 2058 ipse
463 1986 617 2042 remedium
632 1987 731 2058 gratiae
745 1992 882 2043 convertit
899 1987 930 2042 in
969 1981 1085 2047 creduli,
1100 1983 1148 2054 qui
1163 1989 1260 2038 contm
1275 1983 1425 2038 Ecclesiam
1440 1984 1590 2038 letrantdt
1609 1989 1730 2054 venetia,
1741 1984 1771 2042 id

127 2080 312 2145 augmentum
325 2077 422 2146 culpae,
440 2077 474 2131 Et
489 2076 555 2148 quia
574 2092 631 2130 nnn
645 2077 702 2131 cult
723 2076 853 2131 deserere
867 2093 930 2130 ma.
971 2075 1023 2133 est,
1038 2072 1158 2126 malefici
1172 2072 1229 2126 sive
1244 2073 1328 2143 magi,
1341 2077 1366 2125 et
1390 2075 1536 2141 irrepudicr',
1551 2072 1580 2129 id
1594 2081 1646 2136 est.
1662 2075 1772 2130 invere-

128 2163 186 2217 lum
201 2172 233 2217 ut
243 2163 324 2224 vivat,
335 2162 501 2234 augetnncle
511 2162 658 2219 moriatur.
673 2163 931 2235 DequibusPaulus
971 2160 1062 2215 cundo
1079 2167 1234 2232 peccantes.
1253 2162 1284 2216 Et
1299 2162 1442 2216 homicida
1462 2162 1571 2218 diverso
1586 2164 1669 2220 modo
1679 2163 1775 2220 homi·

127 2251 212 2306 dicit:
226 2252 512 2320 lltirnpleentpeccale
525 2253 725 2320 sunsempertl
739 2253 830 2308 Thess.
849 2253 927 2319 nlAEt
971 2264 1021 2302 nes
1034 2248 1246 2304 interficientes.
1262 2250 1295 2304 Et
1324 2252 1405 2305 idolis
1429 2255 1586 2316 servientes,
1602 2252 1655 2307 hoc
1667 2258 1719 2318 est,
1737 2251 1775 2307 si·

122 2344 218 2409 justes
224 2357 274 2411 per
282 2340 366 2394 iidem
375 2343 545 2408 instificetur
559 2342 651 2397 adbuc
666 2357 717 2412 per
726 2341 929 2411 operationem.
972 2337 1098 2392 mulacm
1114 2339 1242 2409 quadam
1259 2355 1309 2410 pro
1322 2339 1378 2395 Deo
1387 2341 1520 2406 colentes,
1536 2340 1594 2395 sire
1608 2341 1694 2396 etiam
1710 2342 1774 2413 plus

129 2429 163 2483 m
173 2429 586 2503 senrtnssenetificetnradhnc.
597 2427 933 2483 Juxtailluddbnntsan·
974 2431 1181 2498 terrenaquam
1197 2427 1286 2482 Deum
1301 2426 1460 2497 diligentes.
1475 2429 1509 2483 Et
1524 2432 1615 2483 omnis
1634 2433 1685 2498 qui
1697 2434 1776 2486 amat

134 2520 172 2570 cti
186 2518 218 2571 de
238 2517 340 2570 virtuts
351 2518 383 2570 in
393 2518 537 2572 virtatem.
558 2516 645 2571 Electi
657 2515 732 2572 enim
744 2532 856 2589 semper
868 2521 935 2573 sunt
975 2516 1163 2583 mendacium,
1178 2518 1284 2584 etfacit
1299 2518 1385 2575 iliad.
1402 2516 1484 2571 Multi
1506 2517 1582 2572 enim
1596 2518 1776 2575 mendacium

134 2604 164 2659 in
177 2605 302 2675 proiectu
317 2603 463 2665 virtutum.
480 2602 547 2675 quie
560 2603 686 2674 quotidie
700 2603 875 2666 inchoantet
884 2620 935 2676 per
974 2602 1090 2671 iaciunt,
1101 2604 1150 2658 sed
1159 2608 1254 2658 mmen
1270 2620 1326 2658 non
1340 2605 1775 2678 amantmendacium,quiestu·

134 2699 449 2765 momentotemporum
463 2691 614 2748 virtutibus
627 2692 746 2747 virtutes
760 2692 878 2748 addunt.
974 2689 1020 2744 dio
1035 2697 1121 2762 atque
1136 2708 1232 2748 amore
1247 2693 1379 2763 peccandi
1407 2709 1463 2748 non
1493 2693 1678 2755 mentiuntur.
1694 2694 1776 2761 Quod

171 2782 234 2836 Ecce
249 2784 396 2846 ueniente,
407 2780 636 2853 adiudicandum
648 2780 765 2836 scilicet.
781 2782 813 2834 lit
831 2797 933 2836 merces
974 2780 1777 2852 mendaciumpurgantoperemiserico1·diae.sicutdictum

135 2886 196 2924 nire
208 2886 315 2924 rnecum
329 2875 375 2933 est,
389 2869 499 2924 reddere
513 2871 665 2938 unicuiqae
687 2871 838 2925 secundam
853 2885 936 2938 opera
977 2870 1158 2940 estsuperius
1171 2870 1206 2924 de
1216 2869 1413 2925 obstetricibus
1422 2870 1614 2927 Hebraeorum.
1634 2872 1688 2927 Sed
1703 2872 1776 2928 sicut

135 2975 197 3016 suu.
209 2958 274 3013 Haec
285 2958 391 3013 locutio
402 2962 431 3012 et
443 2957 547 3013 electos
557 2957 592 3013 ad
607 2958 726 3014 meliora
741 2960 885 3029 prolicere,
906 2964 965 3044 etc
976 2956 1024 3012 isti
1034 2957 1064 3013 in
1073 2958 1124 3013 tali
1134 2958 1290 3023 mendacio,
1305 2958 1570 3014 nisiemendationis
1579 2960 1703 3017 studium
1711 2958 1778 3017 sub-

135 3046 269 3118 reprobos
280 3047 411 3102 hortatur
424 3045 532 3101 amalis
548 3047 687 3108 recedere.
696 3064 732 3103 ne
742 3054 859 3119 pereant
873 3047 935 3104 sine
975 3053 1120 3118 sequatur,
1136 3047 1294 3118 perditione
1306 3063 1362 3102 non
1373 3053 1480 3113 carent,
1491 3048 1636 3120 Scriptura
1646 3049 1774 3105 dicente:

137 3135 323 3192 excusatione.
338 3136 406 3200 Quae
434 3134 519 3191 verba
547 3136 720 3208 expositione
734 3153 790 3192 non
805 3136 935 3208 indigent
974 3137 1072 3190 Perdes
1087 3152 1179 3190 omnes
1194 3138 1244 3204 qui
1266 3136 1421 3205 loquentur
1442 3138 1619 3193 mendacium
1637 3139 1716 3204 tPsul.
1733 3137 1775 3211 v),

136 3225 201 3295 quia
216 3224 277 3295 ipsa
291 3240 321 3278 se
333 3224 493 3295 explanant.
974 3224 1015 3279 sic
1031 3229 1059 3279 et
1073 3223 1120 3278 isti
1131 3223 1254 3294 graviori
1269 3239 1352 3295 poena
1360 3225 1499 3297 plectendi
1520 3232 1596 3292 sunt,
1607 3226 1656 3298 qui
1669 3227 1774 3296 studio,
1804 3240 1812 3259 ·

171 3315 226 3382 Ego
241 3318 360 3367 sunsei
372 3334 403 3377 ω,
414 3317 525 3382 prtinus
536 3317 560 3367 et
571 3316 745 3372 nouissimus.
756 3314 932 3384 principium
975 3313 1116 3367 voluntate
1143 3317 1228 3382 atque
1255 3328 1361 3378 ninere,
1376 3312 1493 3367 fallaciis
1520 3313 1718 3385 illaqueantur.
1739 3314 1776 3371 Hi

136 3409 159 3457 et
170 3404 243 3470 finis.
260 3404 381 3468 Primus,
397 3408 463 3457 ante
479 3418 562 3474 quem
583 3400 677 3457 nullus
693 3416 699 3452 :
715 3408 741 3457 et
754 3405 931 3468 norissimus,
974 3418 1071 3457 omnes
1085 3401 1215 3473 superius
1230 3401 1307 3467 dicti,
1324 3406 1406 3455 erunt
1421 3400 1498 3462 soris,
1515 3400 1568 3456 hoc
1583 3407 1635 3469 est,
1651 3403 1686 3457 ab
1696 3404 1776 3460 aditu

136 3497 198 3563 post
208 3508 291 3563 quem
301 3491 402 3546 nullus.
412 3494 600 3560 Principium,
610 3508 627 3546 a
636 3508 692 3564 qno
702 3491 934 3547 omniscreatura
976 3491 1095 3547 celestis
1109 3491 1266 3545 ismaelem
1282 3490 1464 3561 repellentur,
1475 3506 1539 3544 cum
1554 3492 1716 3547 audierint:
1730 3494 1778 3548 lli·

135 3581 257 3653 sumpsit
270 3580 399 3647 initium3
413 3585 437 3634 el
451 3580 596 3650 finisquia
607 3579 635 3634 in
647 3596 680 3634 eo
691 3596 774 3634 omne
784 3580 933 3651 redigitur.
975 3581 1095 3634 scedilea
1107 3596 1162 3642 ine,
1173 3581 1314 3633 maledieti
1330 3580 1437 3641 illattb.
1454 3580 1532 3649 xxv).

135 3669 226 3739 Alphe
236 3667 399 3740 pcrtinetad
411 3668 487 3721 verbi
497 3667 675 3736 dignitatem,
684 3682 783 3735 omega
796 3666 832 3720 ad
846 3683 937 3722 susce-
1013 3668 1068 3735 lieo
1077 3669 1154 3721 lesus
1165 3670 1232 3720 irrisi
1240 3669 1371 3734 angelum
1384 3683 1476 3721 ericum
1492 3670 1635 3735 testificari
1644 3670 1778 3726 sueoniae

136 3764 212 3827 ptam
228 3758 256 3810 in
271 3757 328 3810 sine
340 3762 499 3825 temporum
507 3751 726 3810 humanitatem.
741 3753 804 3824 lpse
814 3760 858 3808 est
871 3771 938 3825 ergo
978 3757 1010 3808 in
1022 3756 1157 3812 Ecclesiis.
1170 3755 1227 3809 lloc
1237 3761 1266 3809 et
1277 3756 1426 3826 suprajam
1437 3754 1652 3811 dictumfnemt.
1672 3758 1704 3811 ln
1717 3757 1779 3828 qui·

136 3844 231 3914 alpha.
246 3843 342 3908 idest,
359 3840 525 3912 principium
554 3856 672 3895 manens
687 3857 750 3896 cum
766 3842 849 3897 Patre
875 3845 938 3915 lpse
978 3843 1031 3898 bns
1044 3841 1135 3897 verbis
1149 3849 1245 3915 aperte
1255 3844 1422 3911 ostenditur,
1434 3845 1515 3915 cujus
1525 3845 1643 3916 liguram
1654 3845 1782 3902 loannes

138 3931 321 4001 etomega,id
337 3934 380 3984 est
393 3928 466 3993 finis,
482 3935 565 3984 natus
577 3929 772 4001 temporaliter
786 3948 820 3986 ex
835 3937 936 3987 matre.
978 3931 1007 3987 in
1022 3933 1075 3986 hac
1088 3933 1259 3987 revelatione
1288 3932 1428 3988 tenuerit:
1444 3948 1496 3987 nec
1522 3932 1613 3988 solum
1633 3934 1669 3988 ad
1684 3935 1778 4006 ipsum

137 4019 217 4075 Unde
233 4020 337 4074 Paulus
352 4038 358 4072 :
376 4019 501 4075 Cliristns
510 4020 576 4086 linis
590 4019 847 4088 benedicentium
859 4024 937 4075 omni
977 4019 1279 4092 pertinentiounnem‚
1294 4019 1396 4092 quael
1421 4021 1497 4075 dicta
1521 4027 1596 4086 sunt,
1613 4023 1661 4078 sed
1672 4023 1707 4079 ad
1719 4039 1780 4080 om·

138 4106 561 4179 eredentitilom.x).Principium
568 4123 680 4179 quoque
687 4124 745 4164 non
751 4108 884 4180 adipsum
895 4114 939 4165 est
978 4126 1029 4165 nes
1039 4109 1186 4174 Ecclesiae,
1198 4127 1259 4181 quae
1268 4109 1398 4180 superius
1408 4109 1568 4182 septenario
1576 4127 1695 4166 numero
1704 4128 1779 4168 com·

138 4196 326 4262 referendam,
335 4195 410 4267 quod
419 4195 525 4251 scilicet
535 4195 606 4267 ipse,
619 4196 772 4252 secundum
795 4197 869 4269 quod
880 4197 938 4252 hm·
979 4198 1201 4271 prehenduntur,
1216 4199 1245 4253 in
1261 4198 1363 4269 quibus
1377 4214 1435 4253 una
1450 4199 1597 4266 catholica,
1613 4199 1640 4256 id
1655 4208 1699 4256 est
1713 4199 1779 4256 uni·

139 4285 217 4341 retici
233 4283 389 4352 voluerunt,
405 4302 438 4339 ex
453 4290 582 4357 tempore
595 4285 720 4356 coeperit,
736 4285 785 4341 sed
801 4286 836 4340 ad
861 4285 937 4341 ordi·
946 4287 1094 4358 Drersslis
1106 4287 1281 4358 exprimitur.
1298 4289 1353 4356 Ego
1364 4304 1427 4342 sane
1437 4304 1523 4355 genas
1537 4293 1563 4342 et
1575 4290 1660 4344 radia
1672 4291 1773 4352 Dauid.

139 4391 203 4432 nem
218 4381 411 4431 creaturarum
426 4372 557 4447 pertinet,
574 4391 636 4446 quae
645 4390 679 4429 ex
693 4374 741 4430 illo
755 4379 938 4448 sumpserunt
978 4375 1057 4441 Quod
1069 4375 1139 4431 nihil
1157 4374 1233 4431 aliud
1253 4381 1306 4438 est.
1318 4375 1388 4430 nisi:
1405 4376 1463 4448 Ego
1475 4393 1539 4431 sum
1553 4393 1586 4432 ex
1599 4377 1661 4449 ipsa
1675 4374 1779 4435 natura

139 4466 261 4521 initium.
278 4466 318 4520 De
328 4465 414 4536 alpha
424 4464 547 4519 loannes
570 4462 656 4518 dicit:
681 4463 715 4519 ln
725 4464 866 4534 principio
877 4469 938 4519 erat
978 4463 1079 4522 David.
1094 4465 1184 4519 Beata
1197 4462 1328 4520 enimDei
1339 4463 1461 4535 genitrix
1474 4464 1509 4520 de
1518 4465 1607 4538 stirpe
1621 4466 1711 4522 David
1726 4467 1777 4523 de-

146 4557 269 4620 lendam,
281 4560 319 4620 et,
331 4556 427 4608 ananie
434 4569 484 4622 per
496 4556 587 4622 ipsum
597 4553 670 4620 factu
681 4551 844 4624 suntiloen.
854 4557 884 4619 η.
898 4551 939 4608 De
980 4554 1097 4614 scendit.
1117 4561 1203 4626 atqua
1222 4553 1325 4609 idcirco
1340 4554 1401 4625 ipse
1415 4554 1502 4609 Filius
1516 4554 1577 4621 Dei,
1602 4554 1779 4611 iiliusDarid

141 4659 241 4713 omega
256 4658 331 4712 uero,
346 4641 394 4712 qni
407 4646 449 4696 est
463 4641 526 4695 finis
540 4641 743 4695 elementorum
771 4641 846 4712 apud
861 4641 940 4697 Grae·
981 4650 1032 4698 est.
1046 4643 1125 4698 Unde
1139 4643 1199 4715 ipse
1210 4642 1389 4715 interrogans
1400 4643 1520 4698 ludaeos.
1533 4644 1605 4712 Ouid
1616 4646 1690 4698 vobis
1702 4645 1780 4699 oide-

142 4731 283 4791 cessioni
297 4737 325 4784 et
334 4730 420 4802 alpha
430 4730 616 4802 principium:
640 4730 752 4783 Verbum
760 4745 824 4784 care
832 4732 941 4799 sactum
982 4734 1071 4786 tarde
1086 4733 1194 4788 (lterislo
1207 4737 1287 4800 cujas
1297 4735 1373 4799 filins
1387 4735 1433 4798 sit,
1451 4732 1503 4786 hoc
1516 4748 1683 4803 responsum
1692 4731 1728 4787 ab
1738 4731 1780 4789 eis

142 4825 190 4880 est,
205 4824 229 4873 el
243 4821 378 4875 habitauit
393 4823 425 4873 in
444 4822 522 4874 nobis
536 4817 638 4888 ninid).
658 4814 693 4872 In
707 4815 751 4872 his
766 4818 853 4874 tonus
867 4818 941 4875 salu·
981 4818 1087 4892 accepit
1098 4839 1104 4874 ε
1117 4819 1215 4886 desid,
1228 4826 1257 4875 et
1272 4820 1337 4875 ille:
1355 4822 1492 4890 Quomodo
1515 4835 1579 4890 erpo
1601 4823 1690 4875 Dauid
1703 4826 1781 4877 coeat

142 4909 180 4961 tis
193 4907 358 4963 Christiana
373 4924 484 4962 summe
502 4907 639 4972 consistit,
656 4913 689 4962 nt
711 4907 816 4962 scilicet
833 4908 864 4963 in
883 4924 939 4964 uno
980 4926 1043 4964 euin
1054 4912 1214 4970 dominnm,
1230 4910 1322 4963 dicens
1334 4926 1340 4963 :
1353 4912 1430 4964 nica
1442 4911 1700 4965 lierninnsllomino
1710 4927 1778 4980 meo,

143 4997 298 5067 codemque
312 4997 423 5052 Christo
432 5002 461 5052 et
474 4997 596 5068 perfecta
608 4996 710 5062 deitas,
726 5001 755 5051 et
764 5012 829 5051 vera
840 4996 940 5053 creda·
981 4999 1177 5053 sedeadestris
1188 5001 1273 5052 erreis?
1291 4999 1403 5068 (Metili.
1413 5001 1488 5065 xxrrl.
1502 4996 1555 5053 Sed
1569 4999 1722 5055 secundum
1736 4999 1782 5055 di·

142 5092 190 5141 tur
199 5085 371 5139 humanitas.
981 5085 1126 5141 ciuitatem
1134 5091 1177 5140 est
1185 5085 1319 5140 Dominus
1332 5087 1405 5140 Deus
1415 5086 1668 5152 David‚secundum
1679 5089 1783 5144 huma·

179 5178 256 5230 Bruti
270 5178 320 5243 qni
335 5176 430 5230 tenent
443 5176 526 5228 stelas
550 5189 626 5238 suas,
638 5171 667 5228 id
690 5177 743 5239 est,
757 5188 876 5245 corpora
888 5189 940 5229 sua
980 5178 1100 5230 nitatem
1111 5191 1175 5229 vero
1187 5191 1244 5229 non
1254 5175 1337 5236 alins.
1348 5175 1398 5229 sed
1408 5174 1549 5247 idemipse
1562 5193 1652 5248 genus
1662 5182 1691 5232 et
1701 5176 1783 5232 radix

145 5271 173 5317 et
186 5265 271 5318 vitam
287 5264 363 5319 tonte
378 5261 555 5334 baptismatis
567 5266 595 5317 et
612 5261 744 5335 lacrymis
763 5262 944 5333 poenitentia,
986 5263 1083 5328 David,
1097 5263 1185 5329 idest,
1197 5270 1309 5318 nature.
1329 5263 1435 5318 Aliter:
1449 5265 1576 5333 Egeram
1592 5265 1781 5333 rddielleuid

146 5356 230 5423 atque
243 5353 371 5409 custodia
384 5351 580 5407 mandatorum
605 5350 666 5405 Dei.
683 5352 714 5406 ilt
722 5355 757 5406 sit
771 5356 890 5420 poteslas
904 5368 945 5408 eo·
986 5352 1091 5425 quiaex
1103 5368 1148 5406 me
1162 5351 1253 5406 David
1263 5352 1512 5423 sumpsitinitium.
1526 5355 1683 5422 Etenosnm
1696 5368 1783 5421 penas

148 5457 214 5494 ram
227 5441 258 5494 in
273 5446 347 5511 ligno
361 5447 432 5498 vite.
450 5441 550 5506 idest,
565 5439 595 5494 in
606 5439 725 5495 Domino
739 5439 807 5497 Jesu
822 5440 945 5497 Christo.
985 5444 1011 5495 et
1023 5441 1106 5494 radin
1119 5439 1293 5511 Derid,quia
1309 5456 1342 5495 ex
1355 5440 1403 5496 illo
1411 5440 1439 5495 in
1455 5442 1512 5496 fine
1518 5447 1677 5512 tempomm
1690 5441 1785 5499 camis

148 5528 369 5602 Qurehabentes,
383 5530 522 5606 utiquein
536 5528 628 5603 capite
643 5545 694 5585 suo
709 5529 805 5586 omnia
818 5529 945 5604 posside·
985 5527 1135 5586 materiam
1152 5528 1270 5601 sumpsi.
1283 5529 1369 5587 Stella
1400 5531 1545 5602 splendide
1574 5534 1600 5584 et
1631 5533 1785 5593 matutina.
