3818 6104
288 336 479 394 Expostulo
494 340 533 394 ΙΝ
550 337 627 397 aar,
642 337 672 391 S.
690 333 808 390 PAULI.
823 365 856 376 -
871 336 911 392 tu
929 337 1040 394 artur.
1057 338 1084 394 ll
1103 338 1151 393 AB
1166 340 1246 396 COR.
1537 344 1591 404 dt‘l

112 465 249 516 ieuetrant
264 461 351 515 ludaei
362 461 481 529 gloriam
497 461 632 533 spiritalis
646 459 750 513 intelli·
761 462 782 518 Α
793 476 869 541 spem
885 468 1039 520 cernentes.
1056 461 1136 519 lnter
1159 466 1300 539 speculam
1324 475 1354 523 ot
1378 471 1523 549 speculum
1538 471 1591 531 hoc

112 550 175 605 ain
191 550 252 620 lege
266 549 344 611 latet,
360 567 415 620 qua
429 551 521 605 obtusi
537 556 566 604 ct
585 547 754 603 reverberati
795 548 923 610 interest.
937 551 1001 622 quia
1015 554 1129 623 specula
1142 560 1185 608 est
1213 556 1300 612 turris
1324 557 1352 612 in
1375 558 1542 630 civitatibus,
1563 568 1592 617 et

111 654 134 693 ts
147 637 260 692 illorum
273 638 572 709 iulidelitatispsrfidia
588 645 614 692 et
626 638 755 708 ignoran-
796 637 873 690 lucus
888 637 961 692 unde
976 641 1165 711 speculatura
1185 642 1267 714 longa
1279 662 1312 698 rx
1335 663 1390 717 qua
1406 655 1484 717 parte
1496 667 1593 721 supcr-

111 727 197 781 olunt
211 727 240 781 in
255 727 398 783 Christum
422 729 537 782 credere
553 746 559 789 ;
576 727 624 781 sed
644 742 757 796 semper
797 725 909 779 veniant
919 727 1029 782 hostes:
1045 730 1188 799 speculum
1203 748 1268 786 vcro
1278 739 1330 794 cst.
1347 734 1393 789 ubi
1408 724 1592 827 conterrrplari

111 815 173 886 aqui
198 816 304 868 volunt.
334 816 417 883 ltaque
439 834 471 870 m
500 817 755 869 bodiernuureuim
797 813 1591 897 solentaonrtnesirnaginesvuuusquesuosetationrm,

111 916 159 959 una
173 905 304 958 catanien.
317 902 344 955 id
356 910 399 956 est
409 904 469 974 ipsa
476 903 631 957 obscuritas
642 907 671 955 et
679 901 757 969 igno·
798 902 833 954 de
847 918 903 972 quo
912 902 958 957 hic
971 904 1090 959 dicitur:
1105 906 1253 975 Speculum
1270 926 1337 981 ergo
1359 919 1497 977 nostrum,
1513 930 1593 968 mens

113 993 226 1045 batione
241 991 337 1047 Veteris
359 993 523 1045 Testamenti
537 996 640 1051 monet,
656 990 757 1044 subau·
798 996 944 1045 nostraest
955 992 1155 1063 :quiasicutin
1168 998 1280 1067 speculo
1290 1001 1592 1083 contemplaturimago

111 1079 377 1137 udaosincredulos.
391 1095 446 1134 non
459 1077 757 1136 revetatamaubaudis
798 1083 827 1131 ct
837 1078 947 1142 umbra,
959 1079 999 1133 ita
1011 1095 1062 1133 nos
1073 1080 1100 1134 in
1112 1084 1240 1151 praescnti
1252 1093 1345 1154 manta
1356 1087 1481 1145 videmus
1491 1097 1518 1145 at
1528 1078 1593 1153 con-

111 1167 152 1226 aia
163 1168 314 1221 inlldelitas
325 1173 353 1221 et
364 1176 478 1238 peccata
498 1167 678 1222 reverberant
692 1183 756 1220 scn-
797 1165 968 1235 templamur
985 1166 1062 1221 illam
1072 1169 1204 1238 gloriam,
1220 1189 1303 1253 quam
1323 1178 1481 1248 percepturi
1494 1197 1592 1245 sumus

111 1270 141 1312 a.
153 1272 206 1311 nec
221 1257 314 1311 valent
328 1273 378 1326 per
390 1263 576 1327 sepenetrsra
588 1255 757 1326 illamrquo·
797 1254 825 1307 in
842 1269 881 1308 re.
1324 1253 1329 1262 '
1407 1252 1414 1263 '

111 1344 204 1399 bristo
218 1352 379 1406 evacuatur,
393 1345 420 1397 id
437 1354 490 1399 ost.
506 1361 556 1415 per
580 1344 663 1397 tidem
679 1343 757 1397 Cbri÷
833 1343 867 1396 ln
885 1344 1008 1397 carnalem
1020 1347 1172 1411 imaginem
1188 1352 1427 1421 transformamur
1440 1371 1458 1407 a
1470 1360 1596 1427 ctoritotc

111 1444 152 1487 tur
179 1435 304 1487 salamon
334 1434 508 1503 ignorantia.
525 1449 579 1486 non
596 1449 646 1503 per
659 1447 755 1485 eorum
800 1432 1444 1500 inclaritatam.luiiraecobabctur‚utbeatus
1461 1445 1596 1517 Augusti·

111 1561 118 1587 ,
132 1536 185 1581 nec
199 1522 368 1577 revelabitur
382 1523 438 1576 illis
453 1521 507 1577 nisi
518 1521 642 1574 credant.
658 1520 758 1575 Sertor—
799 1533 852 1571 rius
862 1518 937 1576 dicit.
950 1518 1104 1575 siormain
1114 1523 1232 1579 formam
1254 1529 1482 1597 transducimur:
1495 1534 1598 1599 Homo,

110 1611 400 1665 &errrrrvndierncum
419 1608 760 1677 legituraludaisincra·
801 1609 873 1661 sicut
890 1608 917 1660 in
934 1608 1034 1663 Genesi
1049 1611 1170 1666 babetur
1182 1617 1254 1670 ttlen.
1271 1626 1299 1685 rt,
1316 1619 1350 1672 ad
1381 1619 1531 1691 irmiginom
1547 1624 1598 1678 Dei

110 1714 156 1759 m,
178 1697 206 1751 id
222 1704 273 1752 est.
290 1699 332 1751 lar
348 1715 409 1768 quas
434 1715 485 1769 per
498 1696 692 1769 lloysendata
706 1701 758 1752 ast.
801 1695 891 1749 iactus
906 1703 958 1759 est,
974 1705 1096 1759 sanctus,
1110 1701 1213 1768 justus,
1230 1704 1407 1777 immortalis,
1428 1698 1457 1763 et
1471 1710 1597 1783 incorru-

110 1791 138 1841 st
150 1791 271 1854 positum
286 1803 370 1853 sapor
383 1802 544 1843 corsorum.
558 1785 587 1839 id
615 1792 667 1846 ast,
683 1785 761 1854 igno·
803 1784 906 1854 ptibilis
924 1804 929 1838 :
947 1802 1030 1856 quam
1047 1788 1234 1858 irnaginemet
1247 1794 1365 1848 tonnam
1380 1799 1519 1866 peccando
1529 1801 1598 1863 ami·

110 1875 218 1929 tacitas
241 1875 436 1942 intelligentia
451 1881 494 1929 est
517 1875 546 1928 in
569 1873 699 1928 cordibus
716 1872 761 1926 lu·
802 1873 847 1936 sit,
864 1879 892 1928 et
903 1874 1004 1929 cecidit
1017 1877 1044 1930 in
1059 1877 1177 1932 foratam
1197 1883 1385 1938 mortalitatis.
1400 1887 1596 1957 corruptionis,

110 1964 267 2018 “valeant
283 1971 429 2033 penetrare
444 1970 473 2017 et
490 1963 644 2034 spiritalem
656 1961 761 2016 intelli·
803 1967 832 2015 et
845 1961 1000 2031 ioJ'ustitioe.
1010 1963 1052 2017 Ab
1068 1965 1121 2019 ista
1136 1967 1332 2040 ergoimagiuc
1340 1973 1459 2041 justitias
1471 1960 1499 2028 et
1509 1963 1600 2030 torma

110 2070 123 2116 ι,
134 2068 197 2123 quas
207 2053 324 2112 obscure
338 2052 393 2107 illis
412 2058 441 2107 et
454 2053 563 2111 occulta
576 2055 648 2117 erat,
662 2066 762 2121 quous·
803 2050 1039 2107 transtormamur
1052 2060 1080 2106 et
1094 2055 1306 2112 transducimur
1316 2060 1374 2139 jam
1390 2060 1418 2129 in
1439 2079 1488 2133 spe
1502 2069 1531 2117 at
1545 2064 1600 2119 side

110 2134 221 2195 moran
236 2141 542 2195 credendodenudotur
555 2140 595 2194 eis
608 2156 625 2193 a
639 2138 758 2194 cbristo.
802 2138 830 2191 in
845 2139 973 2193 earndem
985 2139 1074 2210 ipsam
1090 2143 1242 2213 imaginem
1263 2153 1291 2200 et
1305 2146 1423 2202 formam
1436 2138 1520 2220 (risam
1535 2169 1602 2237 per·

110 2233 176 2283 rum
191 2244 336 2282 cantiorum
357 2232 445 2296 faerit
465 2231 502 2282 od
516 2231 610 2287 Deum.
627 2226 762 2282 subaudis
803 2226 937 2287 didimus.
953 2227 1072 2282 aforma
1088 2222 1215 2286 videlicet
1228 2235 1422 2290 creationisad
1433 2239 1602 2310 iormamju·

110 2332 144 2373 ua
162 2325 195 2371 ut
207 2318 302 2372 credat
314 2317 342 2370 in
357 2318 510 2374 Obristum.
533 2319 679 2384 auferetur
689 2319 762 2369 ruta·
804 2315 981 2370 stiilcationis
997 2335 1003 2369 :
1019 2332 1034 2369 a
1050 2318 1140 2372 turma
1167 2321 1347 2379 mortalitatis
1362 2331 1390 2379 et
1405 2316 1601 2398 corruptionis,

110 2412 135 2471 at
147 2405 304 2461 obscuritas
313 2408 348 2461 de
361 2408 422 2477 lege
433 2424 483 2477 psa
502 2406 655 2466 Christum,
672 2410 700 2459 et
714 2421 764 2474 per
805 2404 839 2457 ad
852 2403 970 2459 formam
985 2405 1208 2464 immortalitatis
1224 2427 1230 2463 :
1252 2411 1372 2467 aforma
1383 2402 1535 2488 filiationis,
1548 2434 1604 2489 qua

110 2495 381 2567 nactisptrirus.qoi
391 2504 517 2567 tempore
529 2494 704 2566 baptismatis
718 2494 763 2548 in·
805 2492 855 2546 tilii
867 2493 914 2546 ilci
923 2492 1110 2548 modosumus
1124 2495 1151 2549 in
1167 2514 1225 2565 spe,
1247 2499 1281 2553 ad
1293 2499 1411 2569 formam
1426 2492 1603 2577 contempla-

109 2582 138 2639 ri
152 2583 296 2638 habitator
310 2601 379 2638 essa.
805 2581 890 2635 tionis
905 2588 933 2635 et
947 2581 1061 2636 visionis
1077 2601 1083 2635 :
1100 2600 1117 2636 a
1131 2585 1350 2642 lorinoobscura
1362 2590 1396 2644 ad
1406 2591 1523 2647 formam
1537 2582 1604 2648 luci·

109 2688 137 2727 ut
150 2678 244 2726 satem
264 2677 381 2740 spiritus
394 2679 440 2727 cst.
462 2664 515 2727 ubi
530 2677 624 2726 utitem
648 2674 764 2740 spiritus
805 2669 881 2729 dam,
896 2670 931 2724 de
945 2686 1001 2741 qua
1015 2671 1186 2727 loannesait
1200 2676 1225 2740 (l
1236 2676 1317 2731 lours.
1331 2692 1371 2747 ur,
1387 2691 1392 2724 =
1409 2681 1477 2749 Filii
1489 2682 1540 2735 liei
1556 2699 1604 2735 su·

110 2762 275 2816 hiltbertus.
291 2763 380 2819 tiemo
394 2762 441 2832 qui
457 2761 539 2814 tidem
561 2767 665 2817 sancta
674 2759 765 2813 'laini-
806 2775 867 2811 mos
881 2762 912 2811 in
927 2775 980 2825 spe,
997 2764 1022 2812 ct
1036 2762 1159 2814 noandum
1176 2767 1308 2831 apparuit
1326 2768 1396 2833 quid
1408 2768 1550 2823 erimusin
1562 2786 1603 2839 re²

109 2855 144 2915 at.
157 2848 270 2903 dubitat
283 2850 419 2920 Spiritum
442 2857 568 2904 sanctum
590 2850 677 2905 Deum
694 2864 764 2911 esse,
807 2846 850 2901 Ab
862 2846 916 2900 ists
931 2847 1050 2903 obscura
1064 2848 1155 2902 forma
1168 2852 1384 2925 transducemur
1410 2855 1444 2910 ad
1471 2856 1604 2927 lucidam,

110 2954 257 3009 aspersam
270 2939 477 3003 est'l’rinitatis,
491 2944 518 2991 et
533 2945 690 2991 tamennon
701 2941 768 2991 sunt
809 2935 920 3005 quando
930 2938 1035 2991 similes
1046 2938 1103 2991 lieo
1112 2942 1232 2993 orionus:
1243 2945 1605 3016 quoviiamm‘vtedimuscum

109 3026 161 3089 iai,
171 3027 219 3080 sed
233 3043 307 3081 unus
316 3027 467 3083 Dominus:
480 3032 512 3080 ut
532 3027 620 3080 scitur
631 3025 665 3083 sir
676 3025 768 3079 omni·
808 3027 892 3076 sirati
904 3026 979 3078 aaa
992 3025 1120 3080 claritate
1129 3044 1239 3105 quoque
1255 3030 1313 3100 spei
1329 3033 1551 3106 tranlbrmaruur
1569 3035 1606 3090 ad

111 3114 186 3175 ibus.
217 3116 323 3186 Spiritu
352 3123 449 3169 sancto
477 3116 611 3175 dictante.
630 3115 720 3184 legem
740 3117 769 3169 et
809 3112 964 3167 claritatem
975 3115 1079 3195 speciei
1108 3123 1164 3170 eta
1180 3116 1309 3173 claritate
1323 3120 1388 3174 fidei
1403 3121 1438 3175 ad
1449 3123 1606 3195 claritatem

109 3220 153 3265 aaa
185 3221 247 3258 assa
274 3205 475 3275 conscriptum,
494 3204 613 3274 ideoque
647 3202 769 3272 Spiritus
810 3201 860 3257 rei.
874 3207 906 3255 ut
917 3201 992 3272 quod
1006 3203 1089 3257 modo
1103 3210 1232 3260 tenemus
1249 3206 1277 3261 in
1289 3224 1348 3279 spa,
1363 3216 1391 3263 et
1402 3211 1543 3281 credimus
1557 3228 1607 3267 nos

109 3292 235 3347 lominus
250 3293 375 3362 astiagis
398 3300 426 3347 et
442 3293 596 3362 Evangelii,
610 3308 661 3346 nec
674 3298 717 3344 est
728 3289 769 3343 illi
810 3289 971 3359 adepturos,
987 3292 1155 3362 quandoque
1170 3295 1363 3365 possideamus
1384 3298 1413 3352 in
1436 3315 1476 3354 re.
1493 3300 1609 3371 litbenc

109 3382 231 3437 stultum
246 3382 275 3435 in
291 3383 352 3452 lege
365 3388 393 3434 et
408 3382 565 3451 Evangelio.
581 3383 643 3451 lpso
658 3394 770 3449 quoque
811 3392 874 3430 curn
890 3376 1284 3441 dixissat‚tr·anstormamura
1295 3384 1423 3440 claritate
1433 3387 1491 3461 spei
1505 3387 1534 3441 in
1549 3388 1607 3443 cla-

108 3475 201 3524 ranuto
225 3475 403 3540 cooperante.
433 3486 483 3540 per
501 3468 585 3525 tidem
618 3468 768 3522 [lominica
811 3465 922 3517 ritatem
938 3465 1039 3536 speciei
1052 3473 1081 3519 et
1102 3467 1151 3528 rei.
1171 3473 1302 3553 tonpoom
1318 3488 1335 3526 o
1351 3468 1471 3527 ltoou'n'r'.
1485 3475 1605 3542 Spiritu,

122 3557 277 3612 liberamur
290 3558 317 3611 in
334 3558 429 3611 anima
441 3557 476 3611 ab
492 3556 622 3610 ornnibus
638 3556 766 3626 prematis,
810 3559 842 3605 ut
857 3553 1018 3608 ostenderet
1032 3556 1116 3608 talem
1131 3557 1252 3625 gloriam
1267 3559 1338 3616 dari.
1355 3577 1417 3630 quar
1439 3560 1605 3633 sublimitati

108 3644 215 3701 hortata
225 3646 294 3700 dicit
305 3645 442 3699 Dominus
452 3646 480 3699 in
492 3633 644 3714 Evangelio
658 3644 707 3700 :Si
725 3661 769 3698 vos
810 3647 946 3710 congrunt
963 3642 1066 3695 dantis.
1080 3644 1167 3725 Moysi
1183 3645 1257 3700 enim
1274 3649 1363 3717 gioria
1378 3656 1407 3703 et
1419 3649 1542 3711 claritas.
1555 3668 1606 3706 nec

108 3738 246 3798 araverit,
266 3750 327 3787 vcro
341 3736 425 3787 tiberi
437 3737 515 3788 eritis
532 3736 621 3800 (toan.
638 3736 705 3796 vui).
717 3733 771 3786 Per
810 3735 889 3782 tanta
915 3729 969 3784 tirit
985 3739 1089 3801 quanta
1105 3732 1209 3787 Christi
1235 3735 1262 3788 in
1279 3743 1383 3804 monte,
1400 3755 1450 3793 nec
1465 3740 1606 3810 perennis.
1670 3772 1676 3779 ·

107 3821 163 3885 iam
191 3821 277 3884 datur
302 3822 431 3882 iidslibus
454 3822 573 3876 facultas
596 3821 770 3890 intelligendi
810 3817 931 3875 Tantum
942 3818 1015 3872 enim
1027 3820 1099 3874 Deus
1111 3823 1249 3877 concessit
1272 3824 1482 3890 fidelibussuis.
1499 3830 1606 3901 utSpi·

108 3910 265 3982 hdpturas.
282 3910 403 3980 Spiritus
423 3927 490 3980 ergo
508 3916 621 3964 sanctus
637 3909 771 3964 liorrrinus
811 3906 896 3960 ritum
907 3917 1034 3962 sunctum
1046 3908 1094 3961 det
1101 3908 1140 3962 sis
1149 3910 1249 3980 pignus
1260 3912 1335 3967 illius
1345 3915 1530 3986 gloriasqusm
1542 3908 1608 3989 pro·

108 4000 254 4069 lumlagis
268 4007 297 4055 et
316 3999 472 4070 Evangelii:
485 3998 603 4069 ideoque
618 3998 686 4051 nihil
701 3999 772 4055 latet
812 3993 1066 4049 misit.Sicutenim
1078 3998 1125 4078 qui
1137 3997 1237 4079 pignus
1248 4000 1290 4053 vel
1306 4001 1418 4056 arrham
1434 4004 1546 4075 accipit,
1563 4023 1607 4060 se-

108 4087 208 4159 iaquae
220 4087 259 4141 ibi
273 4088 462 4147 contincatur,
474 4103 565 4157 neque
584 4087 707 4140 velavuen
723 4086 773 4140 ali·
811 4098 895 4137 curus
907 4090 951 4138 est
963 4083 998 4139 de
1008 4083 1097 4153 pretio
1122 4087 1194 4158 quod
1206 4096 1333 4144 remanet
1346 4107 1378 4144 ex
1407 4085 1553 4162 promisso,
1568 4094 1610 4149 ita

108 4176 245 4243 maisin
273 4183 301 4230 at
329 4175 481 4237 dubietatis
497 4175 648 4245 opponitur
666 4175 702 4239 ci,
723 4174 771 4228 sad
814 4171 1112 4245 fidelesquitempore
1127 4175 1302 4247 baptismatis
1331 4178 1465 4251 Spiritum
1480 4190 1608 4238 sanctum

108 4278 139 4319 se
153 4265 259 4318 revelat
275 4281 337 4334 quau
351 4263 389 4317 rbi
427 4270 515 4325 ateut,
531 4263 604 4316 sicut
627 4261 772 4332 sequentia
814 4277 865 4331 pro
876 4261 993 4331 pignore
1009 4271 1037 4316 et
1050 4264 1134 4318 arrha
1148 4265 1298 4336 accipiunt,
1312 4268 1404 4322 securi
1418 4276 1485 4324 sunt
1497 4271 1532 4325 dc
1545 4289 1609 4343 pro·

108 4358 167 4417 aut
186 4351 237 4408 ubi
265 4358 359 4406 autem
383 4352 501 4422 spiritus
526 4352 637 4407 Domini
662 4358 714 4411 est,
735 4351 773 4405 ibi
816 4338 996 4405 missionibus
1008 4357 1104 4422 patrm
1117 4353 1247 4417 scelestis,
1263 4355 1330 4426 quia
1352 4357 1388 4411 ab
1407 4357 1455 4412 illo
1477 4354 1611 4416 transfor-

107 4446 149 4507 at
174 4442 287 4499 animas.
303 4447 333 4495 et
358 4441 477 4499 incultas
500 4439 674 4509 intelligendi
688 4440 774 4493 Vetus
815 4444 930 4492 urantur
942 4439 973 4493 in
984 4456 1034 4512 spe
1048 4442 1083 4494 ad
1094 4442 1171 4496 illam
1185 4444 1315 4513 gloriam.

107 4530 364 4593 numeratorum,
381 4529 409 4582 id
437 4535 493 4595 est,
512 4544 708 4599 quotocunque
727 4543 775 4580 re·
1000 4513 1006 4529 ⁸
1126 4531 1243 4587 CAPUT
1257 4534 1303 4587 lV.

107 4616 228 4690 Epiritus
241 4623 356 4681 sanctus
371 4634 422 4687 per
436 4618 520 4671 tidem
550 4617 660 4671 llomiai
685 4616 774 4670 nostri
833 4615 1533 4681 tasotrabentesbanccorrrtntarouomm,subaudis
1541 4624 1610 4696 spei,

107 4706 167 4775 isti,
178 4707 225 4761 ille
239 4706 325 4766 babet
341 4705 499 4760 libertatem
510 4704 645 4760 animast
659 4705 776 4760 faculta-
815 4702 844 4757 id
854 4710 905 4760 est.
918 4704 1053 4760 babentes
1062 4707 1191 4761 fiduciam
1200 4710 1611 4785 etspemtransforrnandi‚quae

107 4794 382 4863 mobscurimtas
396 4794 479 4865 legis,
492 4799 521 4848 at
546 4793 668 4864 gratiam
684 4794 775 4848 ssvan-
819 4809 883 4864 spes
896 4801 926 4847 et
936 4794 1039 4849 iiilucia
1063 4811 1080 4848 a
1104 4796 1211 4867 Spiritu
1225 4782 1321 4850 sanam
1335 4797 1415 4852 nobis
1435 4788 1613 4856 ministratur

107 4888 217 4945 mre.
813 4885 898 4950 juata
917 4884 990 4950 qaod
1005 4886 1225 4937 misericordiam
1240 4889 1375 4940 consecuti
1386 4903 1492 4950 sumar.
1505 4906 1561 4945 non
1572 4907 1613 4945 sc·

107 4986 144 5027 av
155 4988 260 5038 amnas,
274 4970 410 5026 subaudis
432 4972 553 5042 apostoli
574 4976 603 5026 et
616 4970 703 5025 Iudai
718 4987 777 5024 cra·
819 4971 942 5025 cundum
953 4972 1082 5027 meritum
1099 4978 1225 5027 nostrum
1240 4989 1294 5026 vion
1309 4975 1460 5042 defleamas,
1476 4978 1551 5033 iuter
1564 4980 1614 5034 ad·

107 5076 248 5132 nuqua
263 5061 313 5131 qui
326 5060 486 5114 libertatem
507 5060 608 5114 animae
622 5066 650 5114 at
662 5059 778 5113 issulta·
820 5076 901 5113 versa
916 5061 1000 5131 liujus
1013 5061 1115 5125 soeruli,
1133 5062 1181 5114 sed
1210 5061 1300 5116 multa
1323 5063 1425 5118 fiducia
1448 5066 1564 5134 utimur,
1585 5069 1615 5124 in

107 5164 150 5205 ιι
173 5149 245 5220 legia
266 5149 409 5203 coamenti
435 5164 546 5213 sumus,
562 5150 680 5201 revetata
709 5150 780 5215 tacis
821 5149 1028 5220 pradicatione,
1037 5149 1148 5202 fortiter
1157 5150 1309 5206 tolerantes
1319 5153 1415 5209 omnia
1427 5154 1615 5223 incommoda,

106 5237 185 5303 leat,
194 5237 347 5293 manifesto
360 5236 503 5291 intellectu
516 5237 618 5293 mantis
632 5252 682 5307 per
695 5235 780 5296 tidem
821 5237 913 5292 securi
927 5238 962 5292 da
977 5238 1092 5308 premio
1103 5244 1130 5291 ot
1143 5238 1251 5308 gloria:
1265 5242 1311 5294 sed
1332 5242 1494 5300 abdicamus
1512 5249 1618 5317 occulto

106 5326 347 5397 tiatelligontiam
358 5326 577 5396 scripturarum.
593 5327 713 5392 pluriam
728 5326 778 5379 lto·
822 5328 968 5388 dedecoris,
976 5316 1002 5379 iri
1010 5332 1061 5389 est,
1076 5327 1266 5398 respuimuset
1289 5328 1437 5401 abjicimus
1447 5335 1543 5390 omnia
1555 5340 1616 5390 tur-

106 5429 165 5483 am
180 5415 304 5469 ostendit
318 5414 408 5477 tribus
418 5414 571 5484 discipulis,
586 5415 615 5467 dt
626 5430 711 5484 quam
720 5430 782 5484 par-
823 5411 867 5483 pia
882 5409 1002 5473 acardo,
1013 5426 1071 5471 oro,
1082 5417 1200 5482 etopere
1209 5421 1315 5478 nostro,
1330 5432 1391 5486 quae
1406 5418 1617 5472 maximeinoc·

106 5503 360 5565 tuatemaasaiecti
373 5520 471 5557 sumus
482 5519 533 5556 nos
554 5506 731 5570 speculanter,
752 5502 781 5556 id
822 5502 896 5555 culto
912 5500 1003 5553 solent
1016 5500 1085 5561 ilari,
1101 5516 1157 5554 nors
1171 5503 1344 5558 contutantes
1360 5509 1515 5570 mastatio,
1530 5506 1618 5561 idest

106 5592 273 5675 &plantas
282 5591 315 5649 la
328 5592 441 5670 sprauto
465 5591 569 5654 rantis
594 5591 739 5668 perfidam
752 5597 783 5647 et
821 5590 852 5647 ia
861 5587 1016 5645 caudium
1030 5588 1114 5663 italus
1125 5589 1229 5645 saculi.
1237 5590 1350 5647 Astatia
1363 5590 1468 5651 dieitur
1477 5591 1615 5675 ab*
1659 5668 1704 5730 d
