3840 6098
96 267 147 323 ⁴89
452 268 649 328 EXPOSl'l'lO
663 274 702 327 IN
718 274 795 327 EPP.
813 275 842 328 S.
858 274 979 328 PAULI.
997 305 1028 315 -
1045 276 1084 330 IN
1102 275 1214 330 EPlS'l.
1230 275 1368 331 ADROM:
1678 278 1732 348 ⁴90

97 397 156 447 cato
167 393 197 447 in
212 388 391 465 baptismate,
402 395 580 461 sedChristo,
600 395 667 449 dum
682 413 739 450 non
754 398 783 451 in
797 399 924 456 nostran
936 398 1013 461 mali,
1025 399 1140 469 perlecti
1151 404 1180 452 et
1190 398 1355 470 imperfecti,
1369 399 1489 470 gentiles
1503 403 1532 454 et
1546 400 1734 464 ludaeistobi·

97 485 235 552 potestate
248 482 421 537 ablutionem
436 484 645 554 consequimur,
667 485 714 537 scd
731 502 781 555 per
790 486 896 556 passio·
938 489 1207 541 rrnrsoritetribanol
1219 489 1331 542 Christi.
1341 489 1475 543 Tribunal
1486 488 1734 559 estsedesjudicis‚

96 586 158 624 nem
170 577 200 625 et
212 571 393 643 baptismum,
409 577 494 643 atque
503 589 552 643 per
562 572 645 626 sidem
658 573 734 626 illius
743 574 893 630 abluimur.
937 576 1115 644 quaeineelsn
1126 576 1186 629 loco
1201 576 1365 641 collocatur,
1382 592 1438 647 quo
1454 578 1541 646 judex
1555 594 1589 631 ex
1603 577 1735 632 omuibus

97 657 364 725 Etnemosibivivit‚
377 659 511 715 subaudis
522 661 682 727 virtutibus
700 664 747 716 sed
771 664 893 731 Christo,
937 664 1025 734 possit
1047 663 1143 727 rideri,
1175 664 1277 734 etipse
1296 671 1459 719 accusantes
1485 671 1514 719 et
1541 671 1737 720 accusetuseu

97 746 142 816 qui
152 763 299 816 resumens
314 765 331 802 a
346 753 550 818 morticinium
567 766 621 804 non
633 754 841 813 irroratummors
851 755 896 806 illi
936 752 1071 806 eminenti
1086 754 1146 807 loeo
1160 753 1250 824 possit
1264 753 1378 812 intueri.
1400 754 1442 808 ltn
1458 759 1486 808 et
1508 755 1644 809 Dominus
1654 755 1736 809 lesus

98 838 172 889 ultro
184 852 242 890 non
255 837 448 890 dominabitur
461 839 544 905 (dom.
569 840 619 905 vll.
634 839 676 892 lld
701 840 779 909 cujus
803 856 896 894 exem·
936 841 1016 910 quasi
1030 841 1060 894 in
1073 840 1207 895 tribunali
1221 842 1338 906 sedebit,
1355 842 1421 912 quia
1431 848 1459 896 et
1472 841 1508 896 ab
1519 841 1649 896 omnibus
1664 841 1737 896 uide·

97 923 184 994 plum,
205 931 354 996 postquam
381 925 416 979 de
443 925 521 980 sonte
545 925 722 997 baptismatis
743 928 894 999 surgimus,
936 928 1021 994 bitur,
1037 934 1066 983 et
1080 929 1115 982 ab
1126 929 1187 1000 ipsc
1199 931 1324 984 omnium
1334 931 1511 986 conscientiae
1521 937 1648 986 etcausae
1661 931 1738 1001 diju-

98 1012 166 1066 mori
181 1013 322 1084 peccando
351 1013 511 1068 nullatenus
539 1015 683 1069 debemus
709 1017 780 1070 Mori
800 1021 894 1071 autem
936 1016 1105 1071 dicabuntur
1118 1018 1272 1088 aptissime,
1285 1026 1314 1071 et
1325 1026 1366 1073 est
1380 1036 1478 1073 sensus
1494 1037 1499 1072 :
1517 1019 1573 1073 Vos
1584 1019 1674 1090 quind
1691 1019 1736 1073 in·

99 1101 235 1170 peccando
245 1100 316 1154 dixit
328 1118 334 1152 :
346 1101 412 1171 quia
421 1101 516 1155 anima
527 1118 588 1172 quae
595 1103 750 1172 peccaverit
760 1104 820 1174 ipsa
834 1120 895 1158 mo·
938 1106 1023 1159 ricem
1036 1106 1282 1175 fratresjudicatis,
1296 1115 1434 1177 quantum
1444 1108 1473 1162 in
1482 1107 1559 1162 vobis
1571 1115 1614 1162 est
1624 1109 1681 1162 Deo
1689 1123 1738 1163 au·

101 1188 197 1247 rietur.
938 1195 1016 1249 lertis
1030 1211 1108 1248 suam
1124 1195 1293 1266 potentiam.

131 1279 192 1335 Siue
206 1282 283 1333 enim
297 1282 426 1346 cirinum,
439 1279 590 1334 virtutibus
612 1285 641 1334 et
666 1281 721 1334 vita
745 1280 895 1351 spirituali,
974 1282 1115 1352 Scriptum
1125 1290 1163 1337 est
1176 1287 1272 1337 euim:
1293 1285 1353 1337 l'ieo
1364 1300 1418 1350 epo,
1435 1285 1502 1338 dicit
1516 1286 1661 1338 donnons.
1677 1285 1737 1339 lloo

105 1366 212 1421 donnino
226 1370 367 1421 taetrum:
381 1367 447 1438 quia
461 1367 628 1422 abstinendo
653 1385 670 1422 a
695 1369 816 1441 peccatis
835 1374 898 1440 post
939 1372 1052 1442 proprie
1065 1373 1258 1441 juramentum
1274 1372 1324 1426 Dci
1337 1378 1379 1426 est
1393 1372 1422 1425 in
1439 1371 1534 1426 Veteri
1549 1372 1739 1436 Testamenta,

106 1450 280 1525 baptismum,
297 1456 439 1527 exemplar
454 1456 667 1510 resurrectionis
694 1459 755 1526 ejus
779 1457 900 1510 attendi·
941 1461 963 1513 si
975 1460 1029 1514 diei
1048 1461 1090 1514 las
1104 1466 1156 1524 est,
1170 1461 1241 1514 siout
1261 1461 1350 1514 Amen
1364 1460 1393 1513 in
1402 1461 1488 1514 Novo.
1510 1461 1574 1530 lpse
1589 1460 1663 1514 enim
1675 1477 1741 1532 pro·

106 1556 167 1609 nus,
181 1549 332 1615 postquam
347 1544 406 1615 ipse
416 1545 475 1614 jam
490 1561 547 1598 non
563 1545 691 1609 moritur,
710 1550 850 1616 quatenus
864 1545 899 1599 ad
941 1550 1000 1620 prie
1014 1549 1080 1603 vivit
1093 1556 1122 1604 et
1139 1549 1196 1602 vita
1210 1554 1263 1617 est,
1279 1549 1345 1620 quin
1358 1549 1461 1603 mutari
1474 1564 1530 1602 non
1545 1554 1648 1620 potest,
1662 1549 1743 1620 cujus

93 1632 194 1686 mlum
204 1633 312 1703 pariter
321 1649 384 1687 cum
393 1633 442 1686 illo
452 1633 636 1686 ascendamus
650 1652 656 1697 ;
678 1637 733 1687 sino
747 1637 896 1700 morimur,
941 1638 1151 1708 comparatione
1163 1643 1357 1691 mortuumest
1371 1636 1506 1708 quidquid
1520 1636 1623 1691 mutari
1639 1642 1741 1708 potest,

95 1719 489 1792 subaudispeccatotempore
498 1721 685 1792 baptismatis,
710 1726 826 1779 Doniino
841 1704 931 1776 nro-B
944 1726 1076 1796 quoniam
1092 1726 1170 1780 nulla
1179 1731 1311 1780 creatura
1326 1732 1369 1780 est
1383 1742 1444 1795 qnae
1457 1742 1474 1778 a
1488 1741 1518 1779 se
1545 1725 1630 1780 habet
1644 1726 1741 1780 vitum.

85 1812 209 1865 ribuar:
225 1810 293 1880 quia
301 1809 366 1864 utel
376 1811 547 1880 placeamus,
559 1811 594 1864 ad
604 1810 815 1865 similitudinem
827 1812 901 1866 illius
944 1817 1081 1882 Quorn'om
1095 1816 1168 1867 milri
1181 1818 1304 1883 flectetur
1319 1830 1397 1867 onim
1410 1831 1492 1881 penu,
1504 1819 1529 1868 et
1539 1817 1629 1868 omnis
1645 1817 1744 1882 linquo

76 1899 143 1971 qui
158 1915 307 1969 nunquam
319 1899 454 1970 peccarit,
470 1916 521 1970 per
533 1898 617 1952 tidem
634 1904 662 1953 et
676 1899 900 1971 redemptionem
943 1903 1117 1969 confitebitur
1131 1900 1534 1971 liernQuomodoergonngeli,
1547 1901 1671 1973 quisunt
1685 1902 1744 1974 spi·

73 1986 244 2058 sanguinis
259 1989 320 2058 eJus
333 1987 368 2041 ab
379 1987 563 2058 originalibus
574 1994 603 2041 et
617 1988 773 2042 actualibus
781 1988 902 2059 peccatis
944 1990 1023 2054 ritus,
1039 1993 1153 2044 lleetent
1168 1990 1227 2045 Deo
1252 1990 1348 2060 genui
1367 1991 1422 2044 Per
1445 1991 1592 2045 flexionem
1619 2007 1744 2061 genuum

67 2080 118 2133 in
135 2075 313 2148 baptismate
337 2077 516 2130 mundemur.
543 2075 604 2130 Siue
620 2093 682 2144 erpo
703 2079 832 2142 molinus,
848 2080 903 2131 siue
943 2079 1145 2149 subjectionem
1161 2078 1295 2132 debemus
1320 2079 1486 2149 intelligere,
1507 2080 1581 2149 quia.
1596 2078 1744 2150 injudicio

69 2168 250 2229 snorirnur,
263 2166 491 2230 Dorninisumus,
503 2164 636 2219 subaudis
649 2165 732 2228 serni,
744 2166 810 2235 quia
822 2166 904 2236 inpo·
944 2167 1038 2221 onmia
1049 2167 1161 2222 Christo
1174 2166 1339 2220 subdentur.
1357 2167 1496 2221 Flectetur
1507 2182 1574 2237 ergo
1588 2167 1647 2222 Deo
1661 2183 1745 2225 omne

64 2258 201 2310 testate
227 2253 304 2308 illius
327 2253 516 2308 consistimus.
544 2254 666 2307 Possunt
688 2254 747 2307 lucc
767 2254 851 2306 verba
868 2271 901 2307 ox
942 2255 1359 2325 genu.dumomniscreetn1·a
1386 2254 1552 2324 subjicietur
1573 2255 1623 2310 illi.
1646 2255 1745 2312 Omnis
1831 2274 1841 2291 ·

64 2347 257 2414 martyrum
271 2357 391 2412 persona
406 2342 525 2412 intelligi
540 2341 615 2396 dicta
630 2348 658 2395 et
670 2342 795 2395 omniurn
810 2343 903 2413 perle-
943 2345 1162 2414 quoquelingua
1176 2345 1322 2398 bominum
1337 2343 1517 2397 confitebitur
1531 2343 1598 2406 lieo,
1609 2343 1676 2398 dum
1688 2344 1747 2398 lau·

66 2437 222 2495 etos-um,
239 2430 288 2502 qui
303 2430 425 2484 nonsibi
440 2430 545 2493 vivunt,
563 2431 629 2501 quia
652 2447 707 2484 non
729 2431 901 2485 voluntatem
944 2431 1118 2486 dabitDeum
1129 2431 1243 2485 Patrem
1254 2448 1304 2501 per
1312 2430 1424 2495 Filium,
1441 2431 1561 2500 quodde
1571 2431 1666 2485 electis
1680 2437 1745 2486 tan·

67 2535 181 2573 suam
194 2524 325 2589 quaerunt
333 2519 499 2590 adimplere,
510 2520 558 2573 sed
568 2519 764 2583 Domini,dum
776 2520 904 2589 perdile-
944 2527 1004 2574 tum
1021 2519 1150 2573 sentitur.
1160 2518 1482 2589 Nnmdeimpiisdicitur
1492 2518 1634 2588 quianon
1644 2525 1681 2573 est
1690 2537 1745 2590 spe·

67 2609 223 2664 ctionem
234 2608 308 2680 quod
320 2608 508 2679 aliisexpedit,
520 2607 634 2661 iaciunt.
648 2608 727 2671 Quod
742 2613 903 2661 autemnon
945 2613 1017 2662 oium
1029 2611 1089 2661 lens
1099 2611 1130 2660 in
1140 2622 1185 2660 ore
1205 2609 1354 2674 peccel-oris
1365 2607 1444 2671 (Eeel.
1458 2612 1510 2669 xv).
1525 2606 1623 2676 angeli
1651 2618 1746 2663 antem

71 2694 152 2750 sibi
172 2697 332 2751 moriuntur
347 2704 437 2750 morte
458 2695 632 2766 temporali,
647 2695 674 2748 in
703 2712 758 2766 qua
777 2695 829 2749 sibi
848 2712 905 2749 non
946 2714 978 2751 eo
994 2695 1076 2749 modo
1091 2695 1137 2765 qui
1153 2700 1219 2748 sunt
1233 2693 1400 2763 incorporei,
1414 2693 1531 2747 laudant
1546 2703 1574 2748 et
1592 2695 1748 2751 laudabunt

71 2786 296 2840 conceduntur
308 2801 400 2855 neque
424 2784 632 2854 relinquuntur,
648 2783 727 2838 seda
751 2784 808 2837 Dec
824 2800 903 2838 assu·
944 2783 1045 2837 Deum.
1063 2784 1121 2836 Vox
1135 2783 1209 2837 enim
1220 2782 1384 2852 angelorum
1407 2783 1435 2836 in
1457 2782 1567 2837 laudem
1593 2785 1746 2857 Creatoris,

74 2880 238 2940 munim-3
255 2890 305 2928 seu
320 2873 406 2927 etiam
419 2872 537 2926 sibinen
551 2872 711 2926 moriuntur
720 2879 810 2926 morte
825 2872 906 2943 spiri·
946 2873 1006 2942 ipse
1018 2876 1061 2925 est
1075 2871 1224 2925 admiratio
1239 2870 1344 2924 intima
1360 2871 1613 2942 contemplationis.
1757 2876 1761 2887 ’

76 2959 164 3028 tali,
182 2962 304 3034 peccatis
323 2961 461 3027 videlieet,
473 2961 575 3031 quibus
593 2962 763 3026 moriuntur,
776 2962 843 3015 dum
856 2978 906 3032 per
981 2963 1273 3029 Itaqueonusquisque
1284 2965 1411 3013 nostrum
1417 2975 1499 3029 prose
1509 2964 1647 3016 rationem
1655 2965 1748 3018 reddet

79 3044 242 3118 Spiritum
267 3058 395 3106 sanctum
424 3056 452 3105 et
483 3066 585 3121 equam
612 3057 823 3121 regenerantur,
853 3012 1261 3105 noccneo.Ecestsensus:0
1282 3048 1549 3118 ludaeietgentiles,
1566 3051 1747 3122 quinosjam

79 3147 202 3205 aperte
216 3141 356 3206 innuitur,
366 3140 430 3211 quia
446 3156 502 3194 non
516 3139 619 3195 debent
634 3139 691 3193 otio
715 3145 837 3210 torpere,
857 3139 907 3193 sed
946 3137 1317 3207 inricenijudicntis,eurliei
1324 3137 1669 3210 J'udiciumrestrojudieio
1679 3157 1748 3212 prae·

79 3221 151 3280 Dei
162 3236 193 3284 et
204 3229 325 3302 proximi
340 3229 490 3283 dilectione
510 3245 622 3299 semper
635 3228 752 3281 fervere.
768 3229 906 3298 Martyres
947 3227 1057 3292 venitis,
1074 3231 1101 3280 et
1116 3227 1177 3296 ejus
1192 3231 1503 3297 potestatemquantum
1514 3227 1543 3282 in
1553 3228 1631 3283 vobis
1644 3235 1697 3296 est,
1708 3235 1749 3285 te·

81 3324 220 3390 quoque
230 3335 287 3373 nan
302 3316 563 3379 'sibimoricbantur,
575 3317 623 3370 sed
634 3317 762 3382 Domino,
773 3317 838 3386 quia
850 3331 907 3370 reon
947 3333 1024 3370 mere
1036 3314 1179 3385 usurpatis
1191 3313 1501 3382 ?Hoovobissull1ciat,
1513 3317 1588 3387 quod
1597 3318 1748 3388 unnsquis-

75 3411 219 3476 Propter
241 3424 323 3462 suam
334 3407 472 3460 malitiam
488 3405 707 3476 perimebantur,
729 3405 778 3458 sed
795 3422 846 3475 pro
856 3403 907 3459 Dei
948 3421 1001 3476 que
1016 3420 1067 3474 pro
1077 3421 1106 3456 se
1121 3403 1258 3457 rationem
1269 3408 1312 3456 est
1325 3403 1496 3468 redditurus,
1511 3421 1567 3459 non
1580 3406 1671 3461 solum
1683 3421 1747 3478 ope-

74 3495 204 3550 notitia
219 3502 250 3550 et
262 3495 438 3550 consessione
464 3495 539 3559 adei,
556 3494 666 3549 dicente
683 3494 743 3565 ipso
762 3494 881 3548 Domino
898 3511 904 3547 :
947 3510 1010 3546 rum
1021 3498 1050 3546 et
1062 3507 1234 3555 sermonum,
1251 3491 1393 3545 sedetiam
1409 3493 1621 3563 cogitationum.

75 3572 180 3638 Beati·
190 3588 270 3640 eritis
284 3601 348 3638 cum
363 3587 492 3652 ejecerint
505 3600 606 3637 aetiten
634 3587 906 3650 ecstrmntonquom
981 3583 1043 3636 il'on
1058 3582 1258 3647 erpoumplius
1282 3582 1399 3633 inuicem
1423 3581 1591 3647 judicemus,
1608 3580 1746 3636 subaudis

75 3673 213 3728 ’nalum
223 3677 338 3743 propter
352 3674 457 3727 Filium
474 3674 594 3726 lerninis
607 3671 678 3743 (liic.
693 3670 742 3740 rr).
946 3668 1143 3723 cumintnrum
1157 3666 1205 3720 Dei
1217 3665 1354 3736 judicium
1368 3667 1484 3721 minime
1497 3669 1669 3738 ignoramus.
1685 3670 1745 3725 Hoc

139 3759 235 3816 lnlroo
248 3764 325 3816 enim
348 3761 475 3816 Christus
489 3765 617 3814 mortuas
638 3765 685 3824 est,
703 3766 726 3813 et
741 3760 905 3823 resimrrrit,
948 3757 1049 3811 dicitur
1064 3755 1098 3809 de
1111 3754 1236 3819 occultis,
1250 3771 1305 3807 non
1315 3755 1350 3808 de
1366 3755 1485 3825 apertis;
1503 3758 1549 3810 sed
1564 3759 1745 3826 bocjudieoto

74 3842 153 3897 vel
165 3855 254 3905 morte
267 3849 372 3915 carnis,
387 3849 430 3903 vel
442 3855 533 3903 morte
547 3848 662 3919 peceati.
681 3848 748 3918 quin
762 3863 906 3918 nunquam
947 3848 1047 3915 irrepis,
1060 3846 1211 3910 iteponere
1221 3845 1415 3908 offerrdiculnm
1423 3845 1560 3909 [ratresei
1568 3848 1742 3911 scarrdolmu,

75 3934 239 4006 Peccavit,
250 3945 283 3993 ut
296 3943 322 3992 et
336 3941 463 3992 vinorum
478 3942 502 3990 et
518 3943 693 3991 nrorteorum
706 3934 907 4000 ‹lorrrr'netm·,id
948 3935 975 3988 id
991 3939 1043 3997 est,
1060 3933 1113 3985 hoc
1124 3930 1244 3984 niaxime
1258 3937 1364 3994 cauete,
1380 3936 1409 3984 et
1422 3932 1512 4001 magis
1537 3933 1688 4000 decernite,
1709 3951 1745 3991 ue

75 4022 302 4082 estuicorum
318 4025 489 4092 dominetur,
506 4025 555 4095 qui
565 4025 661 4079 rirunt
672 4027 730 4095 jam
746 4022 906 4087 virtutibus,
949 4022 1012 4094 quis
1022 4027 1114 4074 vestro
1124 4018 1198 4072 malo
1209 4016 1301 4081 verbo,
1316 4024 1365 4072 aut
1378 4034 1507 4088 perverso
1521 4022 1647 4092 exemplo
1663 4038 1745 4078 scan-

69 4107 200 4168 grmlio
214 4115 264 4170 Dei
276 4114 368 4169 abluti
380 4131 398 4168 a
407 4114 537 4185 peccatis,
551 4119 580 4168 et
592 4114 705 4168 illorum
721 4113 769 4183 qui
780 4110 905 4183 quotidie
945 4112 1082 4169 dalieetur
1096 4113 1125 4162 et
1137 4106 1295 4162 ollendatur
1306 4125 1312 4174 3
1325 4108 1367 4161 vel
1383 4108 1435 4162 hoc
1451 4108 1576 4175 statuite,
1600 4126 1635 4164 ne
1660 4128 1746 4168 cansa

69 4194 268 4260 moriuntur
281 4209 407 4276 peccato,
423 4204 459 4257 ad
474 4204 526 4257 hoe
542 4210 575 4257 nt
600 4203 694 4257 vivant
707 4199 905 4255 similiterrir-
946 4195 1236 4255 carnaliumciborum
1248 4195 1428 4251 offensionem
1439 4197 1744 4273 fratribusminusper·

67 4268 224 4359 tutibus,
240 4293 269 4347 in
282 4291 408 4347 novitate
421 4291 483 4346 vitm
495 4291 673 4346 ambulando.
945 4288 1025 4344 sectis
1035 4283 1184 4357 generetis.

158 4378 305 4448 denotem,
322 4381 427 4446 Judaee,
446 4382 515 4448 perid
539 4382 652 4449 judicus
664 4382 782 4446 [rutrum
798 4383 878 4430 terrm
895 4360 938 4428 lD
982 4377 1076 4431 Scioet
1087 4373 1592 4444 confidemDoaiinolesu‚quioniltil
1602 4393 1747 4433 commune

57 4450 243 4525 geutilem
268 4469 487 4524 manducantem
514 4468 617 4523 omnin.
647 4468 703 4523 Aut
725 4469 765 4529 tu,
781 4465 904 4535 gentilis,
944 4468 1090 4534 peripsum
1101 4465 1283 4515 crentumest.
1296 4462 1385 4516 ludaei
1406 4462 1482 4518 cibos
1496 4480 1529 4517 ex
1544 4464 1605 4534 lege
1615 4465 1668 4519 sibi
1681 4482 1747 4537 per·

48 4537 199 4618 ,querc
209 4561 326 4629 spernis,
338 4565 367 4612 et
378 4558 506 4628 despicis,
522 4560 641 4625 fratrem
662 4560 741 4609 tuum
753 4559 765 4607 ,⁹
778 4552 907 4607 Judaeum
948 4549 1522 4617 missosdicebanttantummodomundos,
1543 4552 1745 4623 quibusautern

44 4624 101 4717 ’Ἴ
113 4636 351 4703 tirnumadhuc
364 4647 393 4701 in
404 4647 468 4712 llde,
481 4652 509 4701 et
518 4645 660 4701 nolentem
674 4643 908 4697 manducareom·
948 4646 1047 4712 gentes
1057 4638 1246 4694 conrniunitcr
1254 4639 1416 4695 utebantur.
1427 4656 1599 4702 communes,
1612 4640 1640 4694 id
1656 4647 1699 4694 est
1717 4640 1747 4694 in

41 4711 96 4760 ¹¹¹
108 4736 321 4801 ³1,cumidem
332 4736 437 4791 Paulus
452 4735 520 4790 alibi
537 4735 627 4789 dicat:
644 4735 759 4788 rl'escitis
775 4736 842 4800 quio
854 4748 907 4785 on·
949 4729 1054 4784 mundo
1070 4726 1258 4799 appellabant,
1274 4728 1348 4780 sicut
1363 4733 1392 4780 et
1411 4728 1512 4780 Petrus
1526 4727 1584 4780 ait:
1598 4727 1748 4783 Commune

38 4798 107 4895 qe
115 4812 390 4894 ‘miudicobimua
408 4828 512 4893 quanto
533 4826 622 4891 caepis
644 4822 789 4875 secularia
806 4822 831 4887 (l
846 4821 906 4874 dor.
949 4818 1182 4873 nournoudncari
1190 4819 1260 4886 (det.
1271 4814 1696 4883 nir),idestimmnndum.lnde
1710 4815 1751 4870 di·

37 4884 131 4959 ιη
157 4930 166 4979 3
179 4915 321 4969 etiterum
337 4912 397 4984 ipse
409 4911 580 4983 judicando:
606 4913 660 4978 Oui
680 4912 750 4963 talio
764 4914 851 4977 aptent
864 4924 909 4962 re·
950 4906 988 4960 cit
1002 4904 1153 4976 Apostolus
1170 4920 1175 4955 :
1191 4902 1263 4961 Scio,
1280 4904 1421 4972 inquiens,
1444 4907 1473 4956 et
1487 4903 1569 4957 eredo
1584 4903 1612 4958 in
1629 4904 1749 4961 Domino

35 4972 198 5070 qumm
209 5003 259 5058 Dei
272 5019 328 5057 non
344 5007 543 5070 consequentur
560 4999 628 5069 (Get.
653 5002 691 5067 v),
711 5015 762 5052 eur
783 4997 829 5050 hic
844 5013 909 5067 pro·
951 4996 1027 5062 lesu,
1043 4992 1100 5047 sire
1114 5008 1164 5062 per
1174 4990 1323 5045 Dominum
1337 4991 1442 5056 lesum,
1454 4991 1501 5062 qui
1517 4991 1586 5046 mibi
1596 4993 1648 5048 boc
1658 4995 1751 5050 mani·

36 5043 192 5146 l&bet
203 5107 238 5146 ne
247 5089 429 5161 judicemus?
446 5087 596 5143 Sciendum
612 5086 686 5158 quod
698 5085 911 5156 deapertisren·
951 5081 1072 5144 testarit,
1085 5081 1151 5150 quie
1165 5096 1216 5151 per
1230 5079 1322 5149 ipsum
1337 5079 1406 5132 nibil
1421 5084 1464 5133 est
1478 5079 1656 5136 immundum
1672 5100 1752 5139 crea·

157 5193 188 5232 ue
197 5177 285 5233 libera
293 5182 419 5250 potestas
430 5175 511 5231 nobis
518 5174 662 5246 judicandi
676 5173 846 5237 conceditur,
858 5173 912 5227 sic·
952 5176 1024 5234 tum,
1041 5168 1089 5223 sed
1103 5168 1198 5222 omnio
1213 5166 1318 5219 munda
1326 5167 1361 5220 ab
1369 5184 1402 5221 eo
1418 5167 1492 5222 sacta
1507 5175 1583 5233 sunt,
1599 5171 1673 5226 sicut
1683 5173 1753 5228 scri·

39 5235 119 5297 ut
163 5264 195 5319 de
206 5264 369 5333 homicidio,
384 5264 523 5319 adulterio
536 5262 659 5334 publico,
671 5267 757 5332 atquo
772 5261 856 5315 surio.
872 5260 913 5314 De
954 5264 1033 5330 ptum
1057 5262 1116 5312 est:
1138 5256 1206 5309 Vidit
1229 5256 1299 5309 deus
1324 5261 1423 5309 coneto
1438 5274 1497 5333 qua
1507 5260 1618 5325 secaret,
1632 5265 1658 5314 et
1673 5264 1755 5315 erant

43 5324 375 5424 Quaecunque)
385 5358 505 5425 possunt
515 5352 588 5406 bono
603 5356 632 5405 et
644 5349 718 5403 malo
733 5348 827 5402 animo
841 5347 912 5413 lieri,
955 5348 1032 5401 stride
1048 5347 1116 5399 bono
1132 5343 1204 5401 (Geu-
1220 5343 1248 5410 ι).
1272 5344 1336 5397 Nisi
1363 5347 1398 5412 ei,
1424 5346 1497 5401 torte
1520 5347 1626 5413 Judaeo,
1638 5349 1681 5403 vel
1698 5348 1754 5404 elio

50 5413 291 5497 *nudatur
315 5441 397 5497 nobis
422 5442 560 5514 judicare,
576 5439 642 5512 quia
663 5424 763 5492 horum
775 5435 914 5507 judicium
955 5432 1078 5498 cuilibet,
1089 5435 1139 5500 prii
1152 5433 1292 5485 oristimat
1301 5432 1415 5504 aliquod
1425 5435 1752 5502 alimentumcommune,

58 5488 178 5584 DQ)
190 5536 233 5586 est
242 5531 455 5588 reservandum.
476 5530 582 5586 Omnes
604 5530 690 5595 erriru,
705 5527 733 5581 id
756 5530 799 5581 est
811 5523 917 5580 boniet
957 5521 989 5578 id
1004 5526 1047 5576 cst
1061 5519 1249 5588 immundum,
1265 5535 1328 5590 esse,
1341 5523 1386 5576 iili
1398 5538 1542 5579 ceramum
1558 5529 1606 5592 est,
1623 5523 1689 5594 quia
1702 5522 1756 5578 im-

10 5686 81 6042 χ
198 5614 206 5623 ’
241 5630 380 5695 Parnon.
402 5627 523 5694 exvlt.
1597 5614 1636 5679 ¹⁶
