3840 6098
146 274 195 331 see
352 313 363 326 .
600 270 809 326 suessano
829 271 867 324 ru
887 270 1044 326 oxu'rroa
1063 274 1309 332 cxxncoeuu.
1556 260 1558 265 ’
1720 284 1774 343 sao

141 405 206 453 sunt
220 398 296 469 pleni
309 399 425 468 myrrha
447 398 732 468 probatissimarum
752 400 845 469 ipsum
865 415 935 476 opus
946 400 1025 469 Aqui
1043 401 1183 457 civitatem
1205 405 1256 458 Dei
1278 405 1316 470 (id
1338 412 1380 460 est
1405 407 1565 477 Ecclesiam)
1587 410 1774 479 circumeunt,

140 487 366 542 mortificationis
386 488 528 559 subtiliter
551 488 747 548 discernimus,
769 494 863 541 utrum
884 503 934 557 pro
976 490 1138 559 pervigilem
1152 493 1212 561 eJus
1227 509 1322 546 euram
1339 503 1462 565 agentes,
1476 514 1531 568 que
1542 498 1618 553 illam
1635 504 1664 554 et
1677 500 1712 555 ab
1727 502 1774 556 ad-

141 576 248 632 intuitu
261 593 391 647 supernae
406 578 543 631 mercedis
558 578 616 640 siat,
632 594 670 629 an
683 593 732 647 pro
746 575 877 629 laudibus
887 593 936 630 sae-
975 579 1106 632 versariis
1121 585 1262 646 tueantur,
1271 588 1299 635 et
1313 582 1396 636 xerbo
1407 600 1457 638 suo
1472 586 1514 640 vel
1525 589 1651 658 exemplo
1667 590 1702 642 ad
1717 606 1774 644 οω-

140 665 207 720 culi.
224 665 277 729 Qui
298 665 373 718 enim
389 682 438 735 pro
459 667 590 720 Humanis
605 664 745 719 favoribus
758 666 878 735 jejunat,
894 664 936 718 rel
977 663 1058 718 lestia
1072 666 1212 721 desideria
1225 670 1378 725 accendant
1402 673 1551 729 inveniunt
1565 693 1774 749 ergosponsam

140 753 318 809 abstinentiae
346 753 403 807 sive
426 745 604 808 continentiae
625 753 757 824 operibus
780 753 893 813 insistit,
909 752 937 806 in
978 751 1109 806 dilectum
1125 763 1304 824 querentem,
1326 775 1389 811 eum
1405 761 1493 814 sancti
1508 762 1635 817 doctores
1649 766 1775 820 animam

140 842 272 897 manibus
284 841 396 912 quidem
411 845 554 913 myrrham
568 843 661 905 habet,
673 843 721 896 sed
736 843 764 895 in
780 841 937 911 digitisnon
979 839 1137 893 coelestibus
1156 841 1299 896 desideriis
1323 844 1469 911 intentam,
1486 850 1529 901 vel
1551 857 1702 919 praesentes
1718 869 1778 906 xer-

139 932 239 989 habet,
257 931 395 1001 quianon
410 932 545 985 discernit
560 930 939 1002 quarehoclaciatllequa·
980 927 1024 993 bo,
1054 928 1097 981 rel
1125 927 1254 983 absentes
1273 931 1497 1002 Scripturissuis
1515 937 1667 993 instituunt
1685 946 1714 994 et
1736 940 1778 994 in·

140 1020 216 1074 libus
225 1020 655 1091 Dominusdicit.«Receperunt
663 1019 818 1073 mercedem
830 1034 937 1071 suam.»
980 1015 1110 1069 leumant.
1131 1038 1141 1065 ι
1164 1018 1374 1082 Percusserunt,
1391 1021 1493 1092 inquit,
1513 1029 1542 1078 et
1562 1027 1778 1083 vulneraverunt

139 1110 207 1165 Siue
223 1125 325 1162 manus
340 1125 449 1180 sponsae
459 1109 598 1163 distillant
609 1109 835 1179 myrrham,cum
845 1106 940 1177 operi·
982 1120 1035 1157 me.
1055 1128 1067 1152 ι»
1082 1104 1204 1159 Verbum
1217 1107 1267 1161 Dei
1281 1109 1391 1177 gladius
1413 1116 1465 1178 est,
1490 1113 1599 1168 dicente
1616 1117 1750 1186 Apostolo
1770 1135 1776 1169 ε

137 1197 195 1252 bus
211 1203 316 1251 sanctae
331 1196 468 1260 Ecclesiae,
491 1196 661 1251 castimoniae
676 1197 718 1249 rel
735 1201 836 1251 sanctae
850 1195 940 1250 conti·
984 1193 1098 1247 «vivus
1125 1200 1168 1248 est
1193 1213 1286 1250 sermo
1301 1198 1350 1250 Dei
1366 1204 1393 1251 et
1407 1199 1513 1265 efficax,
1530 1207 1560 1255 et
1577 1205 1779 1273 penetrabilior

135 1286 246 1341 „entire
262 1287 369 1356 seipsos
382 1291 491 1356 aptant.
982 1282 1059 1337 omni
1073 1283 1166 1352 gladio
1181 1285 1306 1355 ancipiti,
1322 1295 1350 1339 et
1366 1287 1529 1358 pertingens
1551 1306 1640 1363 usque
1660 1295 1695 1347 ad
1707 1295 1779 1349 divi·

179 1391 194 1425 «
212 1373 360 1427 Pessulum
376 1373 440 1427 ostii
453 1373 508 1427 mei
531 1373 628 1444 aperui
644 1372 746 1426 dilecto
760 1388 831 1436 meo,
851 1378 881 1425 at
896 1372 942 1427 ille
983 1369 1090 1424 sienem
1105 1371 1246 1426 auimaeac
1261 1373 1387 1444 spiritus.
1400 1394 1412 1427 x
1423 1375 1484 1430 Hoc
1492 1378 1587 1447 gladio
1601 1397 1704 1451 sponsa
1714 1399 1781 1454 per·

133 1461 335 1517 declinaverat
350 1462 625 1532 atquetransierat.r
639 1461 785 1515 Pessulum
800 1461 865 1514 ostii
879 1477 943 1531 ape·
983 1459 1088 1514 eutitur
1110 1467 1140 1514 et
1164 1462 1337 1528 vulneratur,
1355 1466 1466 1534 quando
1481 1468 1672 1537 predicatoris
1684 1488 1779 1526 sermo

133 1551 189 1613 n't,
208 1567 275 1604 eum
289 1550 413 1604 Ecclesia
426 1551 468 1604 rel
483 1550 575 1604 fidelis
591 1566 708 1620 quaeque
723 1550 820 1603 anima
833 1566 882 1604 cor
896 1549 943 1603 ad·
983 1547 1018 1601 de
1033 1549 1089 1602 Deo
1099 1549 1233 1619 loquitur,
1249 1557 1277 1604 et
1286 1552 1429 1606 auditores
1444 1555 1528 1609 veluti
1539 1558 1659 1626 quodam
1675 1559 1782 1630 spiculo

132 1639 270 1694 venienti
286 1639 431 1694 Conditori
444 1639 550 1710 pandit.
564 1659 577 1691 x
592 1639 684 1693 stille
698 1638 885 1693 declinaverat
899 1642 943 1691 at·
984 1638 1205 1707 compunctionis
1215 1644 1243 1692 et
1257 1641 1361 1693 amoris
1376 1641 1534 1698 transfodit.
1548 1662 1561 1697 t
1574 1646 1711 1701 Tulerunt
1720 1649 1783 1720 pal·

135 1745 198 1800 que
214 1727 377 1782 transierat.
396 1744 409 1779 r
426 1727 595 1798 Plerumque
610 1727 686 1780 enim
707 1742 771 1781 curn
786 1726 972 1808 spiritualiass
984 1725 1052 1780 lium
1068 1742 1161 1779 meum
1173 1726 1249 1779 mihi.
1267 1746 1281 1778 a
1295 1727 1353 1780 Hoc
1368 1728 1411 1782 hic
1426 1729 1552 1799 pallium,
1564 1734 1638 1803 quod
1653 1735 1783 1806 superius

136 1816 551 1890 quaequetraetarevolumus,
567 1814 946 1886 quantosubtiliusinteudi·
986 1814 1081 1868 tunica
1102 1814 1277 1884 intelligitur,
1308 1815 1499 1871 ubidicitur:
1519 1840 1532 1870 ι
1552 1821 1710 1891 Exspoliavi
1737 1839 1783 1877 me

137 1922 220 1968 mus,
236 1910 318 1958 tanto
339 1905 413 1958 acies
432 1905 523 1958 cordis
544 1904 747 1959 reverberato,
770 1904 850 1958 Unde
870 1904 947 1958 5210.
987 1902 1081 1955 tunica
1100 1918 1173 1965 mea,
1200 1921 1211 1952 r
1235 1903 1358 1972 tegmine
1374 1904 1503 1959 videlicet
1518 1908 1693 1963 saecularium
1709 1911 1785 1965 desi-

140 2010 212 2049 mon
228 1993 319 2047 dicit:
336 1993 433 2055 «Dixi,
451 1993 564 2062 sapiens
577 1994 692 2057 efficiar,
716 1998 745 2046 et
759 1992 819 2062 ipsa
835 1992 946 2062 longius
989 1990 1130 2044 dcriorum
1149 2009 1155 2043 ι
1173 1991 1247 2061 quod
1262 1993 1393 2046 custodes
1407 1994 1549 2062 auserunt,
1566 1997 1632 2067 quia
1647 1998 1784 2070 quidquid

140 2083 263 2139 recessit
287 2098 304 2134 a
324 2099 378 2135 me.
399 2082 573 2135 ·Psalmista
592 2098 702 2153 quoque
723 2081 814 2134 dicit:
834 2085 948 2135 ‹Acee-
989 2079 1024 2133 de
1050 2095 1146 2133 amore
1170 2080 1316 2149 praesentis
1331 2082 1424 2135 saeeuli
1440 2082 1469 2136 in
1494 2090 1587 2139 mente
1609 2087 1787 2156 alicujusra·

148 2171 195 2226 det
207 2171 295 2224 bomo
303 2170 338 2223 ad
349 2187 397 2224 cor
406 2170 505 2231 altum,
517 2177 547 2223 et
555 2170 723 2225 exaltabitur
732 2168 948 2235 Deus.»Quanto
990 2168 1135 2232 manserit,
1152 2174 1241 2222 totum
1257 2169 1346 2222 sancti
1367 2170 1494 2225 doctores
1513 2174 1655 2240 auferunt,
1672 2182 1702 2229 et
1724 2192 1787 2230 eam

150 2260 225 2314 enim
238 2259 361 2329 quisque
380 2259 471 2328 magis
494 2259 529 2312 ad
545 2259 811 2329 contemplationem
827 2258 949 2312 divinam
990 2257 1165 2310 solummodo
1181 2273 1315 2326 sponsum
1328 2257 1470 2313 Christum
1486 2261 1604 2331 diligere
1620 2263 1734 2318 faciunt.
1752 2265 1790 2320 Hi

155 2347 347 2420 purificatione
361 2348 452 2400 carnis
465 2364 514 2401 cor
525 2348 655 2409 sustollit,
672 2355 752 2401 tanto
776 2348 860 2401 altius
875 2346 949 2418 quod
992 2345 1061 2399 tales
1075 2346 1293 2415 possuntdicere
1308 2363 1371 2400 cum
1386 2349 1561 2418 Apostolozr
1583 2351 1652 2406 Mihi
1669 2354 1790 2408 mundus

160 2436 297 2507 querebat
307 2453 370 2490 esse
381 2435 653 2506 invenitDieitergo
664 2455 669 2488 :
681 2456 693 2485 u
707 2436 951 2490 llledeclinarerat
991 2435 1140 2488 crucifixus
1154 2441 1205 2495 est,
1222 2441 1251 2487 et
1265 2452 1316 2504 ego
1335 2438 1451 2493 mundo.
1472 2456 1485 2490 r
1511 2457 1524 2490 c
1547 2440 1684 2496 Custodes
1699 2459 1792 2496 muro·

164 2534 238 2595 atque
252 2525 415 2580 transierat.
430 2545 442 2576 x
459 2525 525 2595 quia
539 2541 621 2578 nenio
636 2542 699 2578 eum
711 2526 739 2578 iu
756 2524 883 2594 praesenti
897 2525 952 2577 vita
993 2538 1066 2575 rum.
1081 2542 1093 2574 x
1107 2523 1178 2576 Muri
1194 2523 1313 2577 ciuitatis
1328 2532 1394 2577 sunt
1408 2528 1497 2580 suncti
1510 2528 1638 2583 doctores
1648 2531 1790 2584 Ecclesiae.

167 2614 236 2668 sicuti
249 2621 295 2668 est
308 2613 546 2684 comprehendere
568 2620 668 2684 potest.
688 2612 819 2666 «Anima
843 2629 904 2665 mea
917 2612 952 2664 li·
994 2611 1130 2665 Custodes
1145 2617 1240 2665 autem
1255 2628 1397 2666 murorum
1415 2614 1454 2666 illi
1480 2621 1545 2669 sunt
1569 2617 1616 2686 qui
1641 2618 1727 2673 etiam
1743 2636 1791 2674 eos

170 2701 284 2770 quelaeta
296 2705 350 2763 est,
367 2707 398 2754 ut
412 2700 530 2754 dilectus
546 2701 655 2754 locutus
668 2707 720 2753 est.
739 2722 749 2750 ι
768 2701 878 2764 Quanto
896 2700 953 2768 (irr-
995 2699 1147 2764 instruunt,
1164 2700 1211 2770 qui
1223 2700 1284 2753 aliis
1295 2718 1405 2771 quoque
1420 2703 1571 2772 praedicare
1586 2714 1712 2775 possunt,
1724 2725 1792 2778 qua·

174 2791 231 2861 quit)
255 2791 375 2844 vicinius
399 2790 549 2843 adventum
576 2790 670 2861 sponsi
696 2789 749 2844 nrei
773 2793 897 2859 persensi
919 2791 954 2844 ad
995 2787 1030 2841 lis
1048 2799 1110 2841 erat
1138 2790 1251 2852 Paulus,
1276 2789 1323 2859 qui
1350 2791 1539 2856 Timotheum,
1566 2794 1671 2854 Titum,
1696 2812 1792 2852 muros

175 2886 263 2934 tactum
274 2886 390 2934 seeretae
400 2878 603 2948 inspirationis,
619 2886 697 2932 tanto
715 2879 803 2948 nragis
820 2878 954 2949 quidquid
996 2875 1093 2945 utique
1117 2876 1200 2944 hujus
1223 2877 1353 2941 civitatis,
1375 2878 1530 2933 instruebat
1551 2888 1580 2934 et
1602 2884 1788 2953 custodiebat,

179 2967 245 3022 inme
259 2976 321 3022 erat
331 2967 610 3037 frigidumincaluit,
618 2967 658 3020 ita
672 2974 703 3020 ut
713 2966 782 3020 nibil
795 2968 854 3037 jam
870 2968 956 3021 libeat
997 2964 1048 3019 hoe
1073 2969 1116 3018 est
1141 2964 1340 3019 exhortabatur
1364 2966 1399 3020 ad
1426 2968 1623 3037 perlectionem
1639 2972 1704 3027 boni
1723 2989 1791 3046 ope·

180 3056 218 3109 nisi
242 3058 270 3110 in
296 3058 437 3126 lacrymas
456 3057 566 3109 resolvi.
584 3055 721 3124 Loquitur
735 3057 809 3109 enim
826 3073 955 3126 sponsus,
968 3053 1048 3122 Cris·

183 3157 227 3196 cum
240 3144 349 3198 interna
362 3144 405 3198 sui
424 3143 608 3214 inspiratione
623 3143 728 3197 Christi
748 3150 875 3197 sanctam
898 3144 956 3197 ani·
1035 3161 1046 3191 ε
1063 3141 1170 3211 Adjum
1183 3159 1240 3205 VOS·
1253 3143 1316 3198 filiae
1332 3143 1518 3210 Hierusalem»
1535 3147 1558 3201 Sl
1573 3147 1734 3207 inveneritis
1749 3153 1794 3209 dl·

185 3243 238 3283 nam
248 3232 375 3302 inspirat,
392 3231 472 3300 eique
486 3231 598 3284 caeleste
625 3230 795 3285 desiderium
819 3231 954 3301 suggerit,
997 3230 1099 3284 lectum
1116 3237 1259 3291 meumut
1272 3231 1407 3286 nuntietis
1420 3234 1446 3287 ei
1459 3235 1526 3305 quia
1536 3240 1787 3311 amorelangueo.x

187 3321 290 3375 elisaeo
305 3321 438 3391 loquente
460 3320 578 3390 liquefit,
595 3320 662 3390 quia
687 3335 742 3389 quo
761 3319 851 3389 inagis
874 3319 957 3373 coele-
998 3316 1074 3370 Filiae
1090 3318 1266 3373 Hierusalem
1284 3327 1350 3374 sunt
1369 3321 1468 3378 animae
1483 3324 1589 3389 fideles,
1606 3344 1667 3398 qum
1683 3331 1725 3384 vel
1739 3332 1795 3388 ad-

188 3405 375 3463 sfibusafflatur
386 3408 541 3466 desideriis⁸
554 3425 586 3462 00
597 3408 717 3478 amplius
730 3408 958 3462 terrenisemofl.
999 3402 1053 3456 huc
1074 3404 1102 3457 in
1125 3408 1256 3474 presenti
1280 3410 1506 3478 peregrinantur,
1518 3415 1560 3468 vel
1581 3417 1666 3470 etiam
1683 3418 1794 3476 Christo

137 3517 140 3524 .
190 3498 259 3554 mm,
271 3498 350 3569 quasi
367 3497 536 3552 insensibilis
550 3498 655 3552 mundo
671 3498 800 3565 allicitur,
812 3499 958 3567 solumque
999 3491 1141 3546 fruuntur.
1158 3495 1234 3549 Filiae
1246 3497 1466 3561 llierusalem,id
1477 3507 1519 3554 est
1531 3503 1593 3558 filia
1608 3505 1684 3560 illius
1698 3524 1795 3578 super-

191 3583 269 3639 coelmi
283 3584 423 3640 desiderio
438 3585 513 3638 vivit.
526 3586 584 3639 Hoc
599 3590 641 3639 es,
651 3585 725 3655 quod
736 3585 821 3639 etiam
833 3602 882 3656 per
897 3601 959 3655 ppo.
999 3594 1042 3633 nae
1051 3580 1172 3635 civitatis
1188 3582 1280 3652 inqua
1289 3590 1331 3637 est
1343 3602 1513 3658 summapax
1526 3595 1555 3643 et
1564 3590 1681 3647 felicitas
1693 3594 1793 3650 divinae

192 3669 278 3737 phetam
299 3675 405 3728 dicitur
426 3692 433 3727 :
455 3673 523 3738 Quis
546 3691 634 3729 caecus
661 3674 713 3728 nisi
737 3690 833 3728 servus
853 3672 959 3727 meus‘?
999 3670 1252 3740 contemplationis.
1265 3672 1318 3725 Sed
1331 3674 1448 3728 trocloco
1469 3677 1798 3736 filiasHierusalemani-

192 3755 410 3828 boissardusmisi
421 3763 454 3816 ad
465 3763 669 3833 quemnuntios
680 3779 756 3817 meos
766 3762 868 3815 misilr
877 3763 959 3826 Quae.
999 3773 1061 3810 mas
1075 3757 1210 3814 debemus
1224 3760 1349 3830 accipere
1361 3763 1448 3816 Deum
1464 3764 1664 3831 desiderantes,
1681 3771 1730 3824 sed
1745 3771 1797 3826 ad·

193 3845 234 3916 tivi,
242 3859 265 3906 et
277 3870 334 3907 non
345 3851 441 3906 inveni
456 3851 547 3905 illum.
570 3851 681 3915 Vocari,
700 3856 728 3905 et
740 3868 796 3905 uon
815 3850 961 3921 respondit
1000 3846 1055 3901 huc
1070 3847 1098 3900 in
1113 3848 1166 3901 hae
1180 3848 1404 3918 peregrinatione
1421 3861 1572 3909 versantes.
1595 3858 1716 3927 adjurat
1731 3876 1798 3930 ergo

193 3936 249 3992 mihi.
265 3961 275 3992 θ
290 3941 452 4012 Ingeminat
465 3940 567 3993 iterum
580 3956 693 3994 causam
709 3939 874 3994 dolorigsui,
892 3939 960 3993 om·
1001 3951 1103 4005 sponsa
1127 3936 1199 3989 silias
1214 3936 1400 4002 Hierusalem,
1416 3947 1449 3992 ut
1469 3944 1601 3998 nuntient
1614 3962 1716 4016 sponso
1732 3947 1798 4018 quia

194 4021 251 4081 tibus
262 4029 373 4100 quidem
393 4045 424 4083 se
440 4027 485 4100 pie
508 4028 697 4099 querentibus
718 4029 797 4082 adest
825 4027 961 4082 Dominus
1001 4040 1097 4077 amore
1112 4024 1306 4092 languescunt
1319 4025 1413 4079 anima
1424 4028 1513 4082 fidelis
1523 4031 1696 4089 fidelesalios
1709 4037 1798 4091 Deum

194 4123 277 4187 anper
302 4116 710 4187 «einvocantibusrespoudeb
735 4116 961 4171 idestadsalu.
1004 4112 1195 4166 desiderantes
1209 4112 1330 4182 adjurat,
1347 4119 1379 4167 ut
1400 4116 1511 4171 Christo
1536 4119 1690 4188 insinuent,
1716 4125 1798 4196 eique
1860 4112 1865 4125 ⁸

194 4201 339 4264 enema,
370 4205 419 4260 sed
435 4205 721 4275 plerumquesrdelem
737 4205 860 4259 animam
876 4221 906 4259 se
919 4205 965 4258 de·
1005 4201 1137 4255 nuntient
1155 4217 1206 4254 suo
1223 4200 1301 4254 illam
1320 4218 1417 4258 amore
1440 4208 1540 4262 teneri.
1567 4210 1800 4271 Beueautenrse

90 4352 94 4369 ὗ
194 4286 347 4353 riderentem.
362 4299 392 4348 et
406 4294 481 4347 adse
494 4294 588 4347 venire
603 4293 761 4364 cupientem
773 4310 828 4347 non
840 4293 963 4356 exaudit,
1006 4306 1102 4344 amore
1117 4290 1250 4359 languere
1265 4290 1332 4345 dicit
1350 4309 1355 4344 :
1370 4300 1476 4362 quanto
1490 4296 1565 4350 enim
1577 4301 1666 4372 magis
1678 4320 1802 4375 superna

90 4376 92 4384 =
194 4377 269 4438 ,ΗΜ
281 4390 314 4438 ut
325 4383 364 4437 m
374 4400 405 4437 se
424 4382 450 4436 ei
460 4382 490 4436 in
506 4382 636 4450 pmsemj
651 4383 790 4438 ostendat,
802 4382 876 4436 sicut
891 4399 920 4436 se
935 4373 994 4435 inl)
1007 4379 1167 4432 desiderare
1181 4380 1306 4449 coeperit,
1317 4389 1395 4436 tanto
1412 4399 1480 4453 erga
1490 4401 1524 4439 ea
1538 4403 1599 4457 quae
1612 4391 1709 4446 mundi
1724 4398 1800 4464 sunt,

193 4463 292 4527 luuram
313 4482 492 4527 ostensurum
514 4471 663 4542 promittit,
679 4472 721 4525 vel
744 4471 830 4524 etiam
846 4487 902 4524 non
919 4487 964 4524 re·
1005 4467 1172 4538 languescit.
1187 4468 1245 4521 Nee
1260 4468 1363 4523 mirum
1379 4471 1402 4524 si
1418 4474 1489 4528 tales
1508 4475 1642 4546 languere
1657 4480 1798 4551 dicuntur,

193 4560 293 4627 spondet,
321 4561 350 4614 rd
375 4567 489 4614 estnon
510 4559 632 4620 exaudit,
652 4559 686 4612 ad
701 4559 752 4612 hoc
767 4564 798 4612 ut
820 4559 899 4612 libito
915 4575 965 4612 sue
1006 4573 1071 4611 cum
1100 4557 1244 4626 apostolus
1264 4563 1569 4618 0⁰8m0rt1108di⁰8l2
1596 4586 1607 4618 ¹
1634 4569 1736 4625 Mortui
1748 4571 1799 4646 liss-

191 4655 281 4703 eneam
293 4649 412 4721 quisque
428 4648 546 4702 vinculis
564 4648 690 4718 corporis
704 4653 831 4712 exuatur,
849 4653 878 4701 et
897 4647 967 4701 liber
1007 4647 1118 4716 quiensx
1131 4646 1207 4710 estis,
1218 4653 1247 4700 et
1255 4648 1310 4701 vita
1322 4654 1414 4702 vestra
1422 4651 1586 4707 abscondita
1596 4661 1708 4711 estcum
1720 4660 1803 4714 Chri-

188 4736 341 4806 amplexibus
355 4736 451 4809 sponsi
465 4736 509 4791 sui
527 4736 731 4791 demulceatur.
755 4737 826 4790 Nam
854 4737 965 4806 quando
1007 4740 1060 4789 eto.
1079 4752 1092 4786 x>
1111 4731 1155 4787 Ita
1175 4751 1241 4806 ergo
1256 4737 1398 4806 adjuranti
1418 4755 1527 4808 sponsa
1550 4744 1722 4812 respondent
1739 4748 1804 4804 filiae

185 4825 316 4896 Apostolus
341 4826 479 4881 dicebat:
512 4846 523 4877 r
547 4826 635 4895 Cupio
656 4825 768 4878 dissolri
785 4832 814 4878 et
828 4841 888 4879 esse
903 4842 965 4879 cum
1008 4823 1197 4877 Hierusalem.

90 4980 92 4991 Ι
182 4913 416 4986 Christo,rquasi
431 4913 576 4984 quaerebat
591 4913 727 4967 inhaerere
743 4929 845 4983 sponso
861 4930 921 4974 suo,
938 4918 967 4967 et
1045 4913 1172 4977 «Qualis
1190 4912 1366 4968 estdilectus
1385 4920 1452 4969 tuus
1470 4933 1502 4971 ex
1520 4918 1630 4988 dilecto,
1649 4928 1808 4997 opulcher·
1906 4934 1909 4939 ’

180 5003 286 5059 vocabat
298 5004 378 5059 illum
392 5002 531 5057 desiderio
544 5003 656 5063 mentis,
673 5002 722 5056 sed
743 5008 838 5056 tamen
852 5018 906 5056 nou
921 5019 965 5055 re·
1006 5002 1079 5056 rima
1090 5001 1259 5056 mulierum?
1276 5003 1365 5073 qualis
1378 5011 1421 5058 est
1434 5005 1552 5063 dilectus
1567 5016 1633 5066 tuus
1646 5030 1678 5068 ex
1693 5017 1804 5086 dilecto,

176 5093 325 5166 spondebat
337 5091 460 5162 illi,quia
472 5107 527 5145 non
538 5093 633 5145 statim
649 5091 684 5145 de
700 5108 815 5162 corpore
826 5109 890 5146 eum
901 5091 967 5145 libe
1007 5091 1073 5161 quia
1088 5092 1128 5145 sic
1138 5092 1273 5161 adjurasti
1284 5091 1356 5146 nos?
1372 5113 1385 5146 x
1402 5095 1460 5149 Hoc
1475 5104 1542 5152 tuuc
1563 5101 1596 5155 sxt
1615 5107 1726 5174 quando
1744 5110 1807 5180 quis

175 5182 263 5246 rabat,
279 5182 328 5236 sed
344 5181 437 5236 adhue
448 5179 591 5234 laboribus
605 5180 737 5247 exerceri,
753 5187 782 5235 et
800 5180 968 5235 utilitatibus
1009 5180 1100 5235 fidelis
1123 5181 1238 5234 tratrem
1255 5181 1364 5235 fidelem
1389 5183 1554 5256 alloquitur,
1570 5197 1597 5245 et
1612 5193 1730 5250 invicem
1754 5199 1808 5254 sibi

172 5271 300 5328 Ecclesia
314 5270 447 5324 insudare
458 5269 648 5340 permittebat.
1010 5269 1164 5323 caelestium
1172 5268 1375 5325 desideriorum
1393 5273 1477 5328 verbe
1491 5287 1656 5352 suggerunt,
1668 5286 1769 5355 quibus
1780 5306 1810 5344 se

211 5382 223 5407 ι
237 5359 409 5413 Invenerunt
420 5374 465 5412 me
479 5358 609 5412 custodes
623 5359 671 5428 qui
687 5358 861 5414 circumeunt
871 5359 968 5413 civita·
1010 5359 1046 5411 ad
1061 5374 1246 5428 supernorum
1257 5374 1381 5413 amorem
1393 5365 1559 5420 sssssstssdusst·
1568 5368 1664 5426 Indica
1679 5375 1757 5440 milli,
1769 5377 1813 5432 in·

171 5461 243 5511 oem,
252 5452 454 5519 percusserunt
465 5463 519 5511 me,
536 5453 565 5501 et
575 5447 792 5503 vulneraverunt
802 5465 856 5503 me.
870 5467 882 5501 x
896 5447 970 5519 vigi·
1012 5447 1083 5517 quit,
1095 5448 1155 5517 jam
1170 5447 1353 5516 desideranti,
1366 5451 1428 5520 jam
1442 5453 1478 5506 ad
1500 5455 1635 5513 visionem
1649 5461 1809 5520 eonditoris

168 5540 213 5594 les
228 5535 279 5608 qui
296 5534 459 5590 custodiunt
478 5535 630 5602 civitatem,
646 5536 737 5592 sancti
751 5542 818 5593 sunt
831 5537 969 5604 doctores,
1011 5534 1454 5612 meipervenirecupienti,qualis
1475 5551 1520 5598 est
1533 5541 1740 5621 dHeetustuus,
1757 5551 1811 5607 hec

296 5634 434 5698 Parnoi..
456 5633 576 5700 GKVH.
1648 5629 1712 5704 H
