3818 6104
88 248 161 313 stoa
541 212 1276 308 rxrosrrromaroomrrsm.-1.mvn.
1653 240 1725 303 tato

88 352 196 408 Tamen
211 350 299 406 habet
320 349 406 405 eham
434 347 496 421 ipsa
517 350 657 422 templum
685 347 839 420 corporale,
859 342 1161 408 idAoertotiltuler.
1173 356 1227 397 xxn
1252 340 1729 412 Istiitaqueregis.hocest,omnee

90 448 134 498 est
144 442 237 496 locum
252 439 397 504 orationis,
413 455 469 511 quo
481 439 652 494 conveniunt
666 438 763 492 lldeles
781 438 817 492 ad
839 453 890 491 au·
930 432 1010 503 justi.
1022 448 1102 486 suum
1118 431 1237 501 gloriam
1249 437 1277 485 et
1291 431 1436 496 honorem,
1451 432 1525 502 quod
1539 431 1662 502 idipsum
1679 439 1733 497 est,

90 531 194 586 diendo
207 529 300 584 divina
315 528 426 600 eloquia
440 536 469 582 et
489 526 656 582 celebranda
675 526 778 581 Christi
798 541 892 580 sacra·
934 522 1057 576 referent
1068 521 1103 575 ad
1119 521 1195 576 illam
1209 520 1351 577 coelestem
1362 521 1529 584 Jerusalem,
1542 521 1608 592 quia
1619 536 1735 577 omnem

91 625 196 676 menta¹
216 619 268 674 Illa
292 624 385 673 autem
402 614 521 671 coeleatis
544 615 640 670 civitas
660 615 815 671 Jerusalem
833 615 894 684 jam
935 626 1013 665 suam
1026 609 1282 664 remunerationem
1291 613 1321 664 et
1331 608 1736 681 pr==speritatem,atqueomne

91 724 148 762 non
162 706 276 762 habebit
289 707 425 774 templum
441 704 559 765 visibile,
577 705 643 776 quia
661 704 797 759 Dominus
820 703 895 757 Deus
936 715 1018 753 suum
1028 697 1164 768 gaudium
1170 696 1420 752 etexsultationem
1428 695 1466 751 ibi
1473 696 1608 768 recipient
1620 711 1626 747 ε
1638 705 1667 753 et
1678 712 1735 769 quo

92 795 267 866 omnipotens
281 795 366 850 Pater
379 799 408 849 et
420 795 518 863 Agnus
534 792 571 861 lid
588 798 632 847 est
646 792 734 847 Filius
749 791 895 860 Dei),tem·
937 786 1094 858 ampliusin
1106 786 1235 857 praesenti
1245 785 1301 840 rite
1315 785 1482 857 affliguntur
1491 790 1520 840 et
1529 784 1734 857 despiciuntur,

92 885 171 954 plum
186 884 247 954 ejus
259 889 315 939 est.
331 883 402 938 ilinc
416 882 518 937 Paulus
527 880 595 937 dicit
606 899 612 934 ε
624 881 688 936 Νοιι
703 879 777 934 enim
792 879 821 933 in
834 894 895 932 ma·
939 893 972 932 eo
986 873 1368 947 ampliusibiexaltabuntur.
1376 874 1438 939 Quo
1446 879 1545 928 contra
1557 873 1736 948 reprobi,qui

93 972 212 1026 nulacris
223 971 388 1027 habitaculis
397 971 479 1025 Jesus
490 969 625 1034 introivit,
641 972 671 1023 et
684 966 759 1031 alibi,
772 967 897 1022 Clrmstus
938 964 969 1019 in
981 964 1112 1037 praesenti
1124 980 1205 1019 suam
1218 963 1338 1035 gloriam
1352 968 1381 1017 et
1394 962 1529 1017 honorem
1539 962 1693 1035 possident,
1708 968 1737 1020 et

92 1063 221 1114 assistens
233 1061 359 1128 pontifex
371 1061 536 1127 futurorum
550 1059 694 1119 honorum,
705 1071 756 1125 per
775 1057 897 1123 amplius
939 1054 968 1108 in
984 1053 1124 1125 prosperis
1137 1054 1221 1123 hujus
1235 1051 1328 1107 saeculi
1343 1068 1374 1106 se
1380 1051 1545 1117 extendunt,
1556 1052 1595 1107 ibi
1605 1053 1684 1108 vacui
1694 1069 1737 1108 re·

93 1145 899 1215 ctpcrsectr'ostubernaculumnoumonufccturn,idcstoon
940 1141 1103 1196 manebunt.
1117 1141 1197 1196 Unde
1205 1141 1341 1201 Dominus
1349 1139 1417 1195 dicit
1432 1159 1438 1193 ε
1457 1142 1496 1194 Va
1509 1143 1583 1195 uobis
1593 1142 1736 1210 diuitibus,

95 1236 178 1303 hujus
189 1237 481 1301 creationis‚iotroiuit
491 1237 572 1287 semel
581 1236 716 1288 insaucia
725 1232 798 1296 (Hel.
813 1230 899 1297 ixput
937 1233 988 1299 qui
1000 1230 1045 1284 bic
1055 1230 1158 1283 leobatio·
1167 1231 1380 1283 consolationem
1394 1233 1513 1283 uestram
1526 1231 1600 1295 (luc.
1612 1228 1738 1295 vr).Quia

94 1323 334 1394 hoctemplum,id
345 1327 484 1376 esttotam
494 1321 759 1378 Trinitatemnunc
771 1318 898 1373 Ecclesia
938 1318 1012 1373 enim
1025 1317 1113 1372 sancti
1129 1317 1158 1372 in
1173 1317 1305 1388 prasenti
1316 1317 1373 1371 vita
1390 1317 1510 1386 gloriam
1531 1317 1618 1388 hujus
1631 1317 1736 1385 aescuh,
1791 1332 1794 1338 ‘

94 1411 219 1482 possidet
237 1427 288 1481 per
301 1411 396 1475 sidem,
411 1415 480 1464 tunc
495 1426 560 1465 vero
574 1407 728 1481 possidebit
742 1424 793 1477 per
804 1407 898 1460 mani·
939 1421 1000 1476 quae
1016 1405 1200 1476 reproborum
1215 1411 1270 1474 est,
1284 1421 1342 1459 non
1362 1411 1471 1474 amant,
1485 1405 1590 1460 idcirce
1604 1422 1684 1460 suam
1699 1407 1736 1463 ad

95 1499 196 1554 festam
211 1497 458 1570 speciem,quando
473 1496 527 1552 erit
537 1497 612 1551 Deus
624 1496 718 1550 omnia
729 1494 758 1549 in
768 1494 899 1550 omnibus
939 1499 1072 1548 aternam
1097 1493 1261 1547 felicitatem
1274 1493 1394 1564 gloriam
1413 1493 1554 1554 deferunt.
1569 1494 1682 1565 quando
1699 1494 1739 1552 ibi

96 1593 125 1641 et
138 1586 168 1641 in
185 1586 243 1640 illo.
262 1585 321 1639 Erit
335 1585 411 1639 enim
422 1589 491 1639 tunc
503 1583 641 1656 templum
656 1582 796 1649 Ecclesiae,
811 1584 896 1637 Pater
940 1581 1054 1635 exaltati
1063 1580 1396 1646 remunerabuntur,cum
1413 1586 1442 1637 et
1455 1581 1504 1636 uni
1517 1582 1629 1636 illorum
1638 1579 1742 1639 dixerit

96 1689 160 1727 cum
185 1671 257 1726 Filio
278 1677 307 1727 et
321 1672 427 1743 Spiritu
451 1678 559 1737 sancto,
580 1672 647 1744 quia
661 1670 831 1726 inhabitabit
848 1670 1074 1752 illellhominus
1089 1690 1095 1725 :
1115 1670 1147 1723 Te
1160 1674 1215 1723 esto
1229 1684 1315 1738 supra
1328 1670 1417 1723 decem
1432 1672 1574 1730 civitaten
1591 1669 1673 1724 alteri
1687 1686 1741 1726 aa·

96 1760 249 1815 Ecclesiam
264 1761 395 1832 regendo,
418 1766 447 1816 et
460 1761 515 1816 ista
529 1761 698 1816 inhabitabit
717 1761 798 1815 illum
821 1760 851 1815 in
864 1776 898 1816 ee
938 1762 996 1812 tem
1010 1774 1016 1810 :
1037 1760 1069 1813 Tc
1083 1761 1137 1811 esto
1147 1772 1234 1826 supro
1246 1760 1381 1826 quinque,
1394 1756 1468 1811 sicut
1478 1757 1507 1811 in
1521 1757 1740 1829 Evangelioipse

98 1847 310 1918 quiescendo-In
320 1865 376 1920 qua
385 1849 490 1904 scilicet
499 1850 688 1916 marrsione,id
701 1856 744 1905 est
758 1851 788 1904 in
803 1849 899 1904 divina
938 1845 1215 1901 manifestathliter:
1227 1845 1317 1916 Reges
1324 1845 1610 1917 terraeintelliguntur
1618 1846 1738 1918 apostoli

96 1937 279 2008 protectione,
290 1937 381 1993 trihus
390 1938 574 2009 qualitatibus
584 1938 698 2009 rigebit,
710 1939 775 2010 quia
790 1938 828 1993 ihi
844 1936 898 1993 ha·
940 1935 1091 2007 caeterique
1102 1934 1362 2006 predicatores,qui
1373 1939 1489 2005 propter
1496 1935 1622 2005 regimen
1633 1934 1740 1990 anima-

95 2023 242 2079 bebitesse
252 2024 381 2091 feliciter,
391 2030 510 2082 ctuosse
520 2036 646 2082 sanctam
655 2027 822 2082 Trinitatem
835 2041 898 2098 per·
941 2040 1005 2079 rum
1016 2039 1085 2096 quaa
1100 2027 1212 2094 regunt,
1224 2023 1290 2092 jure
1301 2039 1383 2094 reges
1397 2028 1540 2078 vocantur.
1555 2024 1606 2078 lsti
1620 2024 1739 2080 afferent

95 2111 175 2176 secte,
186 2117 214 2166 et
225 2129 286 2167 eam
298 2129 383 2185 quam
394 2115 512 2182 noverit,
523 2115 640 2186 diligere
649 2119 734 2169 caste.
748 2113 782 2167 In
791 2114 836 2168 his
849 2129 901 2169 au·
941 2112 1059 2184 gloriam
1075 2116 1104 2166 et
1117 2112 1252 2166 honorem
1267 2110 1296 2165 in
1310 2111 1399 2175 illam,
1415 2112 1468 2166 hoc
1483 2117 1535 2177 est,
1553 2128 1652 2167 omnes
1670 2127 1741 2184 quos

96 2203 154 2253 tem
168 2201 259 2256 tribus
272 2202 477 2258 beatitudinum
488 2203 673 2275 qualitatibus
683 2202 774 2258 omnis
789 2215 901 2257 summa
942 2201 1053 2258 Christo
1072 2200 1263 2271 acquisierunt
1277 2216 1328 2254 sua
1347 2200 1544 2271 predicatione
1558 2206 1586 2255 et
1602 2201 1740 2261 doctrina.

95 2284 280 2344 beatitudinis
289 2291 426 2346 consistit.
942 2290 1022 2347 Unde
1031 2290 1136 2345 Paulus
1142 2289 1311 2362 quibusdam
1320 2288 1397 2343 dicit:
1408 2289 1503 2345 Gloria
1515 2295 1611 2344 nostro
1620 2306 1666 2344 eos
1675 2292 1740 2344 catis

132 2373 166 2434 lu
180 2382 277 2434 civitas
287 2397 344 2435 oon
358 2385 413 2449 cust
428 2383 481 2434 sole
496 2396 583 2450 neptes
599 2382 678 2442 luna,
695 2385 726 2433 ut
742 2382 851 2433 luceant
867 2381 899 2434 in
941 2383 973 2433 in
988 2379 1033 2434 die
1051 2381 1163 2433 Domini
1177 2381 1267 2432 nostri
1282 2380 1346 2432 Jcsu
1362 2378 1467 2433 Christi
1481 2376 1521 2448 (11
1539 2378 1599 2434 Gor.
1618 2380 1648 2446 ι),
1665 2383 1742 2435 recte

99 2483 138 2523 cu.
155 2467 221 2522 llaec
235 2467 393 2523 Jerusalem
416 2484 479 2540 qua
491 2468 522 2522 in
538 2468 668 2539 praesenti
689 2467 793 2538 agitur,
807 2467 836 2521 in
854 2465 900 2521 die
942 2467 1016 2522 enim
1029 2467 1121 2538 gloria
1130 2483 1227 2538 regum
1239 2471 1267 2521 et
1283 2466 1373 2520 honor
1387 2472 1520 2521 vocantur
1530 2466 1560 2520 hi
1572 2483 1624 2538 pro
1638 2466 1741 2537 quibua

100 2555 203 2610 fruitur
212 2555 318 2610 lumine
332 2556 410 2623 solis,
426 2563 507 2610 nocte
523 2572 587 2610 vero
601 2555 709 2610 lumine
734 2555 807 2610 luna
829 2574 835 2609 :
852 2554 901 2609 illa
941 2555 1027 2611 iidem
1039 2572 1120 2627 reges
1135 2562 1317 2610 coronantur.

101 2652 195 2699 autem
217 2642 338 2698 coelestis
358 2643 515 2698 Jerusalem
541 2642 612 2698 nihil
632 2643 734 2697 horum
752 2641 900 2714 indigebit,
979 2645 1012 2699 lit
1027 2649 1111 2713 porta
1125 2648 1183 2713 ejus
1195 2661 1249 2698 ooo
1264 2645 1432 2699 claudentur
1444 2659 1492 2713 per
1504 2645 1744 2716 dicrudlagnase·

102 2733 168 2801 quia
179 2748 276 2786 verum
285 2731 400 2786 habebit
413 2731 597 2802 lumen,quod
607 2746 663 2785 non
673 2731 764 2786 solum
774 2746 902 2801 corpora,
944 2732 1048 2788 coritas
1058 2733 1113 2786 erit
1122 2733 1151 2787 in
1161 2731 1647 2804 Jerusalemcoelesti,ubinullaejam
1657 2738 1742 2792 erunt

102 2819 151 2873 sed
166 2817 251 2872 etiam
266 2826 375 2872 mentes
389 2819 567 2888 singulorum
581 2818 763 2882 illuminabit,
772 2818 847 2873 unde
857 2834 904 2874 ae-
944 2821 1054 2876 insidiae
1063 2820 1419 2892 iuimici,etidcircoportas
1428 2820 1553 2891 ejuanon
1563 2819 1741 2891 claudentur,

103 2905 200 2976 quitur
213 2923 219 2960 :
230 2906 303 2960 Nom
311 2907 480 2960 ctoritusllei
489 2909 664 2962 illuminabit
674 2924 744 2962 mm.
757 2908 819 2978 lpse
829 2907 903 2962 enim
944 2910 1012 2982 quia
1022 2909 1151 2964 videlicet
1157 2909 1217 2964 dies
1227 2909 1282 2964 erit
1291 2908 1330 2965 ibi
1340 2916 1486 2981 perpetua,
1498 2908 1543 2965 cui
1551 2925 1606 2964 aex
1612 2926 1669 2965 non
1678 2926 1742 2967 suc·

103 2992 240 3065 Deus,qui
254 3009 329 3048 nunc
342 2992 484 3049 illuminat
493 3001 601 3050 mentes
613 2995 740 3052 fidelium
749 2996 901 3068 perfidem,
911 3018 933 3078 C
944 2999 1033 3054 cedet.
1044 2998 1125 3054 Unde
1135 2997 1281 3070 sequitur:
1295 2998 1355 3053 Noc
1369 3014 1425 3052 oon
1439 3000 1492 3051 crit
1507 3000 1576 3053 illic.
1584 2998 1639 3054 Sed
1652 2999 1745 3055 ridea-

103 3079 164 3150 ipse
175 3082 235 3151 jam
249 3087 317 3137 tunc
330 3083 419 3138 multo
436 3083 527 3154 magis
547 3083 728 3151 illuminabit,
753 3100 819 3139 cum
837 3100 903 3139 eum
943 3103 1007 3141 mus
1019 3087 1160 3159 quomodo
1179 3085 1208 3140 in
1223 3084 1354 3158 prasenti
1371 3085 1428 3140 vita
1446 3084 1618 3141 clauduntur
1643 3092 1741 3159 portas,

104 3169 198 3225 videre
213 3171 371 3226 meruerint
385 3171 455 3227 tacie
472 3172 507 3227 ad
521 3170 629 3227 hetam.
644 3173 715 3227 ilinc
727 3172 788 3245 ipse
808 3173 877 3229 dicit
895 3192 901 3228 :
944 3191 1005 3247 qua
1019 3175 1118 3245 utique
1132 3172 1329 3245 predicatores
1340 3172 1546 3243 intelliguntur,
1564 3189 1613 3244 per
1623 3189 1743 3244 quorum

103 3261 179 3313 Beati
205 3262 310 3314 muodo
325 3261 563 3330 cardamomum
587 3263 643 3329 ipsi·
665 3262 752 3316 Deum
773 3263 903 3316 videbunt
943 3263 1132 3319 ministerium
1148 3262 1298 3318 Ecclesiam
1307 3261 1455 3317 intramus.
1467 3261 1744 3319 Portaeenimcivita·

102 3347 215 3417 (naith.
243 3352 280 3415 v).
306 3349 340 3403 lit
363 3352 480 3403 lucerna
503 3352 562 3418 ejus
585 3350 691 3417 Agnus.
710 3347 840 3405 Lucerna
866 3349 903 3405 ad
943 3352 980 3408 tis
994 3353 1061 3408 dum
1075 3352 1256 3419 clauduntur,
1264 3350 1488 3423 ingredientibus
1498 3349 1607 3406 aditum
1616 3367 1672 3407 non
1683 3368 1745 3424 per·

103 3435 198 3506 ignem
208 3437 340 3508 pertinet.
352 3438 557 3508 Namprasens
567 3437 689 3493 Ecclesia
701 3444 766 3510 eget
776 3438 901 3505 lucerna,
944 3439 1261 3512 mittuntltaquequasi
1271 3439 1443 3494 clauduntur
1461 3445 1558 3510 porte,
1572 3440 1640 3494 dum
1654 3439 1745 3497 sancti

103 3526 155 3578 hoc
170 3531 214 3579 est
227 3525 292 3596 igne
314 3525 453 3597 corporali
472 3525 637 3584 illuminari.
657 3526 709 3581 Illa
729 3533 824 3582 autem
841 3529 901 3598 jam
943 3524 1744 3601 praedicatoresdiabolumrepelluntacordibusfidelium,

103 3630 158 3668 non
172 3613 309 3684 indigebit
322 3614 375 3669 hac
388 3614 443 3669 frui
457 3615 583 3679 lucerna,
599 3614 666 3685 quia
676 3614 772 3669 lumen
787 3615 848 3677 eius
860 3621 904 3668 est
944 3617 1053 3688 ipsique
1060 3615 1168 3670 aditum
1177 3613 1354 3684 ingrediendi
1364 3613 1585 3683 denegant‚dum
1597 3615 1694 3670 lideles
1703 3614 1746 3671 in·

102 3718 202 3772 agnus,
219 3701 305 3756 idest
327 3703 395 3757 visio
421 3702 527 3758 Christi
549 3717 614 3756 cum
636 3701 721 3755 Patra
744 3707 771 3756 et
797 3701 904 3773 Spiritu
944 3710 1060 3758 struunt
1073 3702 1214 3774 quomode
1228 3703 1290 3772 ejus
1300 3701 1504 3756 tentationibus
1514 3703 1658 3758 resistant.
1670 3704 1741 3760 Hinc

103 3790 323 3862 sancto‚deipso
333 3794 407 3845 enim
417 3789 487 3845 Filio
496 3791 527 3845 in
536 3788 607 3844 libro
616 3788 767 3860 Sapientiae
780 3789 902 3845 dicitur:
947 3793 1045 3846 l'etrus
1054 3791 1132 3846 dicit:
1143 3792 1328 3847 Adversarius
1338 3798 1426 3844 cester
1435 3794 1619 3860 tuoquumteo
1629 3795 1745 3861 cupieos

103 3878 213 3934 Ourrdor
220 3883 294 3932 enim
301 3885 339 3934 est
345 3882 535 3934 luciruteroa.
541 3878 746 3948 (Superpuuae
752 3878 799 3933 lux
806 3879 905 3950 ntique
945 3883 1056 3947 circuit,
1072 3896 1196 3949 quarens
1208 3895 1289 3948 quem
1299 3881 1416 3946 decoret,
1429 3882 1477 3934 cui
1489 3883 1606 3935 resistite
1615 3882 1700 3949 sortes
1713 3884 1747 3937 in

103 3966 275 4039 inpraesenti
290 3968 377 4023 videri
388 3968 495 4039 nequit.
508 3967 588 4022 Unde
601 3966 737 4021 Dominus
747 3967 904 4038 adhloysen
945 3970 997 4038 fido
1021 3970 1065 4041 (11
1085 3970 1154 4023 Patr.
1171 3969 1212 4037 vl.
1234 3966 1301 4022 ldeo
1315 3972 1409 4023 autem
1425 3967 1464 4022 ibi
1478 3966 1546 4022 dicit
1563 3986 1571 4024 :
1586 3972 1674 4024 Porta
1687 3973 1746 4040 ejus

104 4055 188 4113 dicit:
211 4055 355 4112 nonenim
375 4057 476 4112 uidebit
501 4071 544 4111 mc
558 4057 637 4110 homo
662 4062 686 4110 ct
710 4059 790 4111 oinct.
804 4056 903 4124 (and.
945 4074 1003 4112 oon
1017 4055 1747 4129 claudentur,quiasublatonoctistimore,perpetua

104 4153 210 4211 xxxml.
946 4146 1006 4201 dies
1020 4145 1116 4201 electis
1130 4144 1257 4216 fulgebit.
1269 4145 1333 4200 Non
1341 4147 1401 4215 jam
1418 4143 1528 4200 dicetur
1544 4146 1604 4202 ibi:
1630 4148 1744 4215 l'r'gt'tutc

138 4235 172 4288 lit
180 4234 365 4288 ambulabunt
379 4238 470 4302 pentes
477 4248 529 4303 per
539 4235 634 4287 tumen
649 4235 719 4301 cius.
731 4233 838 4288 Lumen
853 4233 904 4288 Ec·
946 4241 970 4289 ct
981 4237 1158 4303 orutelldarc.
1169 4234 1320 4306 xrn),quod
1328 4235 1362 4288 ad
1373 4239 1485 4289 noctem
1496 4235 1674 4290 adversitatis
1685 4252 1747 4308 per·

102 4322 193 4377 clesiae
203 4322 333 4376 Christus
344 4322 484 4377 est.Uude
495 4320 765 4392 perlsaiamdicitur
781 4340 787 4375 :
802 4321 902 4390 Surpc,
914 4323 1027 4390 Dtinet,
1041 4323 1090 4378 sed
1106 4340 1112 4376 :
1136 4324 1227 4377 Vocula
1239 4328 1264 4376 ct
1283 4324 1371 4377 videte
1388 4325 1521 4393 quoniam
1537 4340 1584 4393 ego
1600 4340 1663 4378 sum
1679 4325 1747 4379 deus

102 4414 276 4477 illuminare,
290 4413 524 4481 roosuumpoio
535 4414 714 4465 veuitlumen
729 4416 821 4465 tuum.
835 4412 903 4481 (Iso.
947 4412 1031 4478 (Prot.
1042 4406 1115 4480 rav),
1131 4409 1206 4481 quod
1223 4408 1323 4465 addici
1333 4411 1470 4482 redigitur
1480 4413 1672 4468 securitatem.

102 4506 159 4568 ux).
188 4501 254 4554 llaec
278 4511 374 4555 autem
389 4499 473 4555 rerba
487 4515 544 4555 non
556 4499 592 4554 ad
604 4499 693 4554 futuri
707 4500 844 4571 temporis
859 4516 904 4555 re·
982 4499 1016 4552 Et
1025 4500 1140 4565 offerant
1150 4500 1272 4567 glorium
1287 4505 1311 4553 ct
1326 4501 1458 4554 horrorem
1469 4504 1596 4568 pontium
1605 4504 1637 4556 in
1652 4502 1743 4557 illam.

102 4587 394 4655 muuemtienem,aed
408 4589 444 4644 ad
457 4588 604 4661 prasentia
613 4587 750 4654 laborem,
759 4587 907 4644 referenda
947 4587 1029 4641 Haud
1042 4587 1159 4643 dubium
1185 4587 1240 4659 ipsi
1255 4587 1303 4658 qui
1317 4588 1446 4659 superius
1469 4589 1648 4660 appellantur
1664 4605 1747 4661 reges

103 4675 240 4730 esseaatis
250 4676 349 4731 elucet.
361 4677 459 4748 Neque
469 4676 688 4748 enimjomtunc
698 4676 787 4732 sancti
799 4677 828 4731 in
842 4693 905 4732 om·
945 4681 1038 4742 terne,
1055 4675 1138 4730 idest
1149 4675 1240 4732 sancti
1255 4676 1513 4748 praedicatorea,qui
1523 4677 1643 4748 gloriam
1657 4682 1687 4733 et
1696 4677 1748 4734 ho-

101 4760 225 4817 bulando
233 4762 411 4833 laborabunt,
422 4766 472 4821 sed
479 4771 545 4838 post
556 4764 681 4820 laborem
692 4764 773 4820 beate
781 4765 905 4822 viventes
946 4780 1043 4820 norem
1056 4765 1186 4835 gentium
1199 4764 1229 4819 in
1244 4763 1322 4818 illam
1336 4765 1480 4820 civitatem
1495 4765 1624 4830 afferent,
1635 4766 1749 4837 quando

102 4850 255 4921 quiescent.
276 4852 357 4907 Nunc
372 4852 468 4926 itaque
487 4853 634 4909 ambulant
650 4869 701 4925 per
720 4853 816 4908 lumen
832 4855 901 4925 ejus,
946 4861 1099 4926 aggregata
1107 4852 1192 4908 turba
1203 4853 1423 4925 ildelium‚ipsos
1434 4870 1505 4925 quos
1511 4854 1690 4926 predicando
1700 4855 1750 4912 ad·

102 4939 155 4992 hoc
174 4945 226 5004 eet,
244 4955 295 5010 per
306 4939 410 4994 Christi
427 4941 523 5006 fldem,
539 4946 712 5013 caeterasque
730 4941 857 5008 virtutes,
872 4949 905 4997 ut
944 4944 1085 4999 duxerunt
1096 4944 1132 4998 ad
1142 4943 1237 5010 fidem,
1249 4959 1344 4998 secum
1355 4943 1391 4997 ad
1407 4943 1528 5014 patriam
1543 4943 1686 5000 coelestem
1695 4945 1742 5001 in·

100 5034 200 5100 postea
214 5026 408 5099 pervenientes
420 5029 456 5084 ad
470 5029 592 5101 patriam
603 5031 905 5102 coelestem,quiescant
944 5032 1103 5087 traducent.
1124 5033 1226 5103 Magna
1245 5032 1321 5091 enim
1342 5031 1444 5103 gloria,
1461 5047 1638 5106 magnusque
1656 5034 1749 5091 honor

100 5118 130 5172 in
145 5117 207 5189 ipse
220 5117 339 5183 lumine,
353 5119 406 5173 hoc
419 5123 472 5184 eet,
483 5118 513 5172 in
527 5117 618 5190 ipsius
627 5118 678 5173 llei
688 5119 906 5192 contemplatio·
944 5122 1073 5192 gentium
1086 5121 1116 5175 in
1130 5120 1209 5176 illam
1221 5121 1361 5176 civitatem
1382 5120 1526 5187 atteretur,
1547 5121 1615 5193 quia
1629 5123 1752 5180 mamma

102 5222 148 5261 ne.
160 5208 193 5262 ut
209 5222 283 5275 repes
299 5211 378 5261 terra
388 5209 503 5274 offerent
511 5207 632 5276 gloriam
646 5223 728 5262 suom
738 5214 763 5262 et
776 5209 906 5263 honorem
952 5225 988 5265 ex
1001 5217 1082 5281 parte
1095 5226 1128 5264 er
1140 5210 1209 5281 ipsis
1221 5209 1354 5280 gentibus
1368 5209 1557 5266 decorabitur.

111 5295 144 5345 in
155 5296 246 5349 illum.
263 5295 354 5368 Reges
364 5301 446 5351 terne
458 5295 655 5367 intelliguntur
669 5311 767 5351 omnes
777 5296 910 5370 justi,qui
986 5298 1048 5354 Nou
1062 5299 1181 5352 intrabit
1190 5301 1222 5351 io
1232 5301 1313 5352 iltuto
1326 5298 1436 5366 aliquid
1448 5301 1663 5369 coinquinatum
1672 5303 1697 5352 et
1707 5299 1752 5368 sc·

104 5377 176 5435 bene
194 5397 226 5437 ee
250 5400 315 5441 cum
329 5383 464 5456 subjectis
479 5399 577 5456 regere
592 5391 735 5456 satagunt,
751 5386 786 5442 de
804 5386 906 5457 quibus
948 5383 1316 5441 cumotontoattooan.1n
1329 5384 1552 5442 hancciritatem
1562 5385 1748 5456 coinquinati,

103 5466 401 5546 dicmmesueorrepe
409 5474 765 5553 comarumcomarum
773 5478 901 5543 volucrit,
945 5474 974 5528 id
984 5479 1028 5529 est
1041 5472 1118 5532 vitiis
1127 5471 1273 5542 maculati,
1283 5479 1312 5529 et
1320 5472 1745 5544 iacientesabomiaationem,id
