3818 6104
147 256 195 311 rar
606 247 1339 309 masserioruznonnnmneaornsmu.
1711 220 1778 305 'aaa

147 377 465 448 etByzantiumdividit,
484 382 512 431 ct
521 377 660 448 percutiet
675 375 810 431 Dominus
823 376 850 428 in
869 373 939 426 cirri
949 377 970 433 Α
982 372 1315 443 phoriccsuccidendum,
1330 371 1359 426 id
1374 380 1417 426 est
1430 371 1564 426 Romanis
1590 371 1779 442 pugnantibus

147 467 255 531 ductus,
264 467 368 520 radens
378 472 444 519 ante
455 467 589 537 populum
600 481 693 525 suurn,
701 470 730 519 et
740 464 946 519 confundentur
986 462 1201 518 devastandum.

146 554 285 624 profunda
300 555 460 616 lluvioruin,
479 560 511 607 ut
523 555 665 624 quondam
687 554 791 607 iactum
818 557 870 617 est,
882 567 946 606 curn
1024 551 1246 607 «Voxulutatus
1256 559 1411 624 pasterum,
1424 551 1489 623 quia
1502 555 1611 604 vastata
1624 555 1667 604 est
1680 549 1787 620 magni-

147 658 222 696 mare
235 641 362 696 Rubrum
373 642 491 696 divisum
503 647 555 699 est.
568 648 596 695 et
605 643 618 696 J
623 642 737 696 ordanis
761 641 880 695 siccatus
893 645 945 694 est.
989 639 1100 692 licentia
1110 656 1218 696 eorum.
1233 643 1332 707 oQuos
1341 658 1426 713 supra
1437 640 1535 694 cedros
1548 639 1592 693 vel
1605 638 1710 693 abietes
1729 639 1786 693 sive

147 729 565 800 Tuncbumiliabitursuperbia
574 730 796 802 Assyriorum,et
805 733 947 800 sceptrum
989 744 1109 798 quercus
1119 728 1236 795 dixerat,
1250 748 1325 786 nunc
1341 732 1420 801 quasi
1434 744 1576 799 exponens
1592 728 1657 798 quid
1675 727 1786 794 dixerit,

149 817 257 888 AEgypti
268 817 387 871 tolletur
403 816 437 870 ab
449 818 500 883 eis,
512 818 630 871 liberato
646 817 696 871 Dei
713 817 825 888 populo,
840 823 868 870 et
880 832 947 869 con·
989 816 1130 886 paraliam
1142 820 1336 889 metaphoram
1356 824 1436 872 vocat
1456 824 1592 888 pastores,
1602 816 1629 870 id
1643 822 1686 871 est
1698 832 1789 871 sacer·

149 904 328 960 luctabuntur
342 906 369 959 in
385 907 514 969 Domino,
529 906 597 960 etin
611 905 724 959 nomine
741 905 802 976 ejus
819 904 947 958 ambula·
989 904 1068 959 dotes
1077 910 1104 959 et
1116 906 1253 977 principes
1262 907 1436 962 eomm.Jam
1452 905 1520 959 dicit
1533 904 1625 958 audiri
1636 905 1785 973 ululatum,

149 990 222 1057 bunt,
236 998 408 1047 revertentes
419 993 446 1046 in
459 998 565 1046 terram
577 1008 667 1045 suam.
682 992 746 1046 Haec
765 993 847 1063 juxta
861 990 948 1045 tradi·
989 993 1121 1065 quoniam
1136 995 1345 1064 magnificentia
1358 1001 1386 1048 et
1400 995 1484 1048 decus
1506 993 1629 1058 illorum,
1645 995 1783 1066 templum

152 1078 250 1134 boetem
263 1079 529 1134 recommendata
541 1080 606 1133 sint.
619 1081 702 1134 Juxta
721 1094 834 1134 sensum
845 1078 947 1150 mysti-
987 1081 1116 1135 videlicet
1127 1082 1154 1136 in
1171 1098 1225 1153 quo
1237 1083 1357 1137 manime
1370 1082 1573 1153 gloriabantur,
1599 1083 1745 1137 incensum
1760 1088 1789 1137 et

153 1184 221 1233 cum,
233 1169 390 1223 transimus
400 1174 427 1222 et
443 1185 493 1222 nos
508 1169 536 1222 in
544 1176 695 1238 angustum
712 1184 789 1222 mare
802 1169 888 1238 hujus
896 1184 948 1221 sa·
990 1169 1165 1225 destructum
1177 1171 1222 1225 sit.

155 1257 211 1320 culi,
225 1258 301 1328 quod
312 1257 415 1311 sanctis
427 1257 658 1327 angustissimum
674 1263 702 1311 et
711 1257 898 1328 periculorum
907 1260 950 1309 est
1027 1276 1040 1311 c
1052 1259 1111 1314 Vox
1120 1259 1230 1329 rugitus
1238 1257 1361 1320 leonum,
1380 1258 1512 1329 quoniam
1523 1264 1679 1314 vastataest
1691 1276 1788 1331 super·

153 1345 261 1414 plenum
274 1345 462 1400 :amatoribus
473 1352 567 1400 autem
579 1346 664 1416 hujus
674 1346 768 1400 saeculi
779 1344 949 1399 latissimum
989 1345 1186 1400 biaJordanis.
1204 1368 1218 1398 a
1237 1347 1313 1411 Quos
1323 1347 1453 1417 superius
1467 1346 1580 1400 arbores
1605 1347 1647 1400 vel
1663 1354 1789 1418 pastores

151 1440 197 1499 est,
208 1434 277 1505 quia
286 1435 344 1488 lata
358 1435 401 1488 ria
412 1441 455 1488 est
465 1451 526 1505 quae
540 1434 618 1488 ducit
633 1434 668 1488 ad
679 1439 888 1489 mortemarcta
897 1449 948 1486 au·
990 1435 1106 1500 dixerat,
1123 1453 1197 1490 nunc
1210 1441 1288 1489 vocat
1304 1436 1408 1501 leones,
1420 1440 1448 1488 et
1469 1434 1542 1489 sicut
1551 1436 1681 1506 superius
1695 1436 1791 1491 altitu·

153 1529 205 1576 tem
223 1529 345 1593 estquae
373 1523 450 1576 ducit
478 1524 512 1576 ad
536 1522 681 1576 ritam.1n
705 1523 775 1576 mari
795 1523 847 1576 hoc
866 1522 949 1590 hujus
989 1524 1083 1579 dinem
1097 1525 1194 1594 templi
1210 1525 1383 1595 compararit
1394 1524 1551 1577 celsitudini
1565 1525 1668 1578 montis
1678 1525 1790 1595 Libani,

144 1611 243 1666 saeculi
259 1617 380 1681 angusto
395 1617 424 1665 et
434 1611 607 1672 turbulento,
621 1611 729 1680 primus
750 1610 880 1664 transivit
893 1610 949 1664 Re·
991 1630 1045 1684 quo
1061 1614 1130 1667 nihil
1141 1613 1285 1671 excelsius,
1295 1612 1421 1683 nihilque
1434 1613 1602 1667 condensius
1615 1619 1656 1667 est
1669 1613 1697 1667 in
1713 1620 1789 1668 terra

140 1700 278 1770 demptos·
292 1709 398 1766 noster,
418 1699 519 1753 deinde
543 1699 633 1754 secuti
648 1705 715 1753 sunt
738 1716 802 1753 eum
817 1684 980 1770 apostoli,B
991 1702 1225 1774 repromissionis,
1238 1702 1277 1755 sic
1291 1716 1366 1755 nunc
1379 1701 1503 1771 rugitum
1530 1702 1643 1756 leonum
1656 1707 1684 1756 et
1694 1718 1790 1773 super·

137 1789 182 1845 de
193 1787 428 1859 quibusdicitur:
446 1787 500 1852 Qui
508 1788 765 1842 descenduntmarc
776 1789 805 1841 in
822 1787 949 1852 naribus
992 1790 1066 1844 biam
1080 1789 1211 1845 Jordanis
1224 1791 1328 1860 jungit,
1345 1790 1391 1860 qui
1408 1790 1437 1842 in
1461 1789 1510 1843 illa
1532 1789 1646 1860 regione
1661 1790 1789 1844 omnium

131 1877 199 1953 ipsi
216 1877 350 1932 viderunt
364 1894 449 1948 opera
464 1877 586 1931 Domini.
602 1878 680 1931 Tunc
694 1875 888 1931 humiliabitur
903 1892 950 1929 su·
992 1880 1141 1933 fluminum
1156 1879 1294 1932 maximus
1309 1885 1351 1932 est
1365 1879 1505 1943 iordanis,
1526 1879 1607 1947 juxta
1629 1895 1711 1949 quem
1728 1895 1788 1933 mo·

133 1967 357 2044 perbiadssur,
374 1965 401 2019 id
415 1974 458 2019 est
472 1964 585 2029 diaboli,
616 1972 644 2019 et
663 1965 813 2036 imperium
828 1964 950 2034 AEgypti,
993 1975 1093 2022 rantur
1108 1968 1211 2032 leones,
1225 1968 1282 2021 sive
1297 1974 1329 2021 ut
1343 1967 1471 2020 ardorem
1494 1966 1555 2020 sitis
1577 1982 1648 2036 aqua
1664 1967 1790 2021 fluminis

126 2057 177 2115 id
189 2059 232 2108 cst
241 2055 423 2109 tenebrarum
435 2058 464 2108 et
471 2054 611 2107 aeriarum
635 2060 818 2124 potestatum,
832 2054 950 2120 recedet,
992 2057 1126 2121 relevent,
1143 2057 1199 2110 sire
1216 2056 1281 2127 quia
1302 2055 1422 2109 ricinum
1439 2060 1480 2109 est
1505 2055 1649 2110 desertum
1669 2060 1698 2109 et
1712 2061 1790 2109 vasta

131 2159 216 2202 cum
226 2143 377 2197 norissima
393 2158 468 2196 mors
481 2143 650 2203 destruetur.
665 2148 693 2196 et
707 2142 754 2196 ille
764 2142 811 2211 qui
832 2141 954 2196 habebat
993 2145 1125 2200 solitudo.
1135 2144 1182 2198 nit
1192 2160 1258 2214 ergo
1264 2145 1400 2215 propheta
1413 2163 1418 2196 ι
1433 2144 1515 2198 ellox
1526 2144 1787 2214 rugitusleonum,t

131 2230 251 2290 mortis
265 2230 426 2300 imperium,
439 2230 587 2284 claudetur
600 2232 628 2283 in
643 2230 779 2301 gehennae
799 2246 950 2284 carcerem.
993 2231 1079 2287 idest
1106 2234 1273 2303 optimatum
1298 2237 1327 2285 et
1354 2231 1521 2303 principum,
1542 2231 1675 2286 subaudis
1694 2231 1792 2287 audita

135 2318 248 2375 Sancti
264 2335 328 2373 rero
341 2318 573 2372 confortabuntur
586 2319 615 2372 in
630 2319 758 2383 Domino,
783 2325 810 2373 et
834 2319 928 2372 dicent
945 2337 951 2372 :
994 2327 1045 2375 est.
1060 2322 1155 2386 «Quia
1168 2326 1277 2375 tristata
1291 2326 1334 2375 est
1348 2320 1479 2392 superbia
1493 2320 1633 2385 iordanis,
1649 2321 1723 2375 rhoc
1738 2326 1789 2389 est,

142 2430 167 2458 a
184 2406 325 2461 Fortitudo
340 2423 402 2460 mea
417 2413 445 2460 ct
459 2407 521 2461 laus
536 2423 608 2460 mea.
627 2426 640 2459 s
667 2407 701 2461 Et
726 2406 911 2461 ambulabunt
924 2407 953 2462 in
993 2409 1118 2480 dignitas
1133 2409 1229 2481 templi
1242 2407 1334 2464 deleta
1348 2414 1400 2476 est,
1417 2409 1492 2465 unde
1507 2409 1641 2464 auxilium
1663 2408 1794 2479 speraba-

143 2496 269 2552 nomine
283 2497 355 2566 ejus,
367 2496 395 2549 id
410 2501 452 2550 est
462 2495 491 2548 in
506 2496 619 2549 nomine
634 2495 749 2557 Christi,
766 2513 782 2549 a
801 2512 856 2566 quo
871 2495 953 2550 Chri·
994 2504 1049 2553 tur.

148 2583 241 2638 stiam
255 2589 398 2648 vocantur,
411 2590 439 2637 et
449 2584 501 2638 sub
517 2583 654 2653 dignitate
666 2584 750 2654 hujus
764 2583 839 2638 tituli
853 2583 954 2638 ambu·
1032 2606 1045 2640 e
1060 2589 1125 2642 Hae.
1140 2589 1209 2642 dicit
1220 2588 1358 2643 Dominus
1372 2588 1446 2641 Deus
1472 2603 1551 2641 meus
1567 2602 1573 2640 ε
1591 2586 1678 2640 Pasce
1691 2603 1794 2658 pecora

150 2671 254 2725 labent
266 2673 300 2726 de
312 2672 414 2726 virtute
424 2673 454 2726 in
467 2673 609 2737 virtutem,
625 2672 714 2726 donec
734 2672 864 2727 rideatur
878 2673 953 2727 Deus
995 2675 1151 2740 occisionis,
1173 2694 1234 2748 quae
1259 2676 1283 2730 si
1298 2673 1490 2747 possidebant,
1505 2673 1678 2736 occidebant,
1693 2681 1722 2729 et
1734 2691 1792 2729 non
1861 2656 1870 2676 ⁶

155 2760 270 2814 deorum
281 2760 309 2814 in
321 2761 397 2815 Sion.
994 2763 1137 2829 dolebant,
1146 2772 1174 2819 et
1187 2763 1344 2819 vendebant
1354 2780 1415 2817 ea.»
1428 2763 1486 2816 Vox
1501 2761 1610 2816 Domini
1622 2763 1657 2816 ad
1670 2762 1793 2834 prophe-

991 2853 1145 2908 tamNunc
1156 2853 1270 2924 (inquit)
1279 2852 1392 2906 interim
1400 2851 1544 2905 nutriatur
1552 2866 1620 2922 grex
1636 2856 1791 2918 etcresoat,

455 2903 572 2958 CAPUT
586 2904 634 2958 XL
992 2942 1040 3012 qui
1050 2948 1147 3012 postea
1155 2941 1189 2995 ab
1199 2941 1326 2995 hostibus
1335 2940 1472 3011 capiatur.
1486 2939 1552 3003 Quae
1559 2956 1660 3010 pecora
1672 2939 1795 2995 Romani

205 3029 304 3098 «Aperi,
323 3027 437 3094 Libane,
450 3034 544 3100 portas
557 3035 631 3093 tuas,
641 3028 802 3082 etcomedat
818 3027 889 3098 ignis
904 3044 951 3082 ce·
995 3030 1041 3101 qui
1054 3030 1234 3101 possidebant
1244 3031 1309 3101 jure
1337 3028 1484 3094 victorum,
1501 3028 1673 3092 occidebant,
1690 3034 1718 3083 et
1736 3045 1794 3084 non

173 3112 227 3168 dros
235 3127 320 3171 tuas.»
330 3117 590 3172 Libanusmonsest
599 3116 747 3180 Phoenicis,
757 3116 804 3170 uhi
817 3116 954 3169 terminus
994 3118 1137 3183 dolebant,
1152 3136 1204 3173 nec
1218 3118 1434 3181 miserebantur,
1453 3134 1515 3188 quae
1541 3117 1690 3173 servabant
1703 3119 1738 3172 ad
1752 3117 1794 3172 ri-

177 3199 364 3260 ludaacontra
376 3206 593 3278 septentrionem
607 3210 658 3258 est.
674 3205 728 3259 Sed
741 3205 793 3257 hoc
809 3205 867 3258 loco
880 3212 954 3258 tem·
994 3213 1063 3271 tarn,
1080 3207 1246 3267 tendebant,
1262 3214 1291 3261 et
1317 3206 1495 3271 laetabantur,
1514 3226 1525 3258 r
1542 3206 1668 3261 dicentes
1685 3225 1691 3260 :
1707 3207 1795 3261 Dene-

178 3289 237 3358 plum
249 3302 324 3349 roem
337 3295 486 3358 Libanum,
515 3292 639 3364 quodde
664 3292 748 3362 lignis
775 3293 873 3347 Libani
887 3310 954 3347 con·
995 3296 1352 3356 dictusDominusdirites
1364 3296 1429 3349 lacti
1443 3312 1551 3349 sumus.
1568 3295 1702 3351 -uaecica
1714 3302 1795 3366 gesta

180 3383 291 3437 structum
306 3393 378 3437 erat.
395 3382 526 3437 Praedixit
540 3398 606 3452 ergo
631 3384 769 3453 propheta
791 3382 864 3451 quod
881 3387 953 3436 tem·
995 3401 1056 3440 esse
1086 3385 1134 3455 qui
1163 3385 1311 3439 historiam
1332 3384 1441 3454 legerit,
1458 3384 1589 3438 inveniet.
1612 3384 1794 3455 Tropologico

180 3463 333 3541 piumquod
349 3470 742 3525 novitcrl'ueratarditicatum
758 3487 776 3524 a
802 3470 953 3524 Zorobabel
995 3480 1114 3544 possunt
1138 3475 1195 3527 haec
1224 3473 1321 3527 referri
1343 3473 1386 3526 ad
1413 3473 1557 3544 episcopos
1572 3478 1599 3526 et
1614 3472 1794 3544 presbyteros

181 3554 270 3619 etlesu,
294 3559 495 3613 destruendum
521 3566 595 3613 essct
619 3576 636 3613 a
650 3559 823 3631 Vespasiano
837 3565 865 3612 et
888 3558 951 3612 Tito
994 3560 1233 3616 Christianorum.
1246 3560 1369 3614 Pascunt
1381 3559 1455 3613 enim
1472 3577 1556 3630 pecus
1570 3559 1716 3614 occisionis
1727 3559 1795 3615 mali

183 3642 328 3718 principibus
343 3647 569 3701 Rornanorum«
598 3649 681 3719 dperi
700 3647 823 3718 linquit).
837 3646 953 3712 Libane,
995 3655 1131 3719 pastores,
1145 3664 1265 3718 quorum
1288 3647 1460 3718 negligentia
1487 3649 1560 3719 perit
1585 3664 1652 3718 grex
1669 3647 1793 3714 Domini,

182 3741 254 3797 podas
267 3744 338 3797 tuns,
358 3755 371 3787 r
387 3743 418 3790 ut
432 3737 569 3807 suscipias
592 3737 781 3805 ingredientes
796 3737 899 3789 hostes.
920 3735 954 3788 Et
995 3738 1061 3791 dum
1079 3736 1220 3807 subjectos
1235 3737 1330 3790 rident
1342 3736 1383 3790 ire
1394 3753 1444 3807 per
1459 3736 1578 3808 abrupta
1604 3736 1745 3802 vitiorum,
1767 3743 1796 3792 et

182 3823 235 3886 quod
248 3824 351 3879 dixerat
374 3825 523 3884 Libanum,
552 3830 644 3879 serrat
665 3824 869 3895 metaphoram,
891 3822 955 3877 sub·
995 3842 1051 3880 non
1065 3825 1219 3895 corrigunt,
1231 3842 1283 3879 nco
1302 3825 1462 3889 enreiidant,
1479 3825 1545 3878 dum
1568 3830 1699 3880 metuunt
1713 3826 1796 3881 amit·

183 3904 240 3978 dens,
255 3919 279 3968 et
291 3914 404 3967 devoret
433 3913 507 3983 ignis
531 3913 629 3967 cedros
647 3918 719 3966 tuas,
742 3913 797 3966 Per
811 3912 908 3966 cedros
927 3917 955 3966 et
996 3920 1056 3968 tere
1071 3913 1220 3967 commoda
1235 3913 1411 3984 temporalia.
1424 3931 1486 3983 quae
1497 3913 1627 3983 diligunt,
1638 3899 1733 3984 sicque
1748 3930 1796 3985 pa-

184 3993 264 4055 sbietes
281 4010 445 4073 etqucrcus
461 4001 553 4056 Busan
578 4007 607 4055 ct
634 4001 736 4055 saltum
762 4017 955 4068 nemorosum,
996 4009 1078 4056 scunt
1092 4017 1139 4054 eos
1153 4018 1209 4055 tion
1225 4001 1259 4054 ad
1276 4001 1371 4064 vitam,
1388 3999 1437 4053 sed
1452 4000 1487 4053 ad
1502 3999 1680 4068 occisionem,
1703 4016 1795 4072 neque

185 4083 296 4159 principes
309 4098 339 4146 et
351 4091 511 4144 sacerdotes
521 4095 550 4144 et
561 4089 694 4162 populum
705 4088 956 4160 significatludteo·
996 4094 1114 4161 possunt
1128 4089 1220 4143 dicore
1230 4105 1292 4143 curn
1310 4088 1460 4159 dpostoio:
1479 4087 1563 4151 «Quis
1578 4088 1795 4156 scandalizatur,

186 4185 238 4229 tum.
250 4197 261 4227 ι
271 4179 405 4234 Comedat
420 4179 533 4250 unquis)
543 4179 616 4249 ignis
628 4179 726 4233 cedros
736 4185 809 4244 tuas,
823 4185 875 4234 »ut
890 4195 957 4233 cun·
997 4184 1026 4233 et
1039 4194 1092 4248 ego
1108 4194 1163 4231 non
1174 4177 1264 4231 orori
1282 4196 1293 4227 r
1308 4177 1439 4230 Vendunt
1454 4192 1566 4247 quoque
1580 4175 1733 4231 submissos
1743 4192 1795 4247 po·

187 4265 398 4320 carelincendio
413 4267 455 4321 rel
483 4266 578 4320 hostili
605 4265 722 4338 imperio
750 4272 904 4333 vastentur,
927 4273 956 4321 et
997 4267 1088 4338 pulos,
1103 4283 1166 4321 curn
1183 4282 1216 4320 ex
1228 4266 1340 4319 illorum
1353 4264 1470 4320 interitu
1485 4263 1537 4318 sibi
1557 4264 1668 4319 divitias
1684 4270 1795 4336 parant,

106 4376 111 4383 ·
188 4353 312 4409 traduces
326 4371 411 4426 quam
427 4354 520 4426 populi
533 4362 746 4409 consumantur.
964 4344 1094 4410 Dsavent
1109 4355 1297 4427 peccantibus,
1310 4354 1458 4408 laudantes
1468 4370 1516 4408 eos
1531 4354 1698 4425 praedasqui
1708 4359 1797 4425 agunt

215 4442 325 4509 «Ulula,
358 4442 443 4508 abies,
469 4442 536 4513 quia
570 4443 672 4497 cecidit
694 4443 805 4509 cedrus,
825 4444 956 4514 quoniam
998 4443 1033 4499 de
1046 4443 1166 4504 miseris,
1183 4450 1212 4498 ct
1222 4443 1335 4515 iniquos
1350 4441 1555 4498 benedicentes.

190 4531 301 4598 magnifici
311 4531 412 4586 vastati
425 4536 505 4585 sunt:
519 4531 637 4597 ululate,
648 4548 768 4602 quercus
784 4533 957 4603 Dasan,quo·
1036 4533 1095 4588 «Et
1104 4538 1231 4605 pastores
1240 4549 1337 4586 eorum
1348 4548 1403 4585 non
1413 4530 1565 4602 parcebant
1579 4530 1723 4601 eis,etego
1739 4547 1796 4585 non

190 4612 425 4674 nansuccisusest
443 4611 532 4674 saltus
548 4620 683 4674 munitus.
708 4639 718 4669 r
736 4620 835 4674 Mutua
848 4620 956 4691 (inquit)
999 4638 1111 4692 parcam
1126 4623 1201 4677 ultra
1216 4620 1468 4691 superhabitantes
1483 4625 1597 4684 terram,
1614 4618 1682 4672 dicit
1705 4619 1799 4673 Domi·

191 4699 360 4763 lamentatione
375 4707 534 4762 sacerdotes
562 4714 590 4762 et
618 4708 758 4780 principes
777 4725 809 4762 ac
827 4710 955 4780 populus,
999 4725 1061 4763 nus.
1080 4730 1091 4761 o
1108 4709 1181 4773 Quia
1195 4709 1304 4780 linquit)
1316 4714 1443 4779 pastores
1460 4723 1516 4760 non
1541 4705 1692 4777 parcebant
1705 4706 1797 4776 gregi,

192 4798 285 4850 latram
293 4797 415 4869 plangite
430 4796 586 4862 interitum,
596 4802 625 4850 et
639 4796 720 4867 quasi
735 4812 874 4866 quaereres
889 4797 956 4868 quid
998 4798 1046 4851 sed
1058 4798 1110 4868 ipsi
1120 4797 1204 4870 primi
1215 4795 1560 4866 devoraveruntpopulum
1573 4810 1679 4860 meum,
1695 4794 1799 4850 idcirco

192 4875 318 4946 siguiment
325 4884 411 4941 cedri.
421 4886 520 4956 quidve
528 4884 635 4939 abietes
656 4892 684 4939 ct
699 4901 829 4956 quercus,
841 4901 956 4956 respon·
998 4891 1027 4940 et
1041 4903 1092 4956 ego
1106 4903 1161 4940 non
1178 4901 1291 4957 parcam
1310 4885 1385 4937 ultra
1399 4898 1484 4953 super
1505 4881 1666 4937 habitantes
1679 4888 1797 4948 terrain,

193 4963 380 5031 dettostessdens
390 4973 874 5044 dehominibussedicere,quoniam
883 4989 959 5044 mag·
999 4974 1132 5029 subaudis
1141 4975 1276 5029 Judaeam.
1286 4972 1348 5027 Hoc
1358 4971 1432 5025 enim
1443 4973 1526 5042 juxta
1542 4971 1665 5026 litteram
1676 4972 1800 5028 deterre

195 5053 249 5112 uilici
260 5063 352 5118 vastati
364 5068 440 5118 sunt.
463 5063 552 5116 busan
569 5061 695 5116 conlusio
706 5061 817 5128 dicitur,
839 5078 957 5133 quercus
998 5064 1169 5128 Iuda-orum,
1181 5068 1209 5117 et
1218 5079 1272 5116 non
1283 5059 1401 5116 deomni
1410 5059 1476 5115 orbe
1486 5061 1598 5115 dicitur.
1617 5061 1680 5116 Non
1687 5062 1801 5133 (inquit)

195 5148 336 5209 terossasan.
349 5151 477 5206 homines
491 5151 559 5205 dicit
573 5149 958 5220 confusionisetignominiee,
1001 5169 1114 5223 parcam
1132 5151 1214 5211 ultra,
1231 5152 1279 5204 sed
1295 5150 1428 5205 continuo
1444 5150 1722 5213 ulciscar,ettradam
1738 5151 1802 5205 illos

196 5235 719 5298 tuonamsuccisusestsaltusmunitus.
742 5238 850 5292 Saltum
870 5239 962 5292 muni.
1004 5240 1139 5294 hostibus.
1153 5239 1386 5311 Quodimpletum
1398 5246 1441 5294 est
1455 5239 1803 5310 quadragesimosecundo

196 5324 239 5373 lun
250 5327 297 5382 sire
307 5345 495 5394 nemorosum,
510 5328 602 5399 ipsum
627 5326 764 5397 templum
787 5326 865 5391 dicit,
886 5327 961 5397 quod
1002 5346 1076 5383 anno
1088 5334 1150 5399 post
1161 5327 1332 5382 Donrinicam
1343 5330 1512 5400 passionem,
1530 5328 1604 5398 quod
1619 5335 1731 5400 tempus
1753 5329 1800 5382 da·

196 5403 372 5486 inexpugnabili
383 5416 516 5471 llrmitatc
525 5420 715 5471 constructum
725 5414 960 5470 fueratadirersis
1000 5425 1061 5473 tum
1078 5416 1171 5471 iuerat
1186 5417 1241 5471 illis
1254 5417 1289 5471 ad
1300 5418 1438 5489 agendam
1452 5417 1657 5488 paenitentiam.

194 5497 287 5570 falbes,
296 5514 322 5563 et
331 5507 368 5563 ad
376 5507 507 5564 ultimum
517 5505 552 5560 ab
562 5504 765 5570 HerodeQuod
784 5504 855 5561 dicit
869 5512 959 5561 meta·
1038 5505 1138 5559 «Ecce
1153 5521 1205 5577 ego
1227 5505 1338 5562 tradam
1365 5506 1503 5572 homines,
1530 5503 1802 5576 unamquamquam
