3818 6104
92 251 143 309 113
599 262 807 318 ENARRATIO
828 264 868 318 IN
886 264 985 320 altos
1003 267 1233 322 PROPHETAM.
1677 272 1730 334 ild

89 372 151 430 bus.
174 397 186 423 ι
203 377 312 434 Vacoas
331 381 459 454 pingues,
485 385 625 457 principes
649 387 809 442 Judaeorum
832 387 1025 447 siveAeruca.
1042 397 1071 444 et
1083 407 1137 445 non
1154 392 1266 446 redistis
1280 391 1317 446 ad
1329 408 1384 455 me,
1400 393 1469 449 dicit
1478 395 1624 451 Dominus.
1644 399 1728 453 »lla-

88 464 190 520 dirites
202 467 287 538 hujus
299 472 398 526 mundi
412 473 490 527 dicit.
508 475 700 545 Spiritnaliter
711 494 775 530 vcro
791 477 889 531 Sama·
930 474 998 532 bent
1009 479 1132 533 haretici
1147 481 1244 536 hortos
1259 486 1288 536 et
1300 482 1406 547 vineas,
1423 484 1466 537 vel
1489 484 1591 540 oliveta
1603 502 1654 540 seu
1666 486 1730 541 lice-

88 554 141 619 ria,
157 573 221 626 quae
233 557 438 631 interpretatur
450 566 584 629 custodio,
608 565 767 635 superbiam
781 566 889 636 signill-
929 570 968 629 ta,
986 567 1039 620 hoc
1053 575 1097 622 eat
1110 570 1195 624 salsas
1218 571 1347 635 virtutes,
1371 588 1440 642 quas
1463 577 1558 627 tamen
1578 589 1662 628 eruca
1685 574 1729 630 val

88 647 134 698 cat
149 645 355 711 hereticorum,
372 651 420 721 qui
434 668 464 705 se
476 653 606 707 custodes
620 663 822 725 preceptorum
837 655 888 708 Dei
929 660 1035 709 ceterae
1049 663 1141 726 pestes
1152 658 1256 713 diaboli
1270 659 1375 730 absque
1387 659 1472 714 dubio
1490 659 1631 716 abrodunt
1642 658 1728 734 atque

87 749 149 786 esse
163 735 350 791 mentiuntur.
367 738 447 803 Quod
461 757 527 796 vero
545 742 595 807 ait,
613 761 626 793 r
641 742 785 797 Levabunt
799 761 845 797 vos
859 745 888 797 in
928 751 1103 798 consumunt.

87 822 187 887 contis,
204 823 390 881 historialiter
413 829 587 901 principibus
600 830 762 886 Judaeorum
775 832 884 887 accidit.
964 850 976 882 t
988 831 1051 885 Misi
1060 833 1088 886 in
1097 850 1144 887 vos
1157 840 1277 888 mortem
1290 835 1319 889 in
1334 839 1410 889 terra
1422 837 1545 907 AEgypti‚
1556 839 1681 908 percussi
1696 839 1727 894 in

86 911 205 983 Tropice
217 930 291 978 vero,
307 915 452 972 hereticos
467 921 630 989 conjunctos
641 920 706 974 viris
722 922 887 976 ecclesiasti·
928 919 1021 988 gladio
1032 923 1371 994 juvenesrestros,usque
1386 925 1620 996 adcaptivitatem
1635 943 1726 998 equo-

86 1000 126 1054 cis
141 1017 193 1071 per
205 1002 315 1057 divinas
329 1007 482 1061 sententias
491 1009 661 1079 figuratam
671 1016 746 1063 corte
761 1010 885 1065 futuram
929 1023 991 1061 rum
1012 1016 1179 1075 veslfflrum,
1204 1017 1233 1065 el
1255 1013 1405 1067 ascendere
1418 1013 1471 1067 feci
1487 1014 1663 1084 putredinem
1677 1031 1725 1070 ⁰⁸·

87 1088 298 1146 damnationem
313 1093 448 1149 insinuat.
928 1101 1050 1151 strorum
1066 1106 1222 1153 rostrorum
1248 1101 1276 1153 in
1299 1117 1381 1155 nares
1400 1111 1516 1162 vestras,
1531 1107 1560 1156 et
1572 1119 1628 1156 non
1649 1103 1727 1158 redi·

123 1197 136 1230 a
153 1179 188 1233 Et
198 1184 532 1252 peraperturasexibitis
544 1187 634 1240 altera
645 1194 740 1240 contra
756 1188 883 1254 alteram,
927 1185 977 1238 stis
995 1187 1030 1239 ad
1053 1205 1107 1252 me,
1130 1188 1198 1241 dicit
1212 1188 1356 1242 Dominus.
1381 1190 1493 1243 »Mittit
1508 1207 1574 1260 ergo
1588 1190 1725 1247 Dominus

87 1273 114 1321 et
129 1269 318 1338 projiciemini
331 1271 360 1325 in
376 1273 495 1339 armon,
509 1275 579 1329 dicit
596 1276 742 1329 Dominus.
761 1277 887 1331 »Seenn-
927 1281 1046 1328 mortem
1067 1276 1094 1329 in
1117 1275 1203 1330 Jacob
1217 1282 1249 1330 ut
1264 1277 1464 1330 mortificemus
1486 1277 1613 1332 membra
1626 1283 1725 1334 nostra

87 1356 153 1410 dum
178 1358 327 1412 historiam
357 1361 385 1414 in
409 1363 513 1416 ludaris
534 1373 601 1417 tunc
620 1364 802 1435 adimpletum
832 1372 883 1430 cst,
926 1371 1141 1433 superterram.
1167 1367 1259 1436 Equos
1274 1383 1385 1436 quoque
1406 1367 1525 1421 tradidit
1538 1367 1568 1420 in
1580 1368 1726 1438 captivita-

86 1446 198 1514 qnando
213 1447 243 1499 in
258 1448 446 1518 captivitatem
465 1451 547 1505 dirisi
561 1452 673 1506 abducti
694 1459 760 1507 sunt
795 1453 885 1524 Spiri·
925 1456 993 1516 tem,
1012 1469 1046 1506 ne
1063 1455 1090 1506 in
1102 1454 1257 1525 praem-:tia
1270 1454 1402 1509 labantur
1419 1455 1531 1518 inferni,
1548 1461 1581 1509 ut
1592 1472 1643 1510 sua
1658 1473 1725 1527 pec-

86 1534 201 1589 tualiter
213 1551 288 1598 vero,
307 1538 429 1593 haeretici
444 1538 479 1593 ab
494 1540 602 1595 unitate
625 1541 690 1595 srdei
711 1543 882 1607 recedentes,
925 1547 987 1593 cata
1002 1547 1181 1612 cognoscant,
1198 1549 1227 1597 et
1241 1549 1340 1614 putere
1354 1544 1480 1598 sentiant
1503 1549 1589 1614 atque
1608 1560 1724 1616 peccare

87 1629 169 1693 atque
184 1624 213 1677 in
228 1625 320 1678 varias
334 1632 425 1680 sectas
440 1628 588 1682 adversum
607 1645 637 1683 sc
658 1628 750 1693 divisi,
765 1647 815 1700 per
837 1647 882 1684 su·
924 1627 1071 1685 desistant.

86 1711 210 1782 perbiam
226 1713 254 1767 in
266 1714 452 1784 perditionem
465 1717 592 1788 projecti.
891 1696 916 1757 Β
963 1740 975 1768 ι
991 1719 1173 1774 Subvertivos
1191 1723 1264 1776 sicut
1273 1720 1410 1775 subvertit
1420 1721 1556 1776 Dominus
1570 1722 1723 1778 Sodomam

118 1819 132 1852 ι
149 1801 251 1856 Venite
265 1804 300 1856 ad
317 1804 423 1869 Bethel,
439 1811 467 1858 et
480 1805 565 1876 impie
585 1807 659 1877 agite
674 1809 708 1862 ad
724 1809 880 1879 Galgalarn,
923 1805 1157 1872 etGomorrham,
1169 1815 1197 1863 et
1208 1810 1272 1863 facti
1292 1810 1359 1863 estis
1381 1809 1461 1880 quasi
1476 1810 1561 1864 torris
1576 1816 1673 1880 raptus
1687 1811 1723 1866 da

86 1895 110 1942 et
124 1890 313 1961 multiplicate
329 1894 585 1963 prevaricationem
607 1914 612 1948 :
637 1902 666 1950 et
688 1897 786 1951 offerte
801 1913 883 1951 mane
923 1891 1063 1954 incendio.
1080 1903 1108 1950 et
1122 1915 1177 1952 non
1193 1898 1305 1953 redistis
1320 1897 1354 1951 ad
1371 1913 1425 1960 me,
1445 1897 1514 1952 dicit
1537 1898 1683 1952 Dominus.
1706 1918 1718 1948 ι

86 1977 212 2032 victimas
227 1985 343 2045 vestras,
360 1980 449 2035 tribus
469 1983 568 2037 diebus
583 1985 705 2039 decimas
720 1993 836 2048 vestras,
854 1990 883 2040 et
923 1983 1015 2051 Igitur
1029 1985 1115 2039 lsrael
1130 1992 1158 2040 et
1173 1987 1265 2040 cuncti
1287 1986 1419 2048 heretici,
1445 1986 1493 2056 qui
1515 1985 1620 2040 habent
1637 2001 1724 2057 opera

86 2068 239 2122 sacrificate
253 2069 288 2122 de
302 2072 469 2126 termentato
484 2073 606 2137 laudem,
624 2081 652 2128 et
667 2083 762 2129 vocate
788 2077 884 2130 volun·
925 2071 1052 2127 Sodomae
1065 2080 1094 2128 et
1106 2074 1496 2139 Gomorrhae,subvertuntur,
1509 2077 1538 2128 et
1547 2072 1629 2143 quasi
1638 2074 1724 2128 terris

85 2152 169 2206 tarias
184 2152 352 2213 oblationes.
366 2163 395 2209 et
407 2157 581 2212 annuntiate.
596 2159 640 2213 Sic
655 2160 729 2213 enim
743 2161 879 2225 voluistis,
923 2168 1020 2230 raptus
1038 2162 1072 2215 de
1087 2163 1215 2216 incendio
1232 2163 1387 2216 liberantur
1406 2161 1589 2233 pergratiam
1606 2162 1668 2220 Dei.

85 2241 131 2295 tilii
145 2241 247 2301 lsrael.
268 2243 336 2298 dicit
360 2244 505 2303 Dominus.
523 2265 536 2299 a
551 2248 710 2302 Secundum
734 2249 880 2302 historiam
961 2269 972 2298 ι
995 2248 1173 2322 Quapropter
1188 2253 1245 2306 hac
1258 2252 1360 2305 faciam
1381 2250 1441 2303 tibi.
1458 2249 1555 2304 Israel.
1570 2250 1724 2320 Postquam

84 2328 187 2383 ironice
198 2331 317 2402 loquens
332 2340 430 2388 contra
443 2336 563 2399 ludaeos,
576 2353 611 2389 ne
627 2337 680 2408 ipsi
694 2338 800 2390 scelera
816 2354 879 2408 per·
922 2347 1018 2390 autem
1032 2339 1091 2392 haec
1104 2340 1197 2393 secero
1212 2339 1441 2410 tibi,praeparare
1456 2338 1486 2392 in
1501 2354 1647 2393 occursum
1669 2338 1723 2393 Do-

86 2425 204 2487 petrent,
233 2421 283 2475 sed
316 2424 469 2477 secundum
498 2441 596 2479 eorum
624 2426 879 2496 praevaricationem
923 2426 992 2480 mini
1004 2428 1105 2482 Deitui
1117 2427 1213 2492 Israel,
1227 2429 1293 2498 quia
1310 2444 1373 2481 ecce
1393 2443 1446 2494 ego
1462 2426 1585 2480 formans
1601 2432 1721 2495 montes,

86 2511 204 2579 peccatis
216 2519 329 2582 peccata
341 2515 495 2574 cumulent,
511 2533 561 2586 pro
576 2515 677 2586 quibus
690 2517 813 2570 atrocius
829 2535 881 2588 pu·
924 2521 952 2567 et
966 2531 1063 2570 crenus
1077 2527 1199 2576 ventum.
1218 2523 1247 2570 et
1268 2516 1437 2570 annuntians
1455 2515 1562 2569 homini
1578 2515 1723 2586 eloquium

84 2598 206 2657 riantur.
222 2601 351 2657 llaeretici
377 2619 442 2657 uero
466 2604 502 2658 ad
524 2604 635 2666 Bethel,
652 2607 703 2659 hoc
724 2611 767 2659 est
782 2607 817 2659 ad
830 2607 880 2660 do·
923 2605 1127 2668 suum,laciens
1138 2606 1304 2659 matutinam
1315 2603 1723 2675 nebulam,etgradienssuper

84 2708 157 2746 mum
172 2691 225 2746 Dei
239 2693 394 2746 venientes.
412 2693 498 2764 impie
512 2700 610 2764 agunt,
626 2695 692 2747 dum
711 2694 878 2749 sacrificium
922 2694 1030 2747 excelsa
1042 2701 1134 2753 terrm.
1155 2694 1292 2747 Dominus
1303 2693 1476 2746 exercituum
1492 2707 1596 2745 nomen
1610 2693 1681 2762 eJus.
1706 2712 1718 2745 s

56 2806 59 2810 Δ
83 2781 153 2852 quod
176 2781 230 2835 soli
250 2781 308 2835 Deo
331 2781 459 2846 debetur,
483 2782 594 2836 diabolo
618 2782 777 2847 immolant,
794 2791 879 2854 atque
920 2782 1073 2852 Postquam
1087 2782 1253 2847 autemmiti
1269 2781 1361 2834 fecero
1375 2779 1427 2833 tibi
1441 2796 1504 2850 quae
1520 2796 1565 2833 me
1579 2779 1721 2836 facturum

82 2876 194 2924 ceteros
214 2869 250 2922 ad
272 2869 446 2939 impietatem
468 2886 549 2923 suam
570 2870 763 2925 annuntiando
779 2889 878 2942 proro-
920 2886 980 2923 esse
988 2877 1138 2931 contestor,
1148 2885 1305 2939 praeparare
1319 2869 1355 2922 ad
1371 2867 1555 2922 invocandum
1567 2868 1719 2923 Dominum

82 2965 152 3025 cent,
163 2959 234 3012 dum
246 2958 281 3011 de
296 2958 434 3012 termento
447 2958 580 3012 lalsorum
592 2960 755 3029 dogmatum
771 2960 878 3015 favores
920 2959 1008 3012 Deum
1022 2965 1113 3025 tuum,
1139 2975 1189 3011 seu
1211 2974 1369 3029 preparare
1392 2957 1421 3010 in
1439 2973 1585 3011 occursum
1600 2956 1651 3011 Dei
1664 2956 1718 3012 tui.

82 3046 221 3103 hominem
237 3052 375 3117 querunt.
922 3047 1056 3118 Spiritum
1073 3063 1136 3100 vero
1152 3063 1235 3116 quern
1247 3047 1298 3100 hoc
1308 3047 1338 3099 in
1347 3047 1407 3101 loco
1418 3045 1496 3108 dicit,
1510 3061 1567 3098 non
1581 3044 1720 3116 Spiritum

114 3154 126 3187 n
144 3136 226 3191 Unde
241 3141 270 3189 et
284 3151 336 3205 ego
351 3135 414 3189 dedi
435 3133 511 3189 robis
534 3140 677 3206 stuporem
699 3136 825 3190 dentiam
848 3138 877 3192 in
919 3141 1058 3196 sanctum,
1071 3141 1103 3188 ut
1117 3135 1241 3189 haeretici
1251 3135 1442 3205 suspicantur,
1454 3133 1501 3187 sed
1511 3137 1624 3187 ventum
1635 3131 1717 3186 intel·

81 3226 184 3280 cunctis
199 3226 317 3281 urbibus
331 3227 440 3286 vestris.
468 3230 498 3280 et
521 3225 704 3295 indigentiam
728 3242 831 3296 panum
847 3226 876 3280 in
918 3224 1032 3294 ligimus
1046 3241 1096 3278 seu
1114 3224 1245 3295 spiritum
1271 3223 1401 3277 hominis.
1420 3222 1571 3291 Postquam
1587 3220 1718 3275 Christus

81 3314 207 3370 omnibus
225 3316 293 3370 locis
304 3305 416 3381 restris,
440 3318 469 3369 et
491 3330 546 3367 non
569 3313 636 3367 estis
651 3313 754 3367 reversi
768 3314 803 3366 ad
819 3330 873 3380 me,
916 3313 1001 3367 suerit
1015 3313 1170 3375 nuntiatus,
1187 3318 1255 3366 tunc
1270 3311 1350 3365 nobis
1369 3311 1463 3365 lumen
1484 3309 1609 3364 veritatis
1623 3307 1717 3379 aperi·

80 3404 143 3459 dicit
157 3405 295 3459 Dominus
316 3419 322 3453 :
345 3427 358 3454 ι
373 3405 401 3459 Si
427 3405 490 3475 quis
513 3403 588 3457 enim
615 3403 769 3456 comederit
791 3419 873 3457 uram
916 3407 972 3464 tur,
984 3418 1041 3455 non
1056 3407 1150 3455 tamen
1164 3400 1202 3454 ad
1215 3400 1380 3470 perfectum,
1403 3398 1469 3469 quia
1488 3413 1564 3451 nunc
1581 3413 1614 3451 ex
1636 3401 1717 3468 parte

80 3494 218 3558 acerbam,
247 3494 321 3564 quod
349 3493 489 3563 significat
507 3491 696 3562 iniquitatem,
721 3491 875 3562 stupebunt
916 3491 1051 3556 videmus,
1068 3498 1096 3544 et
1106 3495 1230 3560 exparte
1245 3487 1449 3558 cognoscimus.
1460 3487 1569 3540 Montes
1581 3502 1646 3539 uero
1658 3485 1717 3540 sive

79 3581 174 3636 dentes
193 3584 264 3652 ejus,
281 3588 314 3636 ut
328 3599 384 3636 non
397 3582 467 3636 bene
487 3581 696 3652 scripturarum
712 3585 872 3635 sanctarum
914 3581 1023 3634 excelsa
1038 3584 1120 3633 terrae
1136 3578 1277 3648 apostolos
1301 3576 1379 3642 dicit,
1399 3575 1441 3630 rel
1461 3590 1560 3629 omnes
1574 3573 1647 3627 viros
1661 3573 1717 3644 spi·

78 3670 246 3724 testimoniis
258 3669 400 3736 abutatur,
411 3669 560 3724 comedens
574 3685 635 3722 eam
648 3669 830 3723 immaturam
846 3675 874 3724 et
914 3668 1040 3732 rituales,
1057 3667 1109 3721 sub
1125 3666 1226 3737 quibus
1241 3666 1376 3720 Dominus
1392 3662 1530 3733 graditur.
1547 3660 1716 3716 Matutinam

77 3757 179 3831 absque
194 3759 352 3813 dulcedine.
916 3774 981 3811 vero
996 3757 1139 3822 nebulam,
1155 3760 1205 3809 aut
1224 3753 1446 3808 incarnationem
1469 3766 1549 3805 suam
1571 3749 1648 3813 dicit,
1665 3753 1716 3804 aut

111 3866 124 3899 e
145 3847 206 3918 Ego
219 3864 331 3918 quoque
342 3845 471 3917 prohibui
482 3863 499 3900 a
509 3845 586 3900 vobis
600 3844 730 3910 imbrem,
747 3863 810 3900 cum
827 3847 875 3900 ad·
915 3854 991 3900 certe
1004 3845 1200 3916 Evangelicam
1214 3842 1452 3914 predicationem,
1473 3854 1535 3910 quae
1548 3836 1583 3891 ab
1596 3835 1717 3891 infideli-

77 3935 126 3990 huc
141 3942 203 3990 tres
218 3952 329 3990 menses
344 3941 522 4006 superessent
535 3952 624 4005 usque
640 3935 675 3989 ad
696 3952 827 4001 messem,
845 3941 873 3989 et
914 3935 967 3988 bus
979 3935 1046 3988 dum
1057 3932 1259 3996 concreditur,
1275 3930 1391 3983 minime
1405 3929 1523 3983 videtur.

76 4025 130 4094 plui
145 4041 235 4096 super
246 4025 388 4079 civitatem
404 4029 534 4088 unam,et
546 4040 631 4095 super
645 4025 786 4079 civitatem
802 4025 873 4077 alte·
1229 4070 1345 4124 CAPUT
1364 4073 1386 4124 v

76 4128 132 4167 ram
148 4131 206 4168 nou
222 4114 281 4185 plui
314 4113 611 4183 Parsunacompluta
628 4118 681 4178 est,
701 4120 729 4166 et
749 4129 874 4184 parssu·
1390 4109 1397 4122 ’

76 4218 124 4272 pra
138 4219 224 4273 quam
238 4219 296 4256 non
312 4202 381 4273 plui,
396 4201 479 4255 aruit.
496 4199 533 4254 Et
546 4207 684 4254 venerunt
697 4201 759 4254 duae
774 4206 802 4254 et
816 4206 874 4254 tres
953 4219 964 4250 r
985 4199 1088 4253 Audite
1102 4195 1216 4251 verbum
1230 4195 1316 4249 istud.
1333 4192 1407 4264 quod
1423 4208 1475 4262 ego
1490 4191 1550 4244 lero
1564 4205 1712 4260 supervos

76 4290 201 4345 civitates
215 4292 252 4346 ad
265 4291 406 4344 civitatem
422 4305 506 4344 unam
520 4293 553 4343 ut
566 4289 695 4343 biberent
715 4306 829 4359 aquam,
846 4285 906 4344 etD
914 4290 1058 4361 planctum
1071 4306 1076 4340 :
1088 4287 1189 4341 domus
1199 4286 1285 4340 lsrael
1304 4283 1415 4345 cecidit,
1424 4297 1480 4335 non
1490 4278 1604 4350 adjiciet
1618 4282 1650 4332 ut
1664 4295 1712 4334 re·

76 4397 129 4435 uon
143 4389 211 4436 sunt
220 4381 375 4445 satiatae,et
387 4397 443 4434 non
454 4380 566 4434 redistis
578 4380 613 4433 ad
626 4396 679 4441 me,
696 4379 764 4433 dicit
777 4379 874 4433 Domi·
915 4384 1022 4449 surgat.
1043 4377 1130 4446 Virgo
1153 4374 1243 4429 Israel
1258 4374 1384 4445 projecta
1398 4375 1440 4424 est
1454 4369 1483 4423 in
1497 4374 1603 4422 terram
1618 4383 1711 4434 suam,

77 4486 135 4525 nus.
150 4492 162 4524 a
175 4470 309 4526 Prohibet
316 4486 428 4542 quoque
445 4467 717 4523 llominusadudaeis
732 4475 761 4522 et
771 4466 872 4522 abbae·
915 4484 969 4521 non
985 4466 1089 4536 estqui
1114 4464 1231 4518 suscitet
1252 4479 1324 4516 earn.
1347 4481 1359 4511 s
1376 4461 1518 4524 Quantum
1533 4456 1567 4510 ad
1582 4455 1712 4511 ordinem

77 4560 166 4614 reticis
182 4560 291 4632 pluvias
304 4558 475 4630 spirituales,
491 4563 519 4612 et
537 4573 650 4611 omnem
665 4574 757 4611 rorem
773 4557 872 4611 divinae
914 4558 1014 4612 litterae
1029 4555 1159 4627 pertinet,
1182 4554 1277 4606 decem
1299 4549 1390 4604 tribus
1414 4564 1475 4618 quae
1496 4543 1712 4616 appellabantur

77 4651 207 4715 scientiae,
231 4656 260 4704 et
279 4648 467 4719 cognitionem
489 4651 592 4700 sanetae
617 4646 773 4700 Trinitatis.
797 4646 872 4702 Pluit
914 4645 1010 4710 Israel,
1020 4645 1110 4698 durtae
1121 4642 1150 4695 in
1164 4640 1550 4711 captivitatemnequaquam
1560 4630 1595 4684 ad
1606 4636 1711 4684 terram

78 4736 872 4808 autemDominussupercivitatemunamveraeconfessio-
913 4751 994 4788 suam
1018 4739 1116 4804 postea
1139 4735 1205 4783 sunt
1225 4741 1352 4780 reverse.
1376 4720 1545 4792 Figuraliter
1565 4733 1630 4771 vero
1650 4722 1709 4771 tam

79 4826 120 4879 nis
132 4827 293 4891 Ecclesiam,
306 4833 335 4881 et
348 4842 434 4896 super
448 4825 566 4879 alteram
582 4840 637 4878 uon
653 4824 735 4894 pluit.
751 4842 812 4895 qua
828 4829 871 4879 est
913 4823 988 4894 ipsos
1013 4821 1133 4886 Judaeos,
1157 4834 1240 4889 quam
1262 4815 1347 4868 etiam
1384 4811 1520 4881 quosdam
1550 4811 1712 4878 peccatores

79 4914 106 4968 in
120 4915 314 4970 haereticorum
328 4913 531 4968 conciliabulis.
551 4913 619 4967 Duae
632 4919 661 4967 et
670 4919 730 4967 tres
744 4914 871 4968 civitates
915 4912 1041 4965 Ecclesiae
1056 4907 1209 4978 redarguit,
1224 4904 1272 4975 qui
1284 4907 1348 4973 post
1360 4903 1553 4971 perpetratam
1567 4895 1708 4950 malitiam

80 5004 113 5057 ad
124 5021 207 5058 unam
219 5009 341 5075 pergunt
353 5004 505 5066 civitatem,
517 5002 546 5055 in
557 5020 612 5074 qua
623 5019 703 5072 aqum
712 5002 873 5057 suntabun·
914 5001 949 5055 ad
965 4999 1158 5071 poenitentiam
1170 4994 1261 5048 redire
1275 4991 1384 5045 nolunt.

80 5091 175 5147 denter
188 5093 259 5164 spei,
270 5093 336 5147 fidei
346 5099 375 5147 et
385 5091 544 5146 charitatis:
557 5091 606 5145 sed
621 5091 684 5145 ideo
695 5107 751 5144 non
769 5092 873 5146 satian-
952 5107 965 5140 n
986 5089 1058 5153 Quia
1072 5088 1129 5140 haec
1143 5082 1210 5136 dicit
1226 5079 1379 5134 Dominus:
1392 5075 1507 5133 Urbsde
1522 5073 1714 5145 quaegredie·

81 5187 132 5246 tur,
153 5183 218 5255 quia
237 5183 273 5237 ad
297 5183 421 5236 divinam
443 5180 564 5253 gratiam
589 5180 787 5252 requirendam
816 5198 872 5235 non
912 5177 1016 5232 bantur
1028 5169 1355 5243 mille‚relinquenturin
1370 5184 1404 5221 ea
1418 5170 1529 5220 centum
1546 5168 1596 5217 :ct
1610 5163 1645 5217 de
1658 5178 1715 5234 qua

81 5271 230 5340 voluntate,
245 5271 295 5325 sed
305 5271 472 5325 necessitate
484 5269 609 5325 veniunt.
913 5265 1129 5338 egrediebantur
1142 5267 1264 5325 centum,
1281 5258 1476 5327 relinquentur
1487 5254 1516 5307 in
1529 5268 1562 5307 ea
1577 5252 1674 5307 decem
1683 5250 1712 5305 in

113 5379 126 5412 e
146 5360 276 5416 Percussi
289 5377 337 5415 ros
351 5361 381 5414 in
396 5366 478 5414 vento
502 5365 611 5420 urente,
634 5365 663 5413 et
682 5360 712 5413 in
735 5361 873 5429 aurugine
914 5357 997 5410 dorio
1012 5352 1111 5406 Israel.
1129 5370 1142 5403 r
1160 5351 1219 5404 Hoc
1240 5354 1283 5402 est
1307 5346 1381 5417 quod
1403 5345 1444 5398 ait
1462 5342 1569 5398 Isaias:
1587 5342 1616 5397 Si
1630 5339 1716 5394 luerit

80 5450 286 5506 multitudinem
301 5450 446 5504 hortorum
462 5456 617 5504 vestrorum
631 5454 660 5503 et
673 5449 817 5503 vinearum
834 5466 877 5503 re-
916 5459 1051 5498 numerus
1059 5442 1180 5496 liliorum
1196 5438 1285 5493 lsrael
1296 5437 1465 5491 sicutarena
1479 5431 1575 5496 maris,
1590 5427 1716 5499 reliquie

82 5544 211 5595 marum.
224 5537 335 5596 oliveta
360 5544 453 5599 restra
478 5545 507 5592 et
531 5540 614 5592 ficeta
635 5541 727 5592 vestra
749 5537 877 5595 comedet
917 5540 1116 5589 convertentur
1130 5547 1163 5586 ex
1177 5528 1227 5584 eis.
