3818 6104
143 222 210 282 1031
281 238 286 253 ¹
332 206 794 278 'HAYMONlSHALBERSTAT.
815 217 931 274 EPISC.
951 217 1184 275 0PP.PARSI.
1206 247 1239 259 -
1259 217 1558 276 conmeantum.
1712 217 1776 276 {032

137 349 286 420 judicii,et
295 346 529 404 resurrectionem
539 360 653 399 suorum
663 357 811 413 corporum
821 347 938 413 praesto-
949 342 1053 405 Asedcr
1066 347 1104 396 est
1130 339 1278 410 (datm),
1301 345 1330 395 et
1352 341 1488 396 Salomon
1509 341 1587 409 (Sap.
1605 338 1659 408 nl:
1682 341 1779 396 Anima

140 437 204 494 lari.
980 431 1052 501 justi
1068 430 1148 485 sedes
1160 430 1314 501 sapientiae·
1332 430 1428 485 Stellae
1439 446 1508 509 erge
1521 429 1586 484 eceli
1604 430 1695 485 sancti
1708 437 1777 493 suut,

176 528 209 582 m
242 528 313 580 data
346 529 412 584 seint
441 525 499 577 iltis
526 524 643 589 sinquta
676 522 749 575 stota
780 521 856 574 utba.
889 519 942 573 Per
983 519 1031 588 qui
1052 519 1081 573 in
1096 518 1219 573 tenebris
1234 519 1317 574 istius
1335 519 1398 574 rita
1420 520 1526 585 lucent,
1541 518 1631 573 veluti
1645 519 1676 573 in
1691 521 1779 575 firma·

141 614 231 668 stolas
259 613 338 668 albas
366 609 524 680 intelligere
548 607 684 663 debemus
714 607 871 662 mercedem
891 607 941 660 ba·
984 613 1080 661 mento
1098 608 1195 662 stellae.
1216 607 1269 670 Qui
1292 612 1361 661 tunc
1387 608 1485 678 utique
1512 607 1548 661 de
1577 607 1649 662 coelo
1675 608 1776 673 cadent,

144 701 250 772 ptismi,
268 700 413 771 praemium
429 697 570 769 martyrii,
590 696 747 751 mercedem
772 702 941 750 eternorum
983 695 1158 766 quandosub
1173 695 1629 766 illapersecutionevalidissima,
1645 697 1779 752 fiderece

146 794 175 843 et
189 788 325 859 gaudium
344 785 464 841 coelestis
479 785 586 856 patria.
602 782 715 838 Habent
733 799 799 853 ergo
815 790 880 837 ante
899 799 943 836 re·
984 785 1064 850 dunt,
1076 785 1123 855 qui
1134 785 1213 855 prius
1224 785 1279 839 fide
1289 790 1367 838 recta
1377 789 1406 839 et
1416 784 1550 856 operibus
1557 785 1647 856 justis
1660 784 1780 840 rideban-

146 877 347 932 surrectionem
372 875 460 929 sancti
481 873 607 943 singulas
628 871 725 938 stolas,
741 871 808 942 quia
832 871 861 924 in
884 870 945 924 sola
984 874 1143 947 turlucere.
1160 873 1191 927 ln
1206 879 1312 927 terram
1325 873 1515 944 cadent,quia
1528 874 1656 928 terrenis
1666 874 1778 930 delecte-

146 967 242 1021 anima
265 965 377 1020 eternis
394 961 613 1017 beatitudinibus
636 961 728 1014 adhuc
749 960 942 1031 pertruuntur,
983 960 1108 1015 tionibus
1123 961 1312 1030 inherebant,
1323 968 1353 1017 et
1372 979 1405 1016 ex
1431 961 1492 1033 ipso
1511 979 1611 1016 amore
1626 964 1778 1019 terrenoad

143 1059 241 1126 postea
255 1059 350 1109 autem
365 1051 507 1122 accepturi
523 1056 589 1105 sunt
603 1049 811 1119 binas,quando
822 1048 942 1120 receptis
982 1050 1161 1122 iniquitatem
1176 1056 1267 1105 ruent.
1285 1051 1365 1106 Unde
1379 1050 1528 1106 subditur:
1550 1051 1632 1107 Sicut
1646 1054 1777 1119 ficusmtt

144 1142 309 1215 corporibus
320 1139 511 1196 immutabiles
522 1143 606 1192 erunt
618 1138 646 1191 in
659 1137 762 1203 anima,
775 1142 804 1191 et
817 1137 942 1192 incorru-
983 1143 1017 1194 tit
1029 1155 1134 1206 prorsas
1146 1157 1209 1194 suos
1222 1156 1285 1193 cum
1300 1156 1318 1192 a
1330 1144 1408 1194 acuto
1422 1146 1558 1195 euocetur.
1584 1140 1666 1195 Licet
1679 1141 1777 1198 iicusir

143 1233 256 1306 ptibiles
266 1232 294 1286 in
307 1246 432 1302 corpore.
447 1230 488 1283 De
502 1228 555 1282 hoc
567 1226 671 1281 isaias:
692 1227 726 1280 1η
739 1231 814 1279 terra
827 1242 880 1280 sua
891 1227 940 1279 du·
982 1226 1131 1297 Evangelio
1144 1244 1318 1300 synagogam
1329 1227 1478 1298 significet,
1488 1229 1657 1300 specialiter
1667 1229 1713 1282 hic
1725 1246 1777 1284 on·

140 1324 229 1392 plicia
240 1317 564 1391 possidebuatflaamxrl.
577 1315 609 1369 Et
619 1316 726 1368 dictum
738 1319 775 1368 ert
787 1316 845 1367 iltis
858 1319 888 1367 ut
901 1330 942 1367 re·
982 1332 1047 1370 narn
1062 1317 1214 1371 Ecclesiam
1240 1317 1389 1386 significat,
1406 1317 1441 1372 de
1456 1333 1512 1388 qua
1532 1322 1603 1373 ωηο
1624 1319 1727 1372 cadent
1736 1319 1776 1390 qui

143 1412 312 1480 quiescerent
324 1412 428 1474 tempus
438 1404 530 1458 adbuc
541 1404 689 1462 modicum,
697 1402 780 1455 dariae
791 1403 942 1469 iirrptcatur
983 1402 1147 1459 infructuosi
1160 1405 1273 1459 fuerant
1286 1411 1340 1459 eta
1350 1405 1431 1459 bonis
1442 1406 1578 1476 operibus
1593 1407 1688 1461 vacui
1700 1408 1776 1462 Gros-

143 1512 280 1552 numerus
289 1508 484 1549 consumarem
496 1507 520 1545 et
535 1493 661 1560 fratrum
674 1489 873 1545 aarumDictio
888 1489 943 1544 ista
983 1510 1030 1548 sus
1041 1494 1115 1547 enim
1132 1494 1176 1547 ilci
1191 1495 1350 1564 appellatur
1362 1494 1469 1549 tructus
1480 1495 1567 1565 primi
1578 1496 1725 1567 temporis,
1735 1497 1775 1568 qui

145 1584 293 1656 inspiratio
308 1591 350 1637 est
364 1580 467 1645 divina,
485 1595 541 1650 qua
553 1577 694 1633 mentibus
708 1577 821 1632 illorum
836 1577 942 1632 deside·
983 1587 1135 1652 antequam
1150 1583 1265 1636 veniant
1283 1583 1318 1636 ad
1337 1583 1543 1648 maturitatem,
1558 1590 1644 1638 vento
1659 1585 1775 1639 concussi

145 1672 275 1729 rantibus
295 1671 369 1726 diem
387 1667 486 1739 judicii
505 1666 671 1721 immittitur
683 1666 772 1721 virtus
786 1666 964 1743 patientiae,}3
981 1670 1121 1724 cadentia
1135 1679 1251 1735 terram,
1263 1671 1302 1725 ita
1313 1676 1342 1725 et
1351 1671 1393 1724 illi
1403 1671 1451 1742 qui
1461 1671 1585 1726 necdum
1596 1678 1777 1743 pervenerunt

143 1768 176 1817 ut
189 1761 331 1834 patienter
354 1759 446 1813 ierant
459 1756 564 1823 omnia,
584 1759 776 1826 exspectantes
790 1770 940 1808 numerum
981 1760 1017 1814 ad
1027 1759 1220 1814 maturitatem
1231 1759 1368 1814 bonorum
1380 1761 1776 1831 operum,etvacuisunt,ooa

141 1853 255 1908 illorum
269 1849 317 1922 qui
332 1847 464 1903 similiter
472 1844 662 1900 interficiendi
672 1850 739 1900 sunt
752 1860 802 1916 pro
817 1843 938 1909 Christo,
980 1849 1055 1903 cassi
1069 1853 1160 1913 vento,
1170 1848 1199 1903 id
1211 1853 1253 1902 est
1265 1855 1394 1902 extrema
1407 1849 1608 1920 persecutione
1617 1850 1775 1905 decidentia

141 1958 206 1997 cum
229 1940 270 1994 eis
296 1937 475 2009 postmodum
490 1933 646 2005 regnaturi,
661 1938 694 1987 ut
713 1932 762 2004 qui
776 1932 940 1987 desiderant
979 1938 1151 2002 terrum,hoc
1161 1940 1203 1990 est
1213 1935 1242 1989 iu
1253 1936 1602 1992 terrenasdelectationes.
1617 1938 1673 2002 Qui
1685 1945 1775 1993 ventus

139 2029 264 2100 recipere
279 2042 330 2082 sua
343 2040 470 2095 corpora,
478 2023 622 2094 gaudeant
631 2038 664 2076 ex
673 2037 791 2076 numero
801 2020 936 2091 colligen-
976 2022 1047 2078 bene
1059 2024 1297 2095 magnusdicitur,
1308 2024 1384 2095 quia,
1396 2030 1526 2097 utsupra
1536 2026 1649 2081 dictum
1659 2032 1710 2092 est,
1721 2043 1767 2097 per

139 2119 241 2172 dorum
251 2112 442 2170 iratrum.Tali
451 2111 533 2167 modo
543 2110 747 2182 loquiturlleus
758 2110 936 2180 omnipotens
978 2113 1084 2167 secutio
1098 2113 1146 2167 illa
1160 2113 1245 2167 etiam
1260 2114 1362 2168 electos
1375 2113 1534 2184 occupabit.

139 2205 257 2269 sanctis,
266 2202 354 2257 veluti
368 2199 488 2271 quilibet
497 2198 701 2270 paterfamilias
713 2198 819 2253 habens
834 2197 938 2254 multos
1016 2202 1047 2255 ltt
1062 2204 1158 2256 cetram
1180 2206 1287 2256 recessit
1301 2204 1371 2256 steret
1388 2204 1457 2256 liber
1471 2205 1629 2258 involutus.
1647 2204 1726 2269 Quod
1738 2212 1776 2260 est

139 2295 223 2359 filios,
235 2290 409 2361 singulisque
424 2289 458 2342 de
472 2304 541 2358 agro
554 2286 758 2342 revertentibus
773 2292 800 2342 et
816 2287 938 2357 roganti·
979 2290 1094 2356 coelum,
1109 2290 1162 2344 hoc
1177 2296 1221 2345 est
1234 2295 1263 2344 et
1276 2289 1356 2356 liber,
1367 2290 1396 2344 id
1407 2296 1451 2346 est
1460 2296 1559 2346 sancta
1571 2292 1709 2359 Ecclesia,
1715 2294 1775 2364 quia

139 2381 193 2437 bus
206 2386 239 2436 ut
252 2378 343 2435 cibum
359 2377 412 2432 sibi
425 2375 540 2442 tribuat,
556 2375 725 2447 respondet:
743 2375 866 2429 Reiectio
875 2377 937 2446 qui·
979 2379 1045 2433 dum
1055 2379 1143 2433 Deum
1154 2379 1239 2433 habet
1253 2378 1451 2446 habitatorem,
1460 2380 1548 2435 habet
1559 2397 1676 2452 quoque
1690 2388 1718 2437 et
1730 2383 1775 2440 Dei

139 2472 203 2525 dem
226 2473 319 2523 vestra
333 2471 433 2539 parata
456 2469 507 2531 est,
524 2464 572 2518 sed
587 2469 745 2535 exspectate
767 2464 867 2518 frames
889 2481 937 2518 ve·
979 2467 1069 2537 legam
1081 2466 1223 2538 scriptam,
1234 2483 1290 2522 non
1304 2468 1332 2521 in
1342 2467 1446 2522 tabulis
1454 2468 1586 2539 lapideis,
1598 2471 1650 2524 sed
1660 2471 1690 2525 in
1703 2471 1776 2527 tabu·

139 2565 223 2625 stros,
241 2563 273 2612 ut
286 2571 350 2611 cum
376 2555 405 2609 in
430 2570 518 2609 unum
543 2552 627 2625 positi
650 2553 770 2619 fueritis,
788 2569 885 2608 omnes
907 2553 936 2607 in
978 2555 1013 2609 lis
1023 2555 1115 2610 cordis
1130 2555 1259 2610 earnalis.
1272 2556 1441 2610 lntuendum
1456 2562 1552 2612 autem
1569 2559 1649 2629 quod
1656 2559 1774 2630 ipsalie·

139 2662 290 2704 commune
313 2642 477 2706 comedatis,
492 2649 521 2696 et
534 2641 686 2713 epulemini
700 2641 866 2712 gaudentes.
884 2643 938 2709 Qui
978 2644 1064 2698 alesia
1075 2644 1148 2698 sicut
1161 2644 1232 2698 liber
1243 2645 1385 2700 involutus
1399 2646 1548 2701 recessisse
1565 2645 1683 2702 dieitur.
1700 2648 1731 2703 ln
1744 2649 1776 2703 li·

138 2735 325 2805 interficiendi
346 2738 411 2787 suut
431 2734 502 2786 sicut
522 2736 546 2786 et
572 2734 625 2786 itti.
640 2730 691 2784 Vel
715 2736 812 2802 aperto
829 2730 937 2802 scilicet
976 2732 1026 2787 bro
1038 2733 1112 2787 enim
1125 2733 1250 2788 involuto
1261 2733 1327 2805 quid
1337 2735 1457 2789 interius
1465 2734 1658 2803 contineatur,
1670 2753 1727 2792 non
1737 2737 1775 2792 ri·

138 2823 285 2897 martyrio,
302 2822 345 2876 vel
364 2821 487 2879 occulto.
976 2821 1070 2884 detur,
1085 2821 1140 2876 uisi
1159 2820 1194 2875 ab
1218 2822 1273 2877 illis
1288 2822 1390 2893 quibus
1402 2821 1564 2878 voluntarie
1579 2825 1720 2895 aperitur.
1734 2826 1775 2881 Sir

172 2915 206 2968 Et
215 2915 344 2968 uiaticum
353 2910 937 2979 aperuissetsiqitlumsectum,terramotua
976 2910 1209 2965 nimirumsancti
1221 2911 1297 2966 illius
1309 2912 1445 2984 temporis
1456 2919 1484 2966 et
1498 2912 1558 2968 suis
1571 2930 1604 2967 se
1619 2915 1775 2970 manifesta-

135 2997 544 3073 sactusestrnaqausQuidhoc
553 2998 613 3051 loco
622 3013 672 3067 per
682 3001 873 3052 terraemotum
890 2998 936 3052 de·
945 3035 967 3098 C
976 2997 1056 3063 bunt,
1073 3003 1102 3054 et
1115 2999 1256 3054 extraneis
1269 3016 1300 3054 se
1314 3000 1532 3057 celabunt.sicut
1544 3002 1670 3073 legimus
1679 3004 1709 3059 iu
1718 3020 1775 3076 pas·

137 3090 236 3145 bemus
251 3088 410 3158 intelligere
426 3086 481 3140 nisi
496 3085 697 3139 validissimam
712 3086 933 3156 persecutionem
976 3088 1104 3143 sionibus
1118 3095 1279 3143 sauctorum
1286 3090 1774 3161 martyrumtlujusvidelicetmem·

137 3196 199 3250 quae
211 3178 307 3233 futura
322 3181 365 3230 est
378 3172 552 3245 temporibus
570 3173 736 3228 Antichristi
746 3175 759 3227 l
771 3174 850 3229 Unde
864 3175 935 3230 bene
974 3175 1024 3231 bra
1034 3177 1156 3232 loannes
1164 3176 1326 3247 alloquitur,
1340 3176 1449 3231 dicens:
1466 3177 1558 3232 Nolite
1571 3184 1652 3234 omni
1663 3183 1773 3249 spiritui

136 3282 193 3320 ηοη
205 3261 455 3334 simpliciterdixit‚
466 3266 643 3315 terraemotus
652 3261 740 3317 sactus
749 3269 800 3328 est,
815 3264 863 3317 sed
871 3280 934 3318 cum
975 3266 1090 3329 credere,
1098 3266 1143 3319 sect
1150 3266 1262 3333 probate
1270 3267 1418 3332 spiritura·
1427 3281 1461 3318 ea
1470 3266 1524 3320 Dru
1533 3268 1635 3336 sunit!
1642 3270 1768 3335 loanrrt.

137 3353 340 3416 additamento,
356 3354 533 3404 terraemotus
558 3349 648 3402 sactus
662 3355 705 3404 est
725 3367 854 3420 magnus,
870 3353 937 3422 quia
977 3353 1099 3408 Recedet
1112 3358 1207 3407 autem
1227 3352 1350 3408 Ecclesia
1363 3353 1392 3407 in
1411 3353 1470 3407 suis
1483 3353 1585 3409 electis
1605 3372 1623 3410 a
1640 3356 1769 3427 reprobis,

136 3444 209 3497 sicut
222 3438 359 3495 Dominus
374 3438 450 3501 dicit,
465 3438 530 3491 talis
543 3437 597 3491 erit
608 3442 674 3492 tunc
686 3437 935 3510 tribulatio,qualis
976 3458 1032 3496 non
1045 3441 1177 3496 abscessu
1192 3442 1327 3512 corporis,
1343 3442 1392 3497 sed
1404 3442 1459 3496 tide
1469 3447 1500 3496 et
1512 3443 1690 3514 operatione,
1697 3446 1771 3515 juxta

134 3547 193 3586 non
204 3529 267 3592 suit,
278 3544 370 3600 neque
386 3528 435 3582 sset
449 3543 481 3582 ex
496 3542 551 3596 quo
563 3526 692 3581 homines
704 3543 765 3582 esse
779 3534 933 3599 coeperunt.
976 3531 1046 3586 illud
1060 3532 1127 3601 (isa.
1143 3531 1199 3600 un).
1214 3530 1388 3601 Egredimini
1408 3531 1546 3585 demedio
1572 3535 1643 3601 equs,
1658 3534 1769 3604 populus

133 3620 168 3674 Et
181 3623 222 3674 sat
235 3621 325 3687 sactus
337 3623 373 3671 ert
388 3619 468 3684 niqer
482 3618 552 3669 sicut
567 3631 660 3669 saccus
676 3617 816 3670 cilicinus.
834 3616 933 3672 Cilicio
974 3636 1064 3684 meus,
1072 3625 1100 3674 et
1111 3619 1288 3674 immundum
1299 3635 1335 3673 ne
1343 3618 1505 3690 tetigeritis.
1518 3621 1551 3673 Et
1561 3625 1656 3675 ornate
1664 3639 1740 3677 mons
1747 3627 1769 3676 rt

133 3710 295 3780 peccatores
322 3703 452 3759 homines
476 3708 505 3758 et
528 3703 570 3757 rei
586 3703 752 3758 induuntur.
769 3703 816 3759 Sol
836 3711 931 3760 autem
972 3712 1071 3763 insule
1089 3709 1121 3762 cte
1142 3710 1207 3762 tocie
1228 3710 1286 3761 ntis
1300 3712 1466 3762 arietarent.
1483 3707 1666 3765 Permontes
1679 3711 1768 3765 iaboc

134 3795 277 3851 christum
290 3793 439 3864 significat,
456 3792 490 3847 de
511 3808 566 3863 quo
580 3793 715 3862 scriptum
730 3797 789 3847 est:
810 3794 883 3847 Vobis
898 3798 931 3848 ti·
970 3796 1031 3851 loco
1043 3796 1177 3851 debemus
1186 3795 1344 3866 intelligere
1354 3797 1510 3867 prmcipuos
1519 3806 1638 3853 sanctos
1647 3799 1767 3854 inldccle

134 3885 272 3940 meatibus
287 3898 387 3937 aetiten
398 3896 491 3935 meum
501 3883 607 3934 orietur
623 3882 662 3934 sot
670 3883 789 3948 justitia
799 3882 928 3952 (Malucb.
971 3885 1198 3948 siacoustitutos,
1226 3885 1274 3956 qui
1297 3885 1405 3940 caeteris
1419 3885 1652 3953 erninent,sicuti
1666 3868 1766 3943 monta

133 3974 183 4043 rut.
192 3971 299 4043 Dequo
308 3971 393 4024 etiam
404 3968 483 4040 impii
491 3968 593 4022 dicturi
604 3974 828 4038 suntgementes.
841 3970 875 4024 Et
888 3970 930 4024 sol
971 3974 1207 4045 planitiemterrae
1213 3975 1416 4047 transcendunt
1430 3974 1466 4028 ad
1478 3991 1551 4045 quos
1557 3976 1684 4046 pertinet
1693 3977 1763 4042 illud,

130 4060 250 4134 justitiae
257 4076 313 4114 non
324 4056 657 4127 luxitnobis.Fietitaque
666 4055 783 4112 tuncsol
794 4063 929 4130 tanquam
973 4063 1047 4134 quod
1062 4063 1197 4119 Dominus
1211 4079 1262 4133 per
1279 4063 1446 4133 prophetam
1471 4062 1556 4118 dicit:
1580 4064 1730 4121 Sartonam
1746 4070 1765 4119 te

132 4166 231 4205 saccus
249 4148 385 4212 cilicinus,
402 4142 514 4217 quando
530 4145 559 4197 hi
572 4145 602 4198 in
618 4160 736 4215 quorum
750 4146 881 4201 cordibus
890 4148 932 4202 lu·
971 4167 1054 4220 super
1067 4153 1247 4206 altitudinem
1262 4153 1564 4223 cerretlsa.mn1)‚qui
1575 4153 1763 4216 movebuntur,

132 4238 207 4293 cebit
220 4237 360 4301 Christus,
376 4250 426 4305 pro
445 4233 532 4288 nihilo
556 4232 703 4299 ducentur,
718 4239 748 4288 et
765 4234 852 4289 veluti
866 4251 931 4305 pec·
971 4256 1028 4294 non
1041 4244 1074 4293 ut
1089 4257 1107 4295 a
1120 4240 1175 4295 lide
1189 4239 1333 4305 recedant,
1349 4239 1397 4294 sed
1412 4254 1529 4311 corpore
1544 4247 1576 4295 et
1586 4242 1764 4315 animoatque

132 4332 241 4382 catores
255 4329 285 4379 et
302 4323 343 4378 rei
356 4320 590 4381 interficientura
605 4322 743 4378 ministris
752 4323 928 4381 Antichristi.
940 4343 1055 4411 Dopere
1074 4328 1210 4383 recedunt
1229 4345 1247 4382 a
1260 4328 1394 4383 societate
1412 4328 1611 4400 reproborum,
1628 4333 1763 4388 audientes

131 4415 241 4471 Aliter:
258 4412 300 4468 sol
327 4411 401 4482 ipsos
430 4409 571 4480 significat
595 4410 801 4482 predicatores,
832 4413 932 4484 quibus
971 4416 1574 4489 illudpropheta,sicutsupradictumest:
1594 4421 1763 4477 Exitedeillu

132 4505 271 4562 Dominus
283 4500 366 4557 dicit:
388 4501 434 4554 Vos
445 4501 509 4553 estis
525 4501 574 4553 tur
585 4503 687 4555 maneti
701 4504 811 4573 (illattlt.
828 4506 863 4572 vt.
877 4504 931 4568 Qui
970 4506 1091 4577 populus
1104 4507 1260 4561 meuslloc
1270 4511 1313 4560 est
1326 4507 1361 4561 de
1372 4505 1594 4579 Babylone‚quae
1603 4517 1719 4582 pem
1729 4511 1761 4565 si.

131 4596 230 4667 utique
240 4599 307 4648 tunc
321 4591 536 4659 tienttanquam
547 4604 645 4643 saccus
670 4590 875 4663 cilicinus,quia
885 4610 930 4647 ce·
970 4595 1097 4664 gnificat,
1110 4600 1139 4649 et
1149 4595 1313 4649 societatem
1329 4596 1481 4650 malorum:
1493 4595 1596 4653 insulae
1604 4600 1762 4672 quoquede-

129 4685 332 4741 labuntcoram
348 4678 441 4751 impiis
457 4676 597 4748 quidquid
609 4678 752 4734 habebunt
774 4681 887 4736 luminis
902 4686 931 4737 et
970 4683 1070 4737 ctesias
1084 4683 1255 4754 significant,
1273 4683 1321 4754 qui
1332 4683 1406 4738 sicut
1424 4683 1523 4739 insula
1536 4688 1702 4744 tunduntur
1716 4690 1760 4743 itu·

129 4773 252 4829 uirtutis.
265 4773 298 4828 In
308 4770 365 4825 illis
376 4782 487 4839 quoque
497 4766 694 4823 obscurabitur
701 4770 753 4835 sol,
769 4770 817 4840 qui
827 4771 929 4826 timore
970 4772 1070 4837 atibus,
1086 4772 1126 4826 ita
1141 4772 1270 4827 Ecclesiae
1289 4771 1421 4826 fluctibus
1437 4776 1673 4843 persecutionum
1691 4778 1760 4832 istius

130 4862 267 4928 concussi,
279 4856 479 4915 autblanditiis
489 4855 609 4923 deliniti,
621 4857 925 4929 negabuntChristum,
970 4861 1033 4915 vitre
1044 4860 1213 4927 tunduntur,
1233 4860 1269 4915 de
1288 4860 1389 4932 quibus
1404 4877 1456 4932 per
1465 4863 1638 4933 prophetam
1650 4865 1757 4921 dicitu:

131 4956 160 5006 et
170 4951 205 5005 ad
216 4949 347 5004 tenebras
357 4946 461 5002 erroris
471 4945 699 5002 devolventurb't
713 4950 927 5017 ticnatatasucta
968 4952 1009 5005 llic
1023 4950 1123 5004 insula
1136 4951 1340 5017 exspectabunt,
1356 4955 1381 5004 et
1396 4950 1545 5005 brachium
1567 4969 1663 5009 meum
1686 4956 1758 5009 susti·

131 5042 168 5092 est
187 5040 258 5091 sicut
280 5040 402 5097 sanquis.
420 5034 500 5089 Luna
524 5032 676 5089 Ecclesiam
700 5034 848 5105 significat,
865 5053 925 5107 quae
967 5041 1071 5093 mount
1087 5040 1149 5103 tlra.
1167 5042 1235 5099 nx1t.
1263 5038 1330 5103 Quae
1353 5038 1485 5094 similiter
1509 5040 1585 5096 sicut
1607 5048 1637 5097 et
1662 5050 1757 5098 montes

130 5132 199 5182 tunc
212 5129 273 5178 tota
286 5125 335 5178 fiet
344 5123 418 5177 sicut
429 5122 555 5193 sanguis,
568 5122 616 5194 qui
627 5139 683 5177 ηοη
695 5123 725 5177 in
735 5140 792 5179 uno
802 5123 925 5190 loco,sed
967 5126 1258 5199 separabuntur,dum
1268 5143 1286 5181 a
1296 5127 1377 5182 malis
1386 5128 1441 5182 fide
1451 5132 1481 5182 et
1489 5131 1658 5200 operatione
1664 5132 1757 5203 disjun-

129 5215 160 5271 iu
174 5210 304 5267 omnibus
326 5210 425 5264 mundi
446 5210 572 5281 partibus
587 5211 744 5282 persecutio
758 5211 925 5268 Antichristi
964 5222 1079 5288 gantur.

128 5308 227 5361 contra
241 5297 391 5355 Ecclesiam
404 5298 589 5368 grassabitur.
1004 5305 1037 5359 Et
1047 5320 1120 5374 rcqes
1131 5310 1221 5371 terra,
1232 5309 1255 5360 ct
1264 5308 1404 5375 principes
1413 5311 1437 5361 et
1453 5310 1576 5377 tribuni,
1588 5316 1613 5364 et
1625 5313 1726 5373 diuites,
1735 5312 1754 5362 et

163 5395 198 5450 ut
212 5391 294 5446 stetta
308 5389 366 5442 cett
380 5387 537 5440 cecideruut
551 5404 632 5456 super
649 5391 874 5446 terramcoelum
884 5397 928 5446 est
967 5396 1059 5462 [arten
1076 5400 1101 5449 et
1122 5398 1213 5450 omnis
1224 5412 1319 5451 seruas
1334 5402 1359 5451 et
1380 5397 1460 5464 tiber,
1474 5399 1681 5455 absconderunt
1694 5417 1718 5455 sc
1729 5401 1753 5451 ta

127 5475 365 5545 sanctaEcclesia,
378 5474 480 5548 deque
491 5474 627 5533 Dominus
640 5480 721 5535 dicit:
737 5481 841 5537 Catum
854 5481 927 5537 aiibi
966 5487 1103 5553 speluncis
1112 5490 1137 5538 et
1146 5487 1231 5555 petris
1240 5484 1578 5559 mantiamltegessunt,
1588 5489 1637 5561 qui
1651 5503 1754 5561 corpora
