3818 6104
128 226 180 299 tet
334 242 523 303 numanis
542 234 784 308 alternatur.
807 250 920 307 nerse.
943 238 1021 305 ote.
1042 244 1145 302 raas.
1165 245 1188 300 1.
1207 272 1239 285 ·-
1256 221 1442 297 commun.
1461 234 1554 296 nen.
1713 224 1790 309 utu

130 362 249 429 cuiiorl‘e,
263 367 329 439 quia
341 367 458 424 ultimus
472 376 516 425 est
533 378 655 427 vocatus.
667 362 804 432 lln'ximus
826 365 1156 436 autemAlururtantur,
1183 366 1382 438 crapulantur,
1410 363 1605 428 inebriantur,
1633 362 1790 446 letam&

129 451 236 523 labore,
252 455 389 526 dignitate
402 460 431 512 et
443 452 650 530 predicatione,
672 465 743 519 sic'ut
757 466 817 536 ipse
835 468 864 519 in
884 484 925 521 se·
965 464 1053 516 etiam·
1064 476 1128 514 cum
1141 456 1330 512 malelccerint
1342 459 1371 508 et
1384 451 1527 509 exsultant
1540 453 1575 507 in‘
1596 451 1682 505 rebus
1705 467 1790 539 pe*

131 542 281 614 questibus
300 546 470 612 manifestet,
491 549 537 602 ubi
560 549 644 604 ursit:
669 553 865 609 latitamus
890 555 926 609 a.
967 539 1790 624 snus.tuosecouuaqutncansam01=etttuns·,*1·ejx,¹

131 632 244 702 itidem
256 635 385 687 amitibus
398 634 457 689 iltis
467 639 600 691 laboravi.
968 655 1077 697 namus,
1093 638 1252 708 signamus,
1268 634 1302 688 ab
1315 632 1449 687 uxoribus
1463 630 1651 689 abstinemus,
1668 625 1703 680 ab
1716 626 1787 710 inq

169 719 372 775 (irutiuuutetn
384 723 505 778 Deisum
521 722 721 797 idquodsarn,
738 731 829 789 idest.
845 735 927 788 credo
969 730 1184 787 citiscaretnus,
1201 724 1290 777 multa
1309 722 1426 775 aduersa
1454 725 1483 773 et
1511 711 1692 772 incommoda
1718 735 1776 799 pm

134 808 208 879 quod
224 825 285 861 sum
300 810 443 879 apostolus
452 817 482 865 et
496 806 661 882 predicator
675 808 927 891 Euangeliitotum
970 816 1081 871 Christo
1091 815 1272 868 sustinemus.
1290 802 1348 864 ietl'
1364 809 1453 863 sancti
1468 808 1500 861 itt'
1513 808 1566 860 hac
1581 804 1639 859 vita
1657 816 1767 878 operm

134 894 178 949 eit
187 891 237 950 ttct
245 896 347 967 gratie.
359 890 460 970 dtejdt
469 905 563 969 qratia
581 906 614 956 in
629 923 671 961 rac
684 924 770 962 oacaa
782 926 837 963 aare
861 912 927 977 fnit,
969 904 998 958 in
1014 903 1135 968 Christo,
1148 901 1294 954 credentes
1303 912 1333 952 se
1343 896 1494 951 mundatos
1508 893 1544 948 ab
1551 894 1639 964 ipsus
1651 896 1757 962 psum

134 979 321 1039 Perliberum'
340 984 488 1043 arbitrium
508 994 673 1068 cooperatus
690 1002 733 1049 est
750 998 848 1066 gratiae
869 999 928 1052 D'ei.
972 994 1040 1057 suis,
1056 998 1085 1044 et
1100 991 1129 1044 in
1144 990 1199 1042 alia
1214 990 1330 1058 sperant
1355 983 1595 1039 resurrectionem·
1619 978 1749 1043 beatitud.

134 1067 931 1148 ipsatamettgratia'prceven'iteumutvelletetsubse-
972 1097 1094 1150 nemque
1124 1093 1289 1148 parennem:
1321 1080 1348 1128 et
1367 1076 1407 1127 sic
1421 1074 1574 1127 firmantur
1594 1070 1622 1123 iu
1642 1069 1742 1144 hurspe,

136 1161 265 1243 dutalest,
282 1168 314 1216 ut
330 1170 424 1234 posset
437 1160 554 1236 implere
570 1168 646 1240 quod
662 1173 778 1234 volebat,
794 1175 864 1228 etin
880 1177 932 1229 hoc
973 1168 1053 1242 quast
1063 1169 1122 1236 jam
1137 1173 1227 1220 totum
1243 1163 1311 1217 illud
1325 1163 1487 1233 possideant
1502 1161 1531 1214 in
1551 1174 1591 1213 re.

137 1246 212 1321 qitod
237 1245 407 1305 voluntatem
423 1270 501 1307 suum
519 1257 614 1326 junxit
637 1261 772 1314 volttntati
792 1262 852 1317 Dei.
869 1264 931 1318 ideo
1008 1260 1089 1313 :itanc
1102 1262 1205 1311 aulem.
1221 1255 1248 1307 id
1264 1262 1307 1306 est
1320 1254 1349 1306 in
1362 1253 1414 1306 hac
1429 1258 1511 1305 etate
1524 1251 1554 1303 in
1581 1265 1635 1320 qua
1658 1263 1737 1309 sunu,

137 1330 241 1409 dignus
254 1337 296 1392 est
315 1343 551 1398 remuneratione.
568 1340 762 1402 Abundantius
777 1358 933 1405 auternonr·
975 1339 1737 1407 Chrt'stasresarreritamortuinprimitusdormientium.

139 1414 222 1479 dibus
237 1428 294 1479 illis
311 1429 442 1493 laborari,
454 1431 519 1501 quia
534 1432 571 1485 illi
588 1435 655 1487 solis
666 1436 680 1488 J
684 1437 769 1491 udicis
780 1448 808 1492 et
816 1439 934 1508 singulis
1012 1434 1155 1488 Primitiae
1169 1429 1368 1485 demittentium
1390 1428 1458 1482 dicit
1472 1426 1615 1480 Christum
1631 1425 1687 1495 quia
1698 1425 1740 1493 ipse

139 1508 291 1586 prouinciis
306 1517 534 1586 predicaverunt.
552 1523 655 1577 Paulus
674 1536 767 1580 autem
781 1534 809 1581 et
834 1528 935 1583 Jutlaeis
977 1530 1060 1593 caput
1074 1526 1117 1575 est
1132 1536 1256 1573 omnium
1272 1520 1435 1572 electorum.
1450 1518 1510 1586 ipse
1533 1515 1638 1584 [adunus
1659 1511 1741 1583 propria

140 1595 169 1655 ’θί
187 1596 323 1656 Gentibus
352 1606 519 1668 arada-adt.
531 1614 601 1680 pene
621 1615 780 1669 uniuersum
803 1618 935 1671 rutundum
978 1612 1090 1671 uirtute,
1111 1616 1140 1662 et
1154 1609 1187 1661 ad
1204 1609 1255 1661 hoc
1269 1616 1299 1661 ut
1312 1609 1370 1675 ja'm
1388 1622 1443 1659 non
1460 1605 1608 1670 moriatur,
1623 1601 1741 1654 resurrexit

139 1682 347 1771 perambulans.
364 1702 412 1747 aut
427 1712 475 1765 per
485 1714 525 1759 se,
542 1708 592 1753 aut
606 1719 655 1771 per
667 1684 994 1773 epistolassuas.VelBa
1012 1699 1138 1753 trior-tuis.
1154 1701 1288 1764 (litaniam
1311 1698 1421 1763 quidem
1442 1702 1492 1761 per
1514 1704 1600 1745 unum
1623 1691 1740 1746 homnem.

140 1776 225 1830 itiam
241 1776 269 1830 fn
288 1774 337 1832 h‘ec
354 1782 416 1850 plus
439 1785 495 1838 illis
510 1787 654 1846 laborarit.
671 1793 735 1862 quia
752 1793 792 1845 illi
808 1810 838 1846 ex
866 1811 936 1865 prae-
979 1789 1068 1842 hda'm
1098 1773 1599 1853 naursantecesserat-teuchite
1623 1789 1740 1846 permitto

140 1859 280 1920 ditatione
292 1856 392 1923 victum
403 1875 555 1928 secundum
568 1872 936 1951 Evangel'iumaccipiebant;
980 1877 1130 1937 bultriltem,
1147 1875 1299 1938 Christum,
1317 1874 1484 1925 resurrectio
1496 1875 1675 1927 mortuorum,
1684 1867 1743 1918 bone

140 1946 246 2009 Pettius
259 1963 324 2009 vero
338 1970 394 2012 nott
407 1974 449 2014 est
463 1968 531 2017 usus'
546 1964 597 2019 hac
612 1972 761 2036 potestate.
777 1969 824 2022 sed
845 1966 939 2024 labore
980 1981 1042 2017 rum
1059 1964 1262 2031 mulorumque.

141 2045 278 2098 mmm
294 2057 408 2113 suarum
429 2050 545 2105 virebat.
563 2054 611 2107 Vel
630 2052 691 2125 plus
715 2056 857 2119 laboravit,
874 2058 940 2130 quia
1019 2053 1307 2119 Urtasquisq'ueuutem
1319 2051 1349 2101 in
1360 2042 1523 2101 raucedine.
1535 2040 1742 2104 Nedicereutilli,

142 2125 184 2185 illi
195 2132 298 2187 iudaeis
314 2135 372 2205 (qui
400 2124 541 2195 hebebant
565 2143 724 2214 Scripturas
743 2149 844 2218 quihus
875 2150 941 2205 vitia
983 2141 1010 2194 et
1023 2140 1140 2193 musicen
1151 2132 1399 2201 dicebant1Quare
1407 2136 1477 2205 justi
1493 2135 1542 2206 qui
1559 2132 1744 2188 antechristum

144 2208 362 2280 dffmfffibmu’s·
383 2230 410 2278 θῒ
435 2227 550 2289 illidius
569 2233 753 2303 augebantur)
774 2237 940 2306 praedicare-
984 2229 1085 2283 mortui
1106 2234 1262 2289 salitante
1286 2232 1349 2280 eum
1373 2238 1429 2278 non
1458 2218 1745 2283 tesarrexcrutttth'it

144 2302 221 2371 t'itnt',
238 2317 267 2362 et
281 2306 361 2364 iactis
377 2314 529 2371 miraculis.
546 2314 634 2373 sat-ilis
653 2322 778 2378 doctriua
807 2325 942 2396 suspirie.
985 2336 1034 2390 per
1049 2319 1129 2385 cujus
1142 2317 1273 2370 virtutem
1287 2315 1400 2386 quidam
1417 2309 1528 2367 illorum
1542 2316 1710 2366 surrexerunt
1728 2313 1747 2360 et

145 2389 231 2467 batur
241 2396 365 2455 illoium'.
377 2401 444 2469 quia
458 2403 498 2456 illi
509 2406 696 2477 cognitionem
715 2411 796 2465 unius
827 2413 874 2466 Dei
897 2414 943 2467 har·
985 2423 1082 2461 omnes
1092 2405 1218 2458 homines
1228 2404 1379 2458 surrecturi
1391 2410 1458 2457 sunt
1472 2405 1607 2456 Prt'rnitie
1619 2398 1747 2453 debuitesse

144 2475 381 2543 mutuatantes
395 2502 460 2543 vero
473 2494 613 2561 gentibus,
630 2497 696 2552 vitia
709 2498 880 2570 virtutesque
894 2518 943 2555 ne·
985 2494 1185 2551 dormientium
1208 2492 1235 2546 id
1248 2500 1290 2546 est
1305 2493 1412 2562 primus
1426 2490 1524 2545 debuit
1539 2494 1687 2557 resurgere,
1699 2484 1748 2539 situl

146 2571 308 2629 scientibus.
326 2576 476 2634 llliittdteis
485 2584 660 2654 prophetiam
671 2588 705 2641 de
721 2589 832 2642 Christo
843 2589 945 2643 haben·
986 2590 1014 2641 et
1028 2585 1107 2640 fecit:
1125 2582 1225 2636 deinde
1239 2598 1336 2635 omnes
1351 2582 1378 2635 in
1394 2596 1444 2635 suo
1455 2576 1563 2642 ordine,
1580 2574 1750 2632 subaudisset

146 2655 223 2715 flbus
237 2657 435 2733 Pffl'difflbasst,
447 2670 490 2723 cut
501 2670 708 2729 concordabant
718 2694 779 2746 quae
792 2678 944 2732 deChristo
984 2676 1043 2747 jam
1059 2676 1272 2727 resurrexerunt
1283 2672 1332 2724 aut
1343 2669 1528 2724 resurrecturi
1545 2675 1621 2729 sunt,
1635 2670 1689 2736 post
1697 2659 1750 2718 Clui-

147 2750 381 2822 pitedicbbantili.
394 2745 498 2813 taulus
511 2761 642 2833 gentibus
663 2765 768 2821 nullam
783 2759 818 2820 de
834 2766 945 2825 Christo
987 2768 1062 2818 sium
1078 2762 1213 2823 videlicet,
1231 2761 1279 2830 qui
1293 2756 1445 2813 resurrexit
1456 2758 1574 2829 primus.
1588 2754 1681 2810 deinde
1690 2752 1713 2804 hi
1718 2751 1751 2818 qui

146 2832 324 2925 prophetiam
349 2834 526 2903 habeiitibus'.
546 2853 607 2905 Non
631 2870 676 2921 epo
695 2861 797 2913 autern,
814 2855 947 2911 subaudis
987 2854 1213 2914 surttdhristi,in
1226 2840 1749 2916 quarantadeuouidamcodnesmtent·

148 2920 226 2985 tolus
240 2920 373 3002 laboravi,
385 2937 431 2991 scd
443 2942 537 3008 pratia
552 2941 599 2995 Dei
609 2945 859 2998 artacutn.Siuutetn
868 2944 949 2998 Chri·
989 2942 1094 2996 Deinde
1109 2941 1158 3010 qui
1172 2946 1239 2993 sunt
1253 2937 1367 2997 Christi,
1384 2937 1432 3008 qui
1447 2937 1476 2990 in
1489 2936 1611 2989 aduentu
1625 2927 1751 3003 ejuscredi·

149 3012 210 3072 stus
237 3012 404 3091 predicatur
429 3024 458 3079 iu
488 3027 637 3094 miraculis,
659 3038 688 3086 et
715 3033 742 3086 in
773 3024 1096 3095 auditoribusGde'runt.
1115 3029 1254 3091 Sedialso
1274 3027 1468 3098 scriptumest
1499 3024 1617 3087 Deinde,
1635 3014 1749 3090 inquitbi

150 3106 235 3160 eorda
245 3110 342 3164 eoiuiit
354 3108 494 3183 tangendo
505 3121 532 3170 et
544 3108 709 3173 illustrando
724 3116 947 3189 adcredendunt,
991 3122 1036 3191 qui
1051 3117 1238 3175 suntChristi.
1255 3121 1404 3187 resurgent
1419 3115 1448 3168 in
1460 3110 1584 3167 adventu
1598 3114 1751 3182 ejuscumn·

152 3196 182 3248 et
196 3195 265 3250 tnihl
278 3184 391 3255 terbum
404 3202 609 3271 predicationis
620 3200 812 3266 ministrando.
992 3207 1065 3262 nerit
1080 3208 1113 3260 ad
1122 3200 1267 3277 J'udicim‘n,
1284 3204 1389 3259 Christi
1404 3209 1479 3257 sunt.
1493 3196 1541 3273 qui
1551 3188 1751 3255 tneumcnturt

187 3278 249 3339 Siue
262 3288 337 3340 etaim
350 3305 406 3356 epu,
421 3291 475 3343 siue
487 3295 539 3371 illi,
557 3294 690 3350 subaudis
705 3296 751 3351 alii
767 3294 896 3369 aposloli,
912 3303 951 3353 sic
994 3298 1023 3351 et
1034 3296 1213 3350 crediderunt
1227 3292 1292 3348 unte
1307 3292 1458 3346 adventum
1475 3288 1546 3362 ejus.

151 3364 377 3456 mmmmm,
401 3374 534 3435 subaudis
568 3376 640 3438 sicui
668 3403 753 3458 supra
781 3404 952 3442 commemo·
1029 3386 1129 3440 Deinde
1143 3386 1218 3450 finis,
1234 3382 1366 3437 subaudis
1381 3381 1435 3435 erit
1457 3376 1652 3445 mund13linis
1664 3381 1753 3441 namque

155 3460 224 3524 tiit.
242 3460 315 3530 quod
329 3463 457 3520 Christus
467 3472 595 3524 mortuus
615 3472 744 3539 surrexit,
757 3466 840 3529 coelos
855 3492 952 3533 ascen·
995 3470 1101 3528 mundi.
1119 3471 1286 3527 resurrectio
1296 3470 1359 3538 erit,
1373 3486 1434 3524 cnm
1450 3464 1601 3522 tradiderit
1611 3448 1753 3532 aequante

153 3534 204 3635 dle?
217 3538 269 3606 ἀΰ·
995 3562 1018 3617 et
1030 3563 1117 3615 Patri.
1131 3561 1204 3614 Deus
1219 3556 1303 3615 Pater
1317 3557 1411 3612 omnia
1420 3554 1538 3610 tradidit
1547 3554 1628 3613 Filio,
1643 3550 1704 3607 sicut
1713 3548 1753 3617 ips

191 3641 357 3698 Iliberu'titur
367 3639 460 3700 atate-m
472 3655 497 3702 el
512 3648 580 3718 [alsi
590 3656 664 3705 testes
675 3648 732 3717 laet,
744 3652 771 3708 id
786 3657 828 3708 est
839 3650 953 3726 proDeo
995 3649 1035 3703 ait
1052 3668 1057 3701 :
1077 3650 1177 3704 Onntia
1193 3646 1297 3705 tradita
1314 3648 1379 3700 sunt
1392 3645 1496 3699 mittio
1514 3648 1594 3698 Pu'trc
1610 3658 1664 3696 tneo
1678 3632 1752 3707 (tau.

156 3715 349 3794 testimonium
363 3730 494 3798 ferentes,
510 3738 669 3795 invenimur
680 3743 760 3797 falsi:
776 3747 909 3812 quoniam
921 3732 955 3798 te·
997 3750 1046 3801 xit.
1060 3738 1095 3792 Et
1107 3734 1208 3790 Patulus
1222 3736 1298 3799 dicit,
1316 3735 1388 3807 quod
1405 3736 1470 3788 lunc
1485 3734 1523 3787 sit
1537 3732 1602 3787 llnis
1617 3717 1753 3785 munditer

157 3820 323 3899 stimonium
335 3823 459 3879 dicimus
469 3827 599 3882 aduersus
609 3831 693 3884 Deum
705 3833 955 3900 quodsuscitauerit
996 3822 1161 3881 turnacum
1176 3822 1325 3879 tradiderit
1339 3830 1455 3896 regnum
1472 3815 1560 3876 Filius
1576 3820 1650 3875 Patri
1665 3808 1754 3881 elladii

158 3903 310 3995 Christum,
326 3912 469 3983 quarnaco
481 3914 632 3980 suscitavit,
649 3920 954 3992 subaudisutquidam
998 3922 1040 3969 est
1056 3911 1141 3969 Deus.
1154 3912 1207 3969 Sed
1219 3915 1283 3985 quia
1298 3906 1372 3968 istud
1399 3928 1517 3982 regnum
1535 3908 1574 3964 sic
1587 3909 1654 3964 Filio
1668 3904 1753 3961 uPaith

158 3994 265 4063 dicunt.
279 4007 304 4056 si
319 4009 425 4057 rrturtui
439 4014 494 4061 nott
510 3998 669 4076 res-tarquini.
688 4004 716 4063 ln
732 3998 775 4065 hls
786 4010 861 4064 locis.
873 4011 955 4082 syllo-
997 4011 1026 4058 et
1042 4002 1117 4057 Patri
1134 4021 1148 4057 n
1164 4003 1234 4057 Filio
1248 3994 1378 4056 traditur.
1391 3998 1615 4055 utcoinmuniter
1628 3996 1660 4052 ab
1671 3999 1755 4080 attuit

157 4082 257 4163 g'ismis
271 4080 423 4153 dialecticis
433 4083 522 4148 utitur
531 4084 725 4167 ApostoluS,et
734 4099 842 4154 videtur
853 4112 955 4171 negate
997 4092 1181 4165 possideatur,
1193 4091 1342 4147 dicendum
1352 4090 1484 4155 breviter,
1500 4088 1575 4159 quod
1591 4089 1672 4153 Pater
1682 4075 1756 4136 henim

160 4172 235 4267 quod
249 4172 405 4239 confirmat.
415 4176 478 4239 Nou
488 4194 554 4240 sunt
568 4188 642 4242 enim
657 4191 719 4243 talsi
734 4191 954 4262 testesapostoli·
998 4170 1067 4238 Filio
1083 4199 1098 4235 u
1112 4180 1201 4235 Verbo
1214 4184 1336 4255 sumpto,
1350 4179 1446 4234 omnia
1459 4176 1618 4234 tradiderit.
1629 4184 1660 4230 ut
1676 4160 1756 4225 sitisti

161 4269 226 4355 quia
242 4279 270 4327 et
285 4260 413 4325 Christus
427 4275 558 4334 surrexit.
573 4284 602 4329 et
612 4280 879 4351 mortuiresurgent.
893 4281 957 4335 Etsi
1000 4272 1070 4325 Filio
1085 4270 1216 4324 divinitas
1226 4279 1255 4323 et
1265 4264 1491 4322 hilfflttuilsssuntt
1501 4272 1543 4321 esi
1556 4259 1757 4336 lt'ffiossfldissum

160 4345 202 4419 ita
216 4365 268 4421 est,
283 4345 315 4413 ui
329 4360 442 4430 quidam
457 4369 580 4418 vestrum
608 4365 712 4431 dicunt,
729 4370 820 4422 adlruc
840 4373 902 4422 estis
927 4373 955 4422 ῑη
966 4347 1036 4414 D'sit
1050 4350 1077 4413 et
1094 4360 1240 4430 possessio.
1261 4356 1301 4412 llli
1316 4358 1390 4412 enim
1405 4354 1512 4411 honriiti
1528 4362 1596 4408 tunc
1623 4356 1709 4406 cuncta
1718 4350 1757 4405 tta·

158 4434 276 4535 pascuiis
290 4440 395 4514 uestris,
411 4448 477 4521 quia
489 4448 621 4522 baptizati
635 4455 664 4507 in
678 4444 731 4510 fide
746 4458 843 4511 mortis
853 4457 957 4511 christi
999 4446 1078 4507 didit,
1097 4448 1208 4519 quando
1223 4444 1258 4500 ab
1272 4447 1417 4516 unigenito
1431 4462 1482 4500 suo
1495 4442 1600 4514 suscipi
1615 4425 1757 4495 volutatur

162 4542 191 4599 et
204 4521 417 4599 resurrectionis
429 4528 530 4607 fuistis,
545 4549 577 4597 ut
592 4544 784 4604 remissionem
796 4546 958 4617 acciperetis
1000 4536 1085 4591 Filius
1100 4537 1129 4591 in
1144 4537 1199 4590 fine
1210 4552 1326 4605 regnum
1347 4532 1403 4589 Deo
1417 4541 1445 4588 et
1458 4534 1532 4588 ''ssiri
1547 4532 1648 4595 tradet,
1661 4539 1712 4583 cum
1723 4518 1757 4574 ‘¹‘

161 4614 352 4713 pauculorum.
367 4631 438 4703 Ergo
449 4647 504 4685 non
518 4616 663 4687 credentes
677 4633 818 4687 Christum
831 4651 959 4688 resurre-
1000 4633 1059 4680 ctos
1073 4643 1138 4680 suos
1153 4626 1222 4697 quos
1234 4641 1284 4679 suo
1298 4623 1433 4693 sanguine
1447 4621 1606 4693 acquisivit,
1623 4616 1656 4675 ad
1667 4608 1758 4702 coliielb·

161 4706 247 4791 aisse,
262 4708 291 4777 in
307 4706 428 4793 peccatis
452 4708 510 4775 suis
537 4721 698 4788 manebant,
713 4722 778 4792 quia
803 4722 959 4793 baptismus
1000 4715 1151 4787 piationem
1167 4715 1411 4784 cognitionemque
1439 4712 1488 4767 llei
1515 4708 1608 4767 Patris
1636 4694 1759 4801 perluunt

161 4798 219 4873 nun
233 4797 357 4882 prodest,
378 4810 430 4867 nisi
445 4811 474 4867 in
490 4802 545 4867 lide
560 4811 674 4865 Christi.
1001 4805 1152 4858 ostendens
1162 4805 1223 4872 ejus
1235 4809 1399 4872 regnantem
1416 4802 1504 4857 Deum
1518 4795 1759 4858 patremmeum

165 4967 170 4980 ι
197 4882 269 4968 droa
282 4906 307 4980 ct
319 4904 368 4971 qut
386 4884 562 4955 dortnicrunl
573 4903 603 4955 in
620 4902 736 4965 Christo,
753 4900 780 4957 id
797 4900 961 4955 estereden-
1002 4892 1031 4975 et
1050 4893 1155 4963 Spiritu
1184 4885 1288 4945 sancto.
1304 4892 1527 4962 Ettuncapcrte
1542 4888 1642 4953 scierit,
1657 4871 1761 4979 qtiotuudo

162 4991 206 5045 10⁸
221 4975 254 5041 ek
268 4974 343 5048 tobis
357 4988 386 5043 in
403 4988 556 5052 Christum,
574 4988 640 5059 quia
663 4990 722 5060 jam
751 4990 854 5043 mortui
883 4993 958 5053 sunt,
1002 4981 1075 5036 Deus
1091 4983 1173 5061 Pater
1185 4997 1247 5034 cum
1263 4980 1407 5050 unigenito
1422 4996 1473 5034 suo
1486 4986 1515 5033 et
1530 4976 1635 5050 Spiritu
1647 4974 1764 5031 anctore

160 5056 317 5154 perierunt,
332 5074 466 5130 subaudis
479 5079 502 5132 si
518 5066 557 5133 ita
571 5083 615 5132 est
630 5083 723 5135 utros
737 5078 852 5148 putatis
868 5078 960 5131 Dene-
1000 5070 1068 5143 gnei
1080 5073 1139 5126 sine
1151 5064 1365 5131 lineimmensus
1381 5075 1409 5122 et
1419 5069 1612 5141 omnipotens:
1624 5049 1770 5144 usquurd?

162 5148 255 5230 gando
270 5149 337 5214 talia
353 5162 428 5221 dicit,
446 5164 564 5234 loquens
584 5167 729 5221 dialectice
1000 5158 1112 5216 trinitas
1127 5168 1169 5214 est
1184 5158 1212 5213 in
1227 5160 1363 5231 personis.
1379 5163 1407 5212 et
1417 5156 1510 5212 unitus
1525 5158 1553 5212 in
1568 5142 1778 5237 substantiadiilj

197 5249 332 5327 St't‘nltao
346 5253 522 5306 adulantum
538 5259 569 5309 in
585 5257 691 5310 Clutrtu
706 5261 843 5326 sperantes
852 5271 958 5319 sumus,
1001 5251 1097 5304 nitatis
1112 5248 1159 5302 Vel
1173 5248 1247 5304 certe
1263 5240 1355 5303 tradet
1368 5246 1452 5301 Filius
1466 5246 1586 5317 regnunt
1603 5246 1657 5300 Deo
1667 5231 1790 5332 etl't'ttr't¹

163 5324 298 5400 subaudis
309 5343 338 5393 et
353 5355 407 5417 non
423 5326 518 5395 inulla
535 5345 662 5410 quaeerit
688 5351 750 5415 post
776 5343 959 5398 resurrectio-
1000 5357 1097 5394 omnes
1108 5336 1354 5398 virtulicetelec'tos.
1368 5336 1432 5408 quia
1449 5337 1508 5406 ipse
1520 5334 1657 5389 uidebitur
1667 5326 1790 5412 iniortff

162 5414 958 5510 putu.triturabitiotes,siremiseriores,sturnusomnibus
1000 5418 1120 5483 horninis
1141 5430 1168 5481 in
1190 5428 1306 5498 judicio.
1333 5425 1531 5494 tlatttnittisque
1554 5426 1632 5495 justu
1657 5410 1790 5476 sentent>⁸¹

162 5505 331 5584 hominibus,
345 5515 523 5573 infidelibus:
545 5519 611 5588 quia
624 5520 665 5574 illi
678 5512 731 5576 hac
745 5522 801 5577 rita
814 5522 957 5590 trauntur,
998 5518 1135 5591 reprobis,
1152 5516 1248 5572 omnes
1258 5532 1353 5570 seeum
1368 5515 1471 5570 electos
1484 5512 1604 5586 paterno
1618 5504 1700 5568 vultui
1711 5500 1790 5562 ei&
