<?xml version="1.0" encoding="UTF-8"?>
<!DOCTYPE html PUBLIC "-//W3C//DTD XHTML 1.0 Transitional//EN"
    "http://www.w3.org/TR/xhtml1/DTD/xhtml1-transitional.dtd">
<html xmlns="http://www.w3.org/1999/xhtml" xml:lang="en" lang="en">
 <head>
  <title>
</title>
<meta http-equiv="Content-Type" content="text/html;charset=utf-8" />
  <meta name='ocr-system' content='tesseract 3.04.00' />
  <meta name='ocr-capabilities' content='ocr_page ocr_carea ocr_par ocr_line ocrx_word'/>
</head>
<body>
  <div class='ocr_page' id='page_1' title='image "./patrologiaecurs31unkngoog_0022.png"; bbox 0 0 3818 6104; ppageno 0'>
   <div class='ocr_carea' id='block_1_1' title="bbox 107 264 1745 333">
    <p class='ocr_par' dir='ltr' id='par_1_1' title="bbox 107 264 1745 333">
     <span class='ocr_line' id='line_1_1' title="bbox 107 264 1745 333; baseline -0.001 0"><span class='ocrx_word' id='word_1_1' title='bbox 107 272 142 333; x_wconf 79' lang='lat'><strong>33</strong></span> <span class='ocrx_word' id='word_1_2' title='bbox 497 268 504 275; x_wconf 85' lang='grc'><strong>’</strong></span> <span class='ocrx_word' id='word_1_3' title='bbox 618 264 827 325; x_wconf 68' lang='lat' dir='ltr'><strong>huscharle</strong></span> <span class='ocrx_word' id='word_1_4' title='bbox 846 266 886 323; x_wconf 90' lang='lat' dir='ltr'><strong>IN</strong></span> <span class='ocrx_word' id='word_1_5' title='bbox 905 266 996 325; x_wconf 80' lang='lat' dir='ltr'><strong>OSEE</strong></span> <span class='ocrx_word' id='word_1_6' title='bbox 1014 270 1244 329; x_wconf 76' lang='lat' dir='ltr'><strong>Paopnurtlt.</strong></span> <span class='ocrx_word' id='word_1_7' title='bbox 1709 272 1745 331; x_wconf 78' lang='lat' dir='ltr'><strong>st</strong></span> 
     </span>
    </p>
   </div>
   <div class='ocr_carea' id='block_1_2' title="bbox 103 391 1746 2249">
    <p class='ocr_par' dir='ltr' id='par_1_2' title="bbox 103 391 1746 1003">
     <span class='ocr_line' id='line_1_2' title="bbox 106 391 1745 469; baseline 0.003 -17"><span class='ocrx_word' id='word_1_8' title='bbox 106 414 143 453; x_wconf 86' lang='lat' dir='ltr'><strong>ne</strong></span> <span class='ocrx_word' id='word_1_9' title='bbox 157 394 318 452; x_wconf 85' lang='lat' dir='ltr'><strong>sacerdotio</strong></span> <span class='ocrx_word' id='word_1_10' title='bbox 343 392 469 467; x_wconf 84' lang='lat' dir='ltr'><strong>fungeris</strong></span> <span class='ocrx_word' id='word_1_11' title='bbox 492 392 572 449; x_wconf 89' lang='lat' dir='ltr'><strong>mihi.</strong></span> <span class='ocrx_word' id='word_1_12' title='bbox 596 392 741 463; x_wconf 75' lang='lat' dir='ltr'><strong>»Repulit</strong></span> <span class='ocrx_word' id='word_1_13' title='bbox 755 393 816 465; x_wconf 77' lang='lat' dir='ltr'><strong>ipsa</strong></span> <span class='ocrx_word' id='word_1_14' title='bbox 830 391 1017 464; x_wconf 76' lang='lat' dir='ltr'><strong>plcbsrtbant</strong></span> <span class='ocrx_word' id='word_1_15' title='bbox 1034 396 1121 451; x_wconf 90' lang='lat' dir='ltr'><strong>erecti</strong></span> <span class='ocrx_word' id='word_1_16' title='bbox 1144 396 1173 452; x_wconf 89' lang='lat' dir='ltr'><strong>in</strong></span> <span class='ocrx_word' id='word_1_17' title='bbox 1193 397 1365 469; x_wconf 70' lang='lat' dir='ltr'><strong>superbiam,</strong></span> <span class='ocrx_word' id='word_1_18' title='bbox 1385 398 1429 453; x_wconf 84' lang='lat' dir='ltr'><strong>vel</strong></span> <span class='ocrx_word' id='word_1_19' title='bbox 1449 397 1536 453; x_wconf 91' lang='lat' dir='ltr'><strong>etiam</strong></span> <span class='ocrx_word' id='word_1_20' title='bbox 1554 398 1627 455; x_wconf 83' lang='lat' dir='ltr'><strong>falsa</strong></span> <span class='ocrx_word' id='word_1_21' title='bbox 1647 401 1745 457; x_wconf 83' lang='lat' dir='ltr'><strong>adula-</strong></span> 
     </span>
     <span class='ocr_line' id='line_1_3' title="bbox 107 481 1745 561; baseline 0.002 -19"><span class='ocrx_word' id='word_1_22' title='bbox 107 484 266 547; x_wconf 89' lang='lat' dir='ltr'><strong>scientiam,</strong></span> <span class='ocrx_word' id='word_1_23' title='bbox 280 486 333 539; x_wconf 93' lang='lat' dir='ltr'><strong>hoc</strong></span> <span class='ocrx_word' id='word_1_24' title='bbox 348 484 501 548; x_wconf 87' lang='lat' dir='ltr'><strong>estDeum,</strong></span> <span class='ocrx_word' id='word_1_25' title='bbox 510 483 623 555; x_wconf 90' lang='lat' dir='ltr'><strong>quando</strong></span> <span class='ocrx_word' id='word_1_26' title='bbox 633 481 799 537; x_wconf 88' lang='lat' dir='ltr'><strong>stultissima</strong></span> <span class='ocrx_word' id='word_1_27' title='bbox 812 488 907 537; x_wconf 88' lang='lat' dir='ltr'><strong>mente</strong></span> <span class='ocrx_word' id='word_1_28' title='bbox 947 482 1024 537; x_wconf 91' lang='lat' dir='ltr'><strong>tione</strong></span> <span class='ocrx_word' id='word_1_29' title='bbox 1038 491 1187 554; x_wconf 76' lang='lat' dir='ltr'>peccantes</span> <span class='ocrx_word' id='word_1_30' title='bbox 1196 484 1382 561; x_wconf 67' lang='lat' dir='ltr'><strong>decipiebant,</strong></span> <span class='ocrx_word' id='word_1_31' title='bbox 1394 487 1519 542; x_wconf 82' lang='lat' dir='ltr'><strong>dicentes</strong></span> <span class='ocrx_word' id='word_1_32' title='bbox 1530 505 1536 541; x_wconf 76' lang='grc' dir='ltr'><strong>ι</strong></span> <span class='ocrx_word' id='word_1_33' title='bbox 1546 487 1668 543; x_wconf 90' lang='lat' dir='ltr'><strong>Dimissa</strong></span> <span class='ocrx_word' id='word_1_34' title='bbox 1677 497 1745 547; x_wconf 88' lang='lat' dir='ltr'><strong>sunt</strong></span> 
     </span>
     <span class='ocr_line' id='line_1_4' title="bbox 106 571 1746 647; baseline 0.003 -17"><span class='ocrx_word' id='word_1_35' title='bbox 106 589 323 647; x_wconf 91' lang='lat' dir='ltr'><strong>opusmanuum</strong></span> <span class='ocrx_word' id='word_1_36' title='bbox 337 588 453 628; x_wconf 88' lang='lat' dir='ltr'><strong>suerum</strong></span> <span class='ocrx_word' id='word_1_37' title='bbox 468 571 552 643; x_wconf 81' lang='lat' dir='ltr'><strong>coepit</strong></span> <span class='ocrx_word' id='word_1_38' title='bbox 565 571 906 643; x_wconf 86' lang='lat' dir='ltr'><strong>adora1·e,Factoremque</strong></span> <span class='ocrx_word' id='word_1_39' title='bbox 948 572 1025 627; x_wconf 85' lang='lat' dir='ltr'><strong>vobis</strong></span> <span class='ocrx_word' id='word_1_40' title='bbox 1039 579 1153 645; x_wconf 85' lang='lat' dir='ltr'><strong>pecata</strong></span> <span class='ocrx_word' id='word_1_41' title='bbox 1166 581 1270 630; x_wconf 77' lang='lat' dir='ltr'><strong>restra.</strong></span> <span class='ocrx_word' id='word_1_42' title='bbox 1287 575 1388 647; x_wconf 89' lang='lat' dir='ltr'><strong>Sicque</strong></span> <span class='ocrx_word' id='word_1_43' title='bbox 1401 575 1512 631; x_wconf 88' lang='lat' dir='ltr'><strong>animes</strong></span> <span class='ocrx_word' id='word_1_44' title='bbox 1525 576 1639 632; x_wconf 90' lang='lat' dir='ltr'><strong>illorum</strong></span> <span class='ocrx_word' id='word_1_45' title='bbox 1653 579 1746 635; x_wconf 84' lang='lat' dir='ltr'><strong>suble·</strong></span> 
     </span>
     <span class='ocr_line' id='line_1_5' title="bbox 105 659 1746 737; baseline 0.004 -18"><span class='ocrx_word' id='word_1_46' title='bbox 105 665 169 719; x_wconf 81' lang='lat' dir='ltr'><strong>coeli</strong></span> <span class='ocrx_word' id='word_1_47' title='bbox 184 669 213 718; x_wconf 90' lang='lat' dir='ltr'><strong>et</strong></span> <span class='ocrx_word' id='word_1_48' title='bbox 226 670 311 718; x_wconf 84' lang='lat' dir='ltr'><strong>terrae</strong></span> <span class='ocrx_word' id='word_1_49' title='bbox 325 662 466 723; x_wconf 82' lang='lat' dir='ltr'><strong>deserens,</strong></span> <span class='ocrx_word' id='word_1_50' title='bbox 483 659 585 717; x_wconf 89' lang='lat' dir='ltr'><strong>vitulos</strong></span> <span class='ocrx_word' id='word_1_51' title='bbox 603 676 704 715; x_wconf 88' lang='lat' dir='ltr'><strong>aureos</strong></span> <span class='ocrx_word' id='word_1_52' title='bbox 717 665 850 715; x_wconf 87' lang='lat' dir='ltr'><strong>venerata</strong></span> <span class='ocrx_word' id='word_1_53' title='bbox 863 665 907 716; x_wconf 89' lang='lat' dir='ltr'><strong>est</strong></span> <span class='ocrx_word' id='word_1_54' title='bbox 948 661 1058 727; x_wconf 82' lang='lat' dir='ltr'><strong>rabant,</strong></span> <span class='ocrx_word' id='word_1_55' title='bbox 1076 664 1209 734; x_wconf 88' lang='lat' dir='ltr'><strong>queniam</strong></span> <span class='ocrx_word' id='word_1_56' title='bbox 1223 681 1321 720; x_wconf 89' lang='lat' dir='ltr'><strong>eorum</strong></span> <span class='ocrx_word' id='word_1_57' title='bbox 1336 664 1426 720; x_wconf 87' lang='lat' dir='ltr'><strong>verbis</strong></span> <span class='ocrx_word' id='word_1_58' title='bbox 1441 665 1503 736; x_wconf 90' lang='lat' dir='ltr'><strong>plus</strong></span> <span class='ocrx_word' id='word_1_59' title='bbox 1517 682 1602 737; x_wconf 90' lang='lat' dir='ltr'><strong>quam</strong></span> <span class='ocrx_word' id='word_1_60' title='bbox 1612 683 1672 722; x_wconf 84' lang='lat' dir='ltr'><strong>suae</strong></span> <span class='ocrx_word' id='word_1_61' title='bbox 1681 684 1746 726; x_wconf 88' lang='lat' dir='ltr'><strong>ceu·</strong></span> 
     </span>
     <span class='ocr_line' id='line_1_6' title="bbox 103 749 1745 827; baseline 0.004 -19"><span class='ocrx_word' id='word_1_62' title='bbox 103 752 135 808; x_wconf 88' lang='lat' dir='ltr'><strong>in</strong></span> <span class='ocrx_word' id='word_1_63' title='bbox 151 754 213 808; x_wconf 88' lang='lat' dir='ltr'><strong>Dan</strong></span> <span class='ocrx_word' id='word_1_64' title='bbox 227 758 257 807; x_wconf 89' lang='lat' dir='ltr'><strong>et</strong></span> <span class='ocrx_word' id='word_1_65' title='bbox 269 752 299 807; x_wconf 89' lang='lat' dir='ltr'><strong>iu</strong></span> <span class='ocrx_word' id='word_1_66' title='bbox 311 751 419 816; x_wconf 85' lang='lat' dir='ltr'><strong>Dathel,</strong></span> <span class='ocrx_word' id='word_1_67' title='bbox 438 750 557 821; x_wconf 84' lang='lat' dir='ltr'><strong>ideoque</strong></span> <span class='ocrx_word' id='word_1_68' title='bbox 570 749 683 821; x_wconf 87' lang='lat' dir='ltr'><strong>repulsa</strong></span> <span class='ocrx_word' id='word_1_69' title='bbox 693 755 746 817; x_wconf 90' lang='lat' dir='ltr'><strong>est,</strong></span> <span class='ocrx_word' id='word_1_70' title='bbox 761 766 797 804; x_wconf 90' lang='lat' dir='ltr'><strong>ne</strong></span> <span class='ocrx_word' id='word_1_71' title='bbox 812 754 907 804; x_wconf 80' lang='lat' dir='ltr'>essent</span> <span class='ocrx_word' id='word_1_72' title='bbox 947 750 1070 807; x_wconf 78' lang='lat' dir='ltr'><strong>scientie</strong></span> <span class='ocrx_word' id='word_1_73' title='bbox 1085 752 1310 818; x_wconf 87' lang='lat' dir='ltr'><strong>credentes,cum</strong></span> <span class='ocrx_word' id='word_1_74' title='bbox 1325 760 1485 825; x_wconf 79' lang='lat' dir='ltr'><strong>peccatores</strong></span> <span class='ocrx_word' id='word_1_75' title='bbox 1499 761 1602 821; x_wconf 88' lang='lat' dir='ltr'><strong>essent,</strong></span> <span class='ocrx_word' id='word_1_76' title='bbox 1611 757 1704 827; x_wconf 82' lang='lat' dir='ltr'><strong>justos</strong></span> <span class='ocrx_word' id='word_1_77' title='bbox 1713 774 1745 815; x_wconf 86' lang='lat' dir='ltr'><strong>se</strong></span> 
     </span>
     <span class='ocr_line' id='line_1_7' title="bbox 105 837 1742 919; baseline 0.005 -23"><span class='ocrx_word' id='word_1_78' title='bbox 105 859 139 896; x_wconf 83' lang='lat' dir='ltr'><strong>cx</strong></span> <span class='ocrx_word' id='word_1_79' title='bbox 153 858 189 895; x_wconf 90' lang='lat' dir='ltr'><strong>ea</strong></span> <span class='ocrx_word' id='word_1_80' title='bbox 202 841 363 896; x_wconf 86' lang='lat' dir='ltr'><strong>sacerdotes</strong></span> <span class='ocrx_word' id='word_1_81' title='bbox 378 840 406 894; x_wconf 89' lang='lat' dir='ltr'><strong>in</strong></span> <span class='ocrx_word' id='word_1_82' title='bbox 419 839 502 893; x_wconf 86' lang='lat' dir='ltr'><strong>domo</strong></span> <span class='ocrx_word' id='word_1_83' title='bbox 516 837 696 905; x_wconf 88' lang='lat' dir='ltr'><strong>Doruini,sad</strong></span> <span class='ocrx_word' id='word_1_84' title='bbox 708 838 801 909; x_wconf 89' lang='lat' dir='ltr'><strong>potius</strong></span> <span class='ocrx_word' id='word_1_85' title='bbox 815 838 844 893; x_wconf 91' lang='lat' dir='ltr'><strong>in</strong></span> <span class='ocrx_word' id='word_1_86' title='bbox 858 838 906 894; x_wconf 91' lang='lat' dir='ltr'><strong>de·</strong></span> <span class='ocrx_word' id='word_1_87' title='bbox 947 856 1008 894; x_wconf 88' lang='lat' dir='ltr'><strong>esse</strong></span> <span class='ocrx_word' id='word_1_88' title='bbox 1023 839 1210 895; x_wconf 68' lang='lat' dir='ltr'><strong>estimabant.</strong></span> <span class='ocrx_word' id='word_1_89' title='bbox 1226 842 1306 897; x_wconf 88' lang='lat' dir='ltr'><strong>Unde</strong></span> <span class='ocrx_word' id='word_1_90' title='bbox 1321 848 1365 897; x_wconf 88' lang='lat' dir='ltr'><strong>est</strong></span> <span class='ocrx_word' id='word_1_91' title='bbox 1380 862 1386 897; x_wconf 76' lang='grc' dir='ltr'>ε</span> <span class='ocrx_word' id='word_1_92' title='bbox 1401 863 1413 895; x_wconf 82' lang='lat' dir='ltr'><strong>r</strong></span> <span class='ocrx_word' id='word_1_93' title='bbox 1435 844 1540 915; x_wconf 90' lang='lat' dir='ltr'><strong>Popule</strong></span> <span class='ocrx_word' id='word_1_94' title='bbox 1553 861 1643 915; x_wconf 87' lang='lat' dir='ltr'><strong>meus,</strong></span> <span class='ocrx_word' id='word_1_95' title='bbox 1655 846 1742 919; x_wconf 86' lang='lat' dir='ltr'><strong>quite</strong></span> 
     </span>
     <span class='ocr_line' id='line_1_8' title="bbox 105 926 1492 1003; baseline 0.002 -19"><span class='ocrx_word' id='word_1_96' title='bbox 105 930 195 985; x_wconf 90' lang='lat' dir='ltr'><strong>lubris</strong></span> <span class='ocrx_word' id='word_1_97' title='bbox 205 930 357 986; x_wconf 86' lang='lat' dir='ltr'><strong>idolorum.</strong></span> <span class='ocrx_word' id='word_1_98' title='bbox 375 948 387 981; x_wconf 79' lang='lat' dir='ltr'><strong>r</strong></span> <span class='ocrx_word' id='word_1_99' title='bbox 405 926 441 983; x_wconf 88' lang='lat' dir='ltr'><strong>Et</strong></span> <span class='ocrx_word' id='word_1_100' title='bbox 458 927 545 982; x_wconf 84' lang='lat' dir='ltr'><strong>oblita</strong></span> <span class='ocrx_word' id='word_1_101' title='bbox 560 943 590 981; x_wconf 91' lang='lat' dir='ltr'><strong>es</strong></span> <span class='ocrx_word' id='word_1_102' title='bbox 602 926 673 998; x_wconf 84' lang='lat' dir='ltr'><strong>legis</strong></span> <span class='ocrx_word' id='word_1_103' title='bbox 685 927 735 983; x_wconf 91' lang='lat' dir='ltr'><strong>Dei</strong></span> <span class='ocrx_word' id='word_1_104' title='bbox 749 928 802 994; x_wconf 92' lang='lat' dir='ltr'><strong>tui,</strong></span> <span class='ocrx_word' id='word_1_105' title='bbox 820 944 904 1000; x_wconf 83' lang='lat' dir='ltr'><strong>»que</strong></span> <span class='ocrx_word' id='word_1_106' title='bbox 946 926 1059 983; x_wconf 87' lang='lat' dir='ltr'><strong>beatum</strong></span> <span class='ocrx_word' id='word_1_107' title='bbox 1074 929 1182 995; x_wconf 91' lang='lat' dir='ltr'><strong>dicunt,</strong></span> <span class='ocrx_word' id='word_1_108' title='bbox 1198 928 1252 1001; x_wconf 89' lang='lat' dir='ltr'><strong>ipsi</strong></span> <span class='ocrx_word' id='word_1_109' title='bbox 1265 940 1294 985; x_wconf 90' lang='lat' dir='ltr'><strong>te</strong></span> <span class='ocrx_word' id='word_1_110' title='bbox 1308 931 1463 1003; x_wconf 88' lang='lat' dir='ltr'><strong>decipiunt.</strong></span> <span class='ocrx_word' id='word_1_111' title='bbox 1480 954 1492 986; x_wconf 91' lang='lat'><strong>»</strong></span> 
     </span>
    </p>

    <p class='ocr_par' dir='ltr' id='par_1_3' title="bbox 104 1015 1746 2249">
     <span class='ocr_line' id='line_1_9' title="bbox 104 1015 1743 1094; baseline 0.005 -19"><span class='ocrx_word' id='word_1_112' title='bbox 104 1019 430 1093; x_wconf 86' lang='lat' dir='ltr'><strong>prehibetdeoseiienes</strong></span> <span class='ocrx_word' id='word_1_113' title='bbox 443 1017 572 1082; x_wconf 76' lang='lat' dir='ltr'><strong>adoram,</strong></span> <span class='ocrx_word' id='word_1_114' title='bbox 585 1035 599 1069; x_wconf 85' lang='lat' dir='ltr'><strong>r</strong></span> <span class='ocrx_word' id='word_1_115' title='bbox 613 1015 768 1073; x_wconf 87' lang='lat' dir='ltr'><strong>Obliviscar</strong></span> <span class='ocrx_word' id='word_1_116' title='bbox 781 1018 905 1073; x_wconf 88' lang='lat' dir='ltr'><strong>filiorum</strong></span> <span class='ocrx_word' id='word_1_117' title='bbox 984 1035 999 1069; x_wconf 83' lang='grc' dir='ltr'>ι</span> <span class='ocrx_word' id='word_1_118' title='bbox 1018 1017 1053 1072; x_wconf 86' lang='lat' dir='ltr'><strong>Et</strong></span> <span class='ocrx_word' id='word_1_119' title='bbox 1074 1018 1128 1072; x_wconf 86' lang='lat' dir='ltr'><strong>crit</strong></span> <span class='ocrx_word' id='word_1_120' title='bbox 1145 1017 1217 1073; x_wconf 91' lang='lat' dir='ltr'><strong>sicut</strong></span> <span class='ocrx_word' id='word_1_121' title='bbox 1235 1020 1365 1091; x_wconf 90' lang='lat' dir='ltr'><strong>populus,</strong></span> <span class='ocrx_word' id='word_1_122' title='bbox 1385 1021 1425 1075; x_wconf 92' lang='lat' dir='ltr'><strong>sic</strong></span> <span class='ocrx_word' id='word_1_123' title='bbox 1446 1024 1586 1080; x_wconf 87' lang='lat' dir='ltr'><strong>sacerdos.</strong></span> <span class='ocrx_word' id='word_1_124' title='bbox 1610 1044 1621 1077; x_wconf 71' lang='grc' dir='ltr'><strong><em>ι</em></strong></span> <span class='ocrx_word' id='word_1_125' title='bbox 1642 1027 1743 1094; x_wconf 79' lang='lat' dir='ltr'><strong>Idaei,</strong></span> 
     </span>
     <span class='ocr_line' id='line_1_10' title="bbox 104 1104 1743 1183; baseline 0.006 -25"><span class='ocrx_word' id='word_1_126' title='bbox 104 1117 221 1167; x_wconf 70' lang='lat' dir='ltr'><strong>tuorum</strong></span> <span class='ocrx_word' id='word_1_127' title='bbox 232 1117 261 1167; x_wconf 75' lang='lat' dir='ltr'><strong>et</strong></span> <span class='ocrx_word' id='word_1_128' title='bbox 270 1126 332 1183; x_wconf 65' lang='lat' dir='ltr'><strong>ego,</strong></span> <span class='ocrx_word' id='word_1_129' title='bbox 344 1128 358 1164; x_wconf 71' lang='lat' dir='ltr'><strong>a</strong></span> <span class='ocrx_word' id='word_1_130' title='bbox 369 1110 484 1165; x_wconf 74' lang='lat' dir='ltr'><strong>tradens</strong></span> <span class='ocrx_word' id='word_1_131' title='bbox 493 1125 542 1164; x_wconf 74' lang='lat' dir='ltr'><strong>eos</strong></span> <span class='ocrx_word' id='word_1_132' title='bbox 551 1114 663 1164; x_wconf 71' lang='lat' dir='ltr'><strong>mternae</strong></span> <span class='ocrx_word' id='word_1_133' title='bbox 676 1109 844 1181; x_wconf 74' lang='lat' dir='ltr'><strong>captivitati,</strong></span> <span class='ocrx_word' id='word_1_134' title='bbox 853 1125 907 1165; x_wconf 75' lang='lat' dir='ltr'><strong>neo</strong></span> <span class='ocrx_word' id='word_1_135' title='bbox 947 1104 1012 1175; x_wconf 91' lang='lat' dir='ltr'><strong>quia</strong></span> <span class='ocrx_word' id='word_1_136' title='bbox 1026 1105 1173 1178; x_wconf 80' lang='lat' dir='ltr'><strong>equaliter</strong></span> <span class='ocrx_word' id='word_1_137' title='bbox 1190 1112 1319 1177; x_wconf 88' lang='lat' dir='ltr'><strong>peccant,</strong></span> <span class='ocrx_word' id='word_1_138' title='bbox 1334 1109 1481 1180; x_wconf 81' lang='lat' dir='ltr'><strong>equaliter</strong></span> <span class='ocrx_word' id='word_1_139' title='bbox 1503 1110 1677 1183; x_wconf 87' lang='lat' dir='ltr'><strong>indignantis</strong></span> <span class='ocrx_word' id='word_1_140' title='bbox 1691 1115 1743 1171; x_wconf 89' lang='lat' dir='ltr'><strong>Dei</strong></span> 
     </span>
     <span class='ocr_line' id='line_1_11' title="bbox 106 1194 1744 1275; baseline 0.002 -21"><span class='ocrx_word' id='word_1_141' title='bbox 106 1200 263 1256; x_wconf 87' lang='lat' dir='ltr'><strong>miserebor</strong></span> <span class='ocrx_word' id='word_1_142' title='bbox 282 1215 391 1266; x_wconf 91' lang='lat' dir='ltr'><strong>eorum,</strong></span> <span class='ocrx_word' id='word_1_143' title='bbox 412 1203 444 1254; x_wconf 93' lang='lat' dir='ltr'><strong>ut</strong></span> <span class='ocrx_word' id='word_1_144' title='bbox 467 1198 534 1253; x_wconf 90' lang='lat' dir='ltr'><strong>olim</strong></span> <span class='ocrx_word' id='word_1_145' title='bbox 558 1198 691 1254; x_wconf 87' lang='lat' dir='ltr'><strong>misertus</strong></span> <span class='ocrx_word' id='word_1_146' title='bbox 713 1215 776 1254; x_wconf 89' lang='lat' dir='ltr'><strong>sum</strong></span> <span class='ocrx_word' id='word_1_147' title='bbox 792 1205 905 1270; x_wconf 90' lang='lat' dir='ltr'><strong>patrum</strong></span> <span class='ocrx_word' id='word_1_148' title='bbox 947 1194 1316 1252; x_wconf 85' lang='lat' dir='ltr'><strong>senteutiamsustinehunt.</strong></span> <span class='ocrx_word' id='word_1_149' title='bbox 1333 1198 1497 1254; x_wconf 75' lang='lat' dir='ltr'><strong>Sacerdotes</strong></span> <span class='ocrx_word' id='word_1_150' title='bbox 1511 1202 1744 1275; x_wconf 81' lang='lat' dir='ltr'><strong>autemisti,qui·</strong></span> 
     </span>
     <span class='ocr_line' id='line_1_12' title="bbox 105 1280 1743 1364; baseline 0.003 -20"><span class='ocrx_word' id='word_1_151' title='bbox 105 1305 205 1345; x_wconf 88' lang='lat' dir='ltr'><strong>eorum</strong></span> <span class='ocrx_word' id='word_1_152' title='bbox 222 1289 253 1344; x_wconf 90' lang='lat' dir='ltr'><strong>in</strong></span> <span class='ocrx_word' id='word_1_153' title='bbox 268 1289 390 1345; x_wconf 87' lang='lat' dir='ltr'><strong>deserto.</strong></span> <span class='ocrx_word' id='word_1_154' title='bbox 412 1287 466 1353; x_wconf 90' lang='lat' dir='ltr'><strong>Qui</strong></span> <span class='ocrx_word' id='word_1_155' title='bbox 485 1287 560 1342; x_wconf 87' lang='lat' dir='ltr'><strong>enim</strong></span> <span class='ocrx_word' id='word_1_156' title='bbox 575 1287 697 1358; x_wconf 87' lang='lat' dir='ltr'><strong>ignorat,</strong></span> <span class='ocrx_word' id='word_1_157' title='bbox 719 1285 905 1358; x_wconf 81' lang='lat' dir='ltr'><strong>ignorabitur.</strong></span> <span class='ocrx_word' id='word_1_158' title='bbox 947 1280 999 1337; x_wconf 83' lang='lat' dir='ltr'><strong>bus</strong></span> <span class='ocrx_word' id='word_1_159' title='bbox 1014 1300 1093 1355; x_wconf 78' lang='lat' dir='ltr'><strong>eque</strong></span> <span class='ocrx_word' id='word_1_160' title='bbox 1107 1291 1139 1340; x_wconf 93' lang='lat' dir='ltr'><strong>ut</strong></span> <span class='ocrx_word' id='word_1_161' title='bbox 1153 1286 1255 1357; x_wconf 91' lang='lat' dir='ltr'><strong>populo</strong></span> <span class='ocrx_word' id='word_1_162' title='bbox 1272 1286 1346 1341; x_wconf 87' lang='lat' dir='ltr'><strong>malo</strong></span> <span class='ocrx_word' id='word_1_163' title='bbox 1359 1291 1494 1343; x_wconf 82' lang='lat' dir='ltr'><strong>eventura</strong></span> <span class='ocrx_word' id='word_1_164' title='bbox 1507 1306 1524 1344; x_wconf 89' lang='lat' dir='ltr'><strong>a</strong></span> <span class='ocrx_word' id='word_1_165' title='bbox 1539 1290 1658 1346; x_wconf 92' lang='lat' dir='ltr'><strong>Domino</strong></span> <span class='ocrx_word' id='word_1_166' title='bbox 1670 1309 1743 1364; x_wconf 79' lang='lat' dir='ltr'><strong>pre-</strong></span> 
     </span>
     <span class='ocr_line' id='line_1_13' title="bbox 106 1371 1744 1451; baseline 0.002 -18"><span class='ocrx_word' id='word_1_167' title='bbox 106 1380 173 1433; x_wconf 76' lang='lat' dir='ltr'><strong>llrec</strong></span> <span class='ocrx_word' id='word_1_168' title='bbox 190 1377 286 1433; x_wconf 87' lang='lat' dir='ltr'><strong>omnia</strong></span> <span class='ocrx_word' id='word_1_169' title='bbox 295 1381 415 1449; x_wconf 75' lang='lat' dir='ltr'><strong>possum</strong></span> <span class='ocrx_word' id='word_1_170' title='bbox 423 1383 454 1432; x_wconf 89' lang='lat' dir='ltr'><strong>et</strong></span> <span class='ocrx_word' id='word_1_171' title='bbox 467 1375 503 1430; x_wconf 85' lang='lat' dir='ltr'><strong>ad</strong></span> <span class='ocrx_word' id='word_1_172' title='bbox 511 1375 657 1431; x_wconf 71' lang='lat' dir='ltr'><strong>haereticos</strong></span> <span class='ocrx_word' id='word_1_173' title='bbox 664 1375 772 1441; x_wconf 87' lang='lat' dir='ltr'><strong>referri,</strong></span> <span class='ocrx_word' id='word_1_174' title='bbox 784 1375 833 1448; x_wconf 91' lang='lat' dir='ltr'><strong>qui</strong></span> <span class='ocrx_word' id='word_1_175' title='bbox 843 1375 907 1431; x_wconf 89' lang='lat' dir='ltr'><strong>reli·</strong></span> <span class='ocrx_word' id='word_1_176' title='bbox 947 1371 1089 1439; x_wconf 91' lang='lat' dir='ltr'><strong>dicuntur,</strong></span> <span class='ocrx_word' id='word_1_177' title='bbox 1102 1390 1159 1429; x_wconf 91' lang='lat' dir='ltr'><strong>non</strong></span> <span class='ocrx_word' id='word_1_178' title='bbox 1173 1380 1253 1429; x_wconf 88' lang='lat' dir='ltr'><strong>erant</strong></span> <span class='ocrx_word' id='word_1_179' title='bbox 1265 1375 1300 1430; x_wconf 88' lang='lat' dir='ltr'><strong>dc</strong></span> <span class='ocrx_word' id='word_1_180' title='bbox 1312 1374 1388 1431; x_wconf 90' lang='lat' dir='ltr'><strong>trihu</strong></span> <span class='ocrx_word' id='word_1_181' title='bbox 1411 1375 1488 1441; x_wconf 85' lang='lat' dir='ltr'><strong>Levi,</strong></span> <span class='ocrx_word' id='word_1_182' title='bbox 1504 1378 1553 1433; x_wconf 87' lang='lat' dir='ltr'><strong>sed</strong></span> <span class='ocrx_word' id='word_1_183' title='bbox 1568 1395 1602 1433; x_wconf 81' lang='lat' dir='ltr'><strong>ex</strong></span> <span class='ocrx_word' id='word_1_184' title='bbox 1616 1397 1744 1451; x_wconf 87' lang='lat' dir='ltr'><strong>quacun-</strong></span> 
     </span>
     <span class='ocr_line' id='line_1_14' title="bbox 105 1462 1745 1539; baseline 0.003 -17"><span class='ocrx_word' id='word_1_185' title='bbox 105 1473 231 1539; x_wconf 88' lang='lat' dir='ltr'><strong>querunt</strong></span> <span class='ocrx_word' id='word_1_186' title='bbox 237 1467 352 1522; x_wconf 88' lang='lat' dir='ltr'><strong>domum</strong></span> <span class='ocrx_word' id='word_1_187' title='bbox 361 1465 449 1521; x_wconf 83' lang='lat' dir='ltr'><strong>David</strong></span> <span class='ocrx_word' id='word_1_188' title='bbox 461 1470 491 1520; x_wconf 88' lang='lat' dir='ltr'><strong>et</strong></span> <span class='ocrx_word' id='word_1_189' title='bbox 499 1465 665 1529; x_wconf 77' lang='lat' dir='ltr'><strong>Jerusalem,</strong></span> <span class='ocrx_word' id='word_1_190' title='bbox 673 1463 753 1519; x_wconf 90' lang='lat' dir='ltr'><strong>idest</strong></span> <span class='ocrx_word' id='word_1_191' title='bbox 762 1464 906 1520; x_wconf 83' lang='lat' dir='ltr'><strong>christum</strong></span> <span class='ocrx_word' id='word_1_192' title='bbox 948 1478 1001 1532; x_wconf 89' lang='lat' dir='ltr'><strong>que</strong></span> <span class='ocrx_word' id='word_1_193' title='bbox 1009 1462 1085 1517; x_wconf 92' lang='lat' dir='ltr'><strong>tribu</strong></span> <span class='ocrx_word' id='word_1_194' title='bbox 1091 1463 1235 1519; x_wconf 85' lang='lat' dir='ltr'><strong>venientes</strong></span> <span class='ocrx_word' id='word_1_195' title='bbox 1244 1464 1399 1536; x_wconf 88' lang='lat' dir='ltr'><strong>implebant</strong></span> <span class='ocrx_word' id='word_1_196' title='bbox 1410 1483 1524 1523; x_wconf 89' lang='lat' dir='ltr'><strong>manum</strong></span> <span class='ocrx_word' id='word_1_197' title='bbox 1533 1484 1614 1523; x_wconf 88' lang='lat' dir='ltr'><strong>suam</strong></span> <span class='ocrx_word' id='word_1_198' title='bbox 1623 1485 1694 1526; x_wconf 90' lang='lat' dir='ltr'><strong>auro</strong></span> <span class='ocrx_word' id='word_1_199' title='bbox 1700 1470 1745 1527; x_wconf 78' lang='lat' dir='ltr'><strong>vel</strong></span> 
     </span>
     <span class='ocr_line' id='line_1_15' title="bbox 105 1551 1746 1626; baseline 0.002 -15"><span class='ocrx_word' id='word_1_200' title='bbox 105 1564 135 1611; x_wconf 86' lang='lat' dir='ltr'><strong>ct</strong></span> <span class='ocrx_word' id='word_1_201' title='bbox 146 1555 313 1611; x_wconf 77' lang='lat' dir='ltr'><strong>Ecclesiam.</strong></span> <span class='ocrx_word' id='word_1_202' title='bbox 325 1555 360 1610; x_wconf 83' lang='lat' dir='ltr'><strong>Et</strong></span> <span class='ocrx_word' id='word_1_203' title='bbox 373 1553 437 1609; x_wconf 87' lang='lat' dir='ltr'><strong>ideo</strong></span> <span class='ocrx_word' id='word_1_204' title='bbox 452 1559 559 1609; x_wconf 84' lang='lat' dir='ltr'><strong>aetorna</strong></span> <span class='ocrx_word' id='word_1_205' title='bbox 572 1559 655 1608; x_wconf 86' lang='lat' dir='ltr'><strong>nocte</strong></span> <span class='ocrx_word' id='word_1_206' title='bbox 669 1551 804 1623; x_wconf 81' lang='lat' dir='ltr'><strong>cooperti,</strong></span> <span class='ocrx_word' id='word_1_207' title='bbox 819 1552 906 1608; x_wconf 89' lang='lat' dir='ltr'><strong>conti·</strong></span> <span class='ocrx_word' id='word_1_208' title='bbox 946 1557 1073 1622; x_wconf 85' lang='lat' dir='ltr'><strong>argento,</strong></span> <span class='ocrx_word' id='word_1_209' title='bbox 1084 1552 1182 1608; x_wconf 78' lang='lat' dir='ltr'><strong>dantes</strong></span> <span class='ocrx_word' id='word_1_210' title='bbox 1193 1569 1312 1608; x_wconf 87' lang='lat' dir='ltr'><strong>munera</strong></span> <span class='ocrx_word' id='word_1_211' title='bbox 1320 1555 1433 1626; x_wconf 88' lang='lat' dir='ltr'><strong>regibus</strong></span> <span class='ocrx_word' id='word_1_212' title='bbox 1441 1557 1537 1612; x_wconf 90' lang='lat' dir='ltr'><strong>decem</strong></span> <span class='ocrx_word' id='word_1_213' title='bbox 1548 1558 1684 1626; x_wconf 88' lang='lat' dir='ltr'><strong>tribuum,</strong></span> <span class='ocrx_word' id='word_1_214' title='bbox 1696 1560 1746 1616; x_wconf 82' lang='lat' dir='ltr'><strong>lle·</strong></span> 
     </span>
     <span class='ocr_line' id='line_1_16' title="bbox 104 1638 1744 1715; baseline 0.003 -15"><span class='ocrx_word' id='word_1_215' title='bbox 104 1650 223 1700; x_wconf 89' lang='lat' dir='ltr'><strong>cescunt</strong></span> <span class='ocrx_word' id='word_1_216' title='bbox 236 1661 254 1700; x_wconf 90' lang='lat' dir='ltr'><strong>a</strong></span> <span class='ocrx_word' id='word_1_217' title='bbox 269 1643 318 1699; x_wconf 87' lang='lat' dir='ltr'><strong>Dei</strong></span> <span class='ocrx_word' id='word_1_218' title='bbox 331 1642 558 1710; x_wconf 83' lang='lat' dir='ltr'><strong>laudibus,sicut</strong></span> <span class='ocrx_word' id='word_1_219' title='bbox 567 1641 702 1712; x_wconf 83' lang='lat' dir='ltr'><strong>scriptum</strong></span> <span class='ocrx_word' id='word_1_220' title='bbox 713 1646 757 1697; x_wconf 88' lang='lat' dir='ltr'><strong>est</strong></span> <span class='ocrx_word' id='word_1_221' title='bbox 768 1659 774 1695; x_wconf 92' lang='lat'><strong>:</strong></span> <span class='ocrx_word' id='word_1_222' title='bbox 787 1664 797 1690; x_wconf 78' lang='grc' dir='ltr'>ι</span> <span class='ocrx_word' id='word_1_223' title='bbox 811 1640 845 1696; x_wconf 93' lang='lat' dir='ltr'><strong>In</strong></span> <span class='ocrx_word' id='word_1_224' title='bbox 860 1642 905 1696; x_wconf 89' lang='lat' dir='ltr'><strong>in·</strong></span> <span class='ocrx_word' id='word_1_225' title='bbox 945 1638 1014 1695; x_wconf 86' lang='lat' dir='ltr'><strong>bant</strong></span> <span class='ocrx_word' id='word_1_226' title='bbox 1027 1642 1187 1696; x_wconf 86' lang='lat' dir='ltr'><strong>secerdotes</strong></span> <span class='ocrx_word' id='word_1_227' title='bbox 1199 1642 1229 1697; x_wconf 90' lang='lat' dir='ltr'><strong>in</strong></span> <span class='ocrx_word' id='word_1_228' title='bbox 1247 1644 1361 1715; x_wconf 88' lang='lat' dir='ltr'><strong>templis</strong></span> <span class='ocrx_word' id='word_1_229' title='bbox 1377 1644 1527 1702; x_wconf 88' lang='lat' dir='ltr'><strong>idolorum.</strong></span> <span class='ocrx_word' id='word_1_230' title='bbox 1547 1647 1601 1703; x_wconf 89' lang='lat' dir='ltr'><strong>Sed</strong></span> <span class='ocrx_word' id='word_1_231' title='bbox 1613 1654 1744 1705; x_wconf 84' lang='lat' dir='ltr'><strong>etsacer-</strong></span> 
     </span>
     <span class='ocr_line' id='line_1_17' title="bbox 104 1710 1743 1804; baseline 0.002 -16"><span class='ocrx_word' id='word_1_232' title='bbox 104 1734 185 1788; x_wconf 84' lang='lat' dir='ltr'><strong>ferne</strong></span> <span class='ocrx_word' id='word_1_233' title='bbox 200 1740 296 1788; x_wconf 88' lang='lat' dir='ltr'><strong>autem</strong></span> <span class='ocrx_word' id='word_1_234' title='bbox 317 1731 381 1803; x_wconf 87' lang='lat' dir='ltr'><strong>quis</strong></span> <span class='ocrx_word' id='word_1_235' title='bbox 397 1729 577 1788; x_wconf 83' lang='lat' dir='ltr'><strong>confitebitur</strong></span> <span class='ocrx_word' id='word_1_236' title='bbox 590 1729 665 1785; x_wconf 82' lang='lat' dir='ltr'><strong>tibi?</strong></span> <span class='ocrx_word' id='word_1_237' title='bbox 682 1753 695 1779; x_wconf 73' lang='grc' dir='ltr'><strong><em>ι</em></strong></span> <span class='ocrx_word' id='word_1_238' title='bbox 707 1730 742 1785; x_wconf 82' lang='lat' dir='ltr'><strong>Et</strong></span> <span class='ocrx_word' id='word_1_239' title='bbox 753 1730 806 1784; x_wconf 90' lang='lat' dir='ltr'><strong>hoc</strong></span> <span class='ocrx_word' id='word_1_240' title='bbox 820 1710 936 1802; x_wconf 90' lang='lat' dir='ltr'><strong>prop·B</strong></span> <span class='ocrx_word' id='word_1_241' title='bbox 946 1727 996 1781; x_wconf 88' lang='lat' dir='ltr'><strong>dos</strong></span> <span class='ocrx_word' id='word_1_242' title='bbox 1011 1734 1040 1783; x_wconf 91' lang='lat' dir='ltr'><strong>et</strong></span> <span class='ocrx_word' id='word_1_243' title='bbox 1053 1729 1185 1801; x_wconf 74' lang='lat' dir='ltr'><strong>praelatus</strong></span> <span class='ocrx_word' id='word_1_244' title='bbox 1203 1730 1330 1802; x_wconf 85' lang='lat' dir='ltr'><strong>quilibet,</strong></span> <span class='ocrx_word' id='word_1_245' title='bbox 1346 1733 1394 1804; x_wconf 89' lang='lat' dir='ltr'><strong>qui</strong></span> <span class='ocrx_word' id='word_1_246' title='bbox 1410 1735 1613 1792; x_wconf 87' lang='lat' dir='ltr'><strong>malaaliorum</strong></span> <span class='ocrx_word' id='word_1_247' title='bbox 1628 1735 1682 1792; x_wconf 89' lang='lat' dir='ltr'><strong>sihi</strong></span> <span class='ocrx_word' id='word_1_248' title='bbox 1695 1754 1743 1793; x_wconf 83' lang='lat' dir='ltr'><strong>aa·</strong></span> 
     </span>
     <span class='ocr_line' id='line_1_18' title="bbox 104 1816 1744 1898; baseline 0.004 -22"><span class='ocrx_word' id='word_1_249' title='bbox 104 1828 193 1888; x_wconf 83' lang='lat' dir='ltr'><strong>terea,</strong></span> <span class='ocrx_word' id='word_1_250' title='bbox 218 1821 285 1893; x_wconf 90' lang='lat' dir='ltr'><strong>quia</strong></span> <span class='ocrx_word' id='word_1_251' title='bbox 308 1836 365 1874; x_wconf 89' lang='lat' dir='ltr'><strong>non</strong></span> <span class='ocrx_word' id='word_1_252' title='bbox 388 1817 548 1874; x_wconf 88' lang='lat' dir='ltr'><strong>hahuerunt</strong></span> <span class='ocrx_word' id='word_1_253' title='bbox 566 1817 713 1873; x_wconf 86' lang='lat' dir='ltr'><strong>scientiam</strong></span> <span class='ocrx_word' id='word_1_254' title='bbox 736 1818 797 1883; x_wconf 92' lang='lat' dir='ltr'><strong>Dei,</strong></span> <span class='ocrx_word' id='word_1_255' title='bbox 812 1819 841 1873; x_wconf 94' lang='lat' dir='ltr'><strong>id</strong></span> <span class='ocrx_word' id='word_1_256' title='bbox 863 1823 906 1875; x_wconf 90' lang='lat' dir='ltr'><strong>est</strong></span> <span class='ocrx_word' id='word_1_257' title='bbox 946 1816 1043 1882; x_wconf 89' lang='lat' dir='ltr'><strong>sumit,</strong></span> <span class='ocrx_word' id='word_1_258' title='bbox 1059 1817 1100 1872; x_wconf 90' lang='lat' dir='ltr'><strong>eis</strong></span> <span class='ocrx_word' id='word_1_259' title='bbox 1113 1819 1254 1874; x_wconf 87' lang='lat' dir='ltr'><strong>adulando</strong></span> <span class='ocrx_word' id='word_1_260' title='bbox 1262 1822 1378 1892; x_wconf 78' lang='lat' dir='ltr'><strong>equalis</strong></span> <span class='ocrx_word' id='word_1_261' title='bbox 1389 1823 1519 1890; x_wconf 81' lang='lat' dir='ltr'><strong>eflicitur,</strong></span> <span class='ocrx_word' id='word_1_262' title='bbox 1531 1824 1650 1896; x_wconf 88' lang='lat' dir='ltr'><strong>ideoque</strong></span> <span class='ocrx_word' id='word_1_263' title='bbox 1664 1842 1744 1898; x_wconf 79' lang='lat' dir='ltr'><strong>ecque</strong></span> 
     </span>
     <span class='ocr_line' id='line_1_19' title="bbox 105 1904 1744 1984; baseline 0.003 -18"><span class='ocrx_word' id='word_1_264' title='bbox 105 1910 261 1976; x_wconf 82' lang='lat' dir='ltr'><strong>Christum,</strong></span> <span class='ocrx_word' id='word_1_265' title='bbox 276 1913 309 1964; x_wconf 92' lang='lat' dir='ltr'><strong>ut</strong></span> <span class='ocrx_word' id='word_1_266' title='bbox 322 1914 428 1963; x_wconf 86' lang='lat' dir='ltr'><strong>rectam</strong></span> <span class='ocrx_word' id='word_1_267' title='bbox 443 1908 528 1962; x_wconf 86' lang='lat' dir='ltr'><strong>fldem</strong></span> <span class='ocrx_word' id='word_1_268' title='bbox 543 1909 605 1979; x_wconf 87' lang='lat' dir='ltr'><strong>ejus</strong></span> <span class='ocrx_word' id='word_1_269' title='bbox 617 1907 773 1963; x_wconf 87' lang='lat' dir='ltr'><strong>crederent.</strong></span> <span class='ocrx_word' id='word_1_270' title='bbox 786 1907 865 1963; x_wconf 88' lang='lat' dir='ltr'><strong>Unde</strong></span> <span class='ocrx_word' id='word_1_271' title='bbox 878 1914 908 1964; x_wconf 92' lang='lat' dir='ltr'><strong>et</strong></span> <span class='ocrx_word' id='word_1_272' title='bbox 947 1920 1011 1959; x_wconf 90' lang='lat' dir='ltr'><strong>cum</strong></span> <span class='ocrx_word' id='word_1_273' title='bbox 1026 1904 1067 1959; x_wconf 87' lang='lat' dir='ltr'><strong>eis</strong></span> <span class='ocrx_word' id='word_1_274' title='bbox 1076 1906 1267 1962; x_wconf 84' lang='lat' dir='ltr'><strong>damnabitur.</strong></span> <span class='ocrx_word' id='word_1_275' title='bbox 1282 1927 1296 1961; x_wconf 81' lang='lat' dir='ltr'><strong>r</strong></span> <span class='ocrx_word' id='word_1_276' title='bbox 1317 1909 1352 1964; x_wconf 86' lang='lat' dir='ltr'><strong>Et</strong></span> <span class='ocrx_word' id='word_1_277' title='bbox 1366 1910 1482 1966; x_wconf 87' lang='lat' dir='ltr'><strong>visitabo</strong></span> <span class='ocrx_word' id='word_1_278' title='bbox 1496 1929 1670 1984; x_wconf 87' lang='lat' dir='ltr'><strong>supereum,</strong></span> <span class='ocrx_word' id='word_1_279' title='bbox 1688 1914 1744 1971; x_wconf 82' lang='lat' dir='ltr'><strong>»id</strong></span> 
     </span>
     <span class='ocr_line' id='line_1_20' title="bbox 105 1996 1744 2079; baseline 0.005 -25"><span class='ocrx_word' id='word_1_280' title='bbox 105 1998 209 2054; x_wconf 84' lang='lat' dir='ltr'><strong>merito</strong></span> <span class='ocrx_word' id='word_1_281' title='bbox 223 2015 240 2052; x_wconf 88' lang='lat' dir='ltr'><strong>a</strong></span> <span class='ocrx_word' id='word_1_282' title='bbox 256 1997 375 2053; x_wconf 90' lang='lat' dir='ltr'><strong>Domino</strong></span> <span class='ocrx_word' id='word_1_283' title='bbox 386 1996 571 2069; x_wconf 88' lang='lat' dir='ltr'><strong>repelluntur,</strong></span> <span class='ocrx_word' id='word_1_284' title='bbox 580 1996 778 2052; x_wconf 84' lang='lat' dir='ltr'><strong>nesarerdotio</strong></span> <span class='ocrx_word' id='word_1_285' title='bbox 789 1996 907 2068; x_wconf 89' lang='lat' dir='ltr'><strong>fungan·</strong></span> <span class='ocrx_word' id='word_1_286' title='bbox 947 2007 991 2055; x_wconf 88' lang='lat' dir='ltr'><strong>est</strong></span> <span class='ocrx_word' id='word_1_287' title='bbox 999 2001 1204 2064; x_wconf 72' lang='lat' dir='ltr'><strong>sacerdotem«</strong></span> <span class='ocrx_word' id='word_1_288' title='bbox 1221 1999 1280 2054; x_wconf 82' lang='lat' dir='ltr'><strong>vias</strong></span> <span class='ocrx_word' id='word_1_289' title='bbox 1291 2000 1353 2070; x_wconf 88' lang='lat' dir='ltr'><strong>ejus</strong></span> <span class='ocrx_word' id='word_1_290' title='bbox 1366 2019 1388 2052; x_wconf 76' lang='lat' dir='ltr'><strong>a.</strong></span> <span class='ocrx_word' id='word_1_291' title='bbox 1400 1999 1502 2056; x_wconf 89' lang='lat' dir='ltr'><strong>Omnia</strong></span> <span class='ocrx_word' id='word_1_292' title='bbox 1514 2002 1644 2060; x_wconf 87' lang='lat' dir='ltr'><strong>videlicet</strong></span> <span class='ocrx_word' id='word_1_293' title='bbox 1656 2022 1744 2079; x_wconf 83' lang='lat' dir='ltr'><strong>opera</strong></span> 
     </span>
     <span class='ocr_line' id='line_1_21' title="bbox 105 2084 1744 2168; baseline 0.002 -26"><span class='ocrx_word' id='word_1_294' title='bbox 105 2096 154 2143; x_wconf 88' lang='lat' dir='ltr'><strong>tur</strong></span> <span class='ocrx_word' id='word_1_295' title='bbox 169 2087 205 2142; x_wconf 87' lang='lat' dir='ltr'><strong>ei·</strong></span> <span class='ocrx_word' id='word_1_296' title='bbox 214 2086 455 2157; x_wconf 87' lang='lat' dir='ltr'><strong>Sacerdotioejus,</strong></span> <span class='ocrx_word' id='word_1_297' title='bbox 468 2084 532 2158; x_wconf 88' lang='lat' dir='ltr'><strong>quia</strong></span> <span class='ocrx_word' id='word_1_298' title='bbox 543 2085 710 2157; x_wconf 88' lang='lat' dir='ltr'><strong>plerumque</strong></span> <span class='ocrx_word' id='word_1_299' title='bbox 725 2086 797 2140; x_wconf 86' lang='lat' dir='ltr'><strong>tales</strong></span> <span class='ocrx_word' id='word_1_300' title='bbox 806 2086 906 2141; x_wconf 88' lang='lat' dir='ltr'><strong>imma·</strong></span> <span class='ocrx_word' id='word_1_301' title='bbox 947 2091 1009 2161; x_wconf 82' lang='lat' dir='ltr'><strong>ejus</strong></span> <span class='ocrx_word' id='word_1_302' title='bbox 1023 2090 1152 2162; x_wconf 89' lang='lat' dir='ltr'><strong>puniam,</strong></span> <span class='ocrx_word' id='word_1_303' title='bbox 1164 2089 1231 2160; x_wconf 91' lang='lat' dir='ltr'><strong>quia</strong></span> <span class='ocrx_word' id='word_1_304' title='bbox 1246 2087 1373 2154; x_wconf 88' lang='lat' dir='ltr'><strong>visitabo,</strong></span> <span class='ocrx_word' id='word_1_305' title='bbox 1386 2089 1489 2160; x_wconf 92' lang='lat' dir='ltr'><strong>hicpro</strong></span> <span class='ocrx_word' id='word_1_306' title='bbox 1499 2091 1651 2149; x_wconf 75' lang='lat' dir='ltr'><strong>afflictione</strong></span> <span class='ocrx_word' id='word_1_307' title='bbox 1662 2097 1744 2168; x_wconf 84' lang='lat' dir='ltr'><strong>poni.</strong></span> 
     </span>
     <span class='ocr_line' id='line_1_22' title="bbox 105 2173 1740 2249; baseline 0.006 -17"><span class='ocrx_word' id='word_1_308' title='bbox 105 2182 170 2232; x_wconf 90' lang='lat' dir='ltr'><strong>tura</strong></span> <span class='ocrx_word' id='word_1_309' title='bbox 185 2182 278 2232; x_wconf 87' lang='lat' dir='ltr'><strong>morte</strong></span> <span class='ocrx_word' id='word_1_310' title='bbox 295 2175 331 2231; x_wconf 89' lang='lat' dir='ltr'><strong>ab</strong></span> <span class='ocrx_word' id='word_1_311' title='bbox 353 2176 404 2230; x_wconf 92' lang='lat' dir='ltr'><strong>hac</strong></span> <span class='ocrx_word' id='word_1_312' title='bbox 417 2177 475 2230; x_wconf 85' lang='lat' dir='ltr'><strong>»ita</strong></span> <span class='ocrx_word' id='word_1_313' title='bbox 494 2173 640 2239; x_wconf 77' lang='lat' dir='ltr'><strong>subtracti,</strong></span> <span class='ocrx_word' id='word_1_314' title='bbox 657 2175 827 2231; x_wconf 74' lang='lat' dir='ltr'><strong>aeternaliter</strong></span> <span class='ocrx_word' id='word_1_315' title='bbox 841 2192 905 2246; x_wconf 85' lang='lat' dir='ltr'><strong>per·</strong></span> <span class='ocrx_word' id='word_1_316' title='bbox 946 2185 994 2234; x_wconf 91' lang='lat' dir='ltr'><strong>tur</strong></span> <span class='ocrx_word' id='word_1_317' title='bbox 1005 2186 1034 2233; x_wconf 93' lang='lat' dir='ltr'><strong>et</strong></span> <span class='ocrx_word' id='word_1_318' title='bbox 1047 2183 1198 2233; x_wconf 85' lang='lat' dir='ltr'><strong>tormento.</strong></span> <span class='ocrx_word' id='word_1_319' title='bbox 1211 2197 1223 2230; x_wconf 84' lang='lat' dir='ltr'><strong>r</strong></span> <span class='ocrx_word' id='word_1_320' title='bbox 1236 2178 1271 2233; x_wconf 88' lang='lat' dir='ltr'><strong>Et</strong></span> <span class='ocrx_word' id='word_1_321' title='bbox 1285 2177 1540 2249; x_wconf 72' lang='lat' dir='ltr'><strong>cogitationesque</strong></span> <span class='ocrx_word' id='word_1_322' title='bbox 1552 2182 1668 2239; x_wconf 79' lang='lat' dir='ltr'><strong>reddam</strong></span> <span class='ocrx_word' id='word_1_323' title='bbox 1679 2185 1740 2241; x_wconf 79' lang='lat' dir='ltr'><strong>ei.»</strong></span> 
     </span>
    </p>
   </div>
   <div class='ocr_carea' id='block_1_3' title="bbox 108 2263 1845 2347">
    <p class='ocr_par' dir='ltr' id='par_1_4' title="bbox 108 2263 1845 2347">
     <span class='ocr_line' id='line_1_23' title="bbox 108 2263 1845 2347; baseline 0.007 -26"><span class='ocrx_word' id='word_1_324' title='bbox 108 2271 187 2334; x_wconf 88' lang='lat' dir='ltr'><strong>eunt,</strong></span> <span class='ocrx_word' id='word_1_325' title='bbox 203 2282 240 2320; x_wconf 90' lang='lat' dir='ltr'><strong>ne</strong></span> <span class='ocrx_word' id='word_1_326' title='bbox 253 2264 297 2319; x_wconf 79' lang='lat' dir='ltr'><strong>rel</strong></span> <span class='ocrx_word' id='word_1_327' title='bbox 309 2263 363 2336; x_wconf 89' lang='lat' dir='ltr'><strong>ipsi</strong></span> <span class='ocrx_word' id='word_1_328' title='bbox 377 2264 493 2335; x_wconf 86' lang='lat' dir='ltr'><strong>indigne</strong></span> <span class='ocrx_word' id='word_1_329' title='bbox 513 2280 615 2336; x_wconf 87' lang='lat' dir='ltr'><strong>corpus</strong></span> <span class='ocrx_word' id='word_1_330' title='bbox 629 2269 658 2319; x_wconf 90' lang='lat' dir='ltr'><strong>et</strong></span> <span class='ocrx_word' id='word_1_331' title='bbox 672 2265 839 2335; x_wconf 87' lang='lat' dir='ltr'><strong>sanguinem</strong></span> <span class='ocrx_word' id='word_1_332' title='bbox 853 2265 905 2320; x_wconf 93' lang='lat' dir='ltr'><strong>Do·</strong></span> <span class='ocrx_word' id='word_1_333' title='bbox 945 2268 1180 2333; x_wconf 86' lang='lat' dir='ltr'><strong>Quiunonsolum</strong></span> <span class='ocrx_word' id='word_1_334' title='bbox 1191 2284 1242 2338; x_wconf 91' lang='lat' dir='ltr'><strong>pro</strong></span> <span class='ocrx_word' id='word_1_335' title='bbox 1253 2266 1334 2322; x_wconf 89' lang='lat' dir='ltr'><strong>malis</strong></span> <span class='ocrx_word' id='word_1_336' title='bbox 1343 2267 1484 2339; x_wconf 91' lang='lat' dir='ltr'><strong>operibus,</strong></span> <span class='ocrx_word' id='word_1_337' title='bbox 1493 2286 1589 2326; x_wconf 86' lang='lat' dir='ltr'><strong>verum</strong></span> <span class='ocrx_word' id='word_1_338' title='bbox 1598 2273 1742 2347; x_wconf 90' lang='lat' dir='ltr'><strong>etiampro</strong></span> <span class='ocrx_word' id='word_1_339' title='bbox 1842 2328 1845 2333; x_wconf 91' lang='lat'><strong>.</strong></span> 
     </span>
    </p>
   </div>
   <div class='ocr_carea' id='block_1_4' title="bbox 103 2353 1745 5631">
    <p class='ocr_par' dir='ltr' id='par_1_5' title="bbox 103 2353 1745 5631">
     <span class='ocr_line' id='line_1_24' title="bbox 106 2353 1744 2427; baseline 0.005 -17"><span class='ocrx_word' id='word_1_340' title='bbox 106 2354 176 2410; x_wconf 87' lang='lat' dir='ltr'><strong>mini</strong></span> <span class='ocrx_word' id='word_1_341' title='bbox 191 2359 386 2417; x_wconf 84' lang='lat' dir='ltr'><strong>attrectantes,</strong></span> <span class='ocrx_word' id='word_1_342' title='bbox 401 2353 467 2408; x_wconf 90' lang='lat' dir='ltr'><strong>aliis</strong></span> <span class='ocrx_word' id='word_1_343' title='bbox 481 2353 538 2408; x_wconf 89' lang='lat' dir='ltr'><strong>sint</strong></span> <span class='ocrx_word' id='word_1_344' title='bbox 551 2353 760 2421; x_wconf 84' lang='lat' dir='ltr'><strong>offendiculum,</strong></span> <span class='ocrx_word' id='word_1_345' title='bbox 771 2353 813 2409; x_wconf 79' lang='lat' dir='ltr'><strong>rel</strong></span> <span class='ocrx_word' id='word_1_346' title='bbox 830 2355 905 2410; x_wconf 87' lang='lat' dir='ltr'><strong>mala</strong></span> <span class='ocrx_word' id='word_1_347' title='bbox 946 2357 1075 2427; x_wconf 85' lang='lat' dir='ltr'><strong>pessimis</strong></span> <span class='ocrx_word' id='word_1_348' title='bbox 1101 2355 1328 2427; x_wconf 83' lang='lat' dir='ltr'><strong>cogitationibus.</strong></span> <span class='ocrx_word' id='word_1_349' title='bbox 1352 2356 1452 2427; x_wconf 85' lang='lat' dir='ltr'><strong>quibus</strong></span> <span class='ocrx_word' id='word_1_350' title='bbox 1471 2363 1505 2412; x_wconf 90' lang='lat' dir='ltr'><strong>ut</strong></span> <span class='ocrx_word' id='word_1_351' title='bbox 1527 2360 1597 2415; x_wconf 88' lang='lat' dir='ltr'><strong>talia</strong></span> <span class='ocrx_word' id='word_1_352' title='bbox 1619 2362 1744 2421; x_wconf 88' lang='lat' dir='ltr'><strong>facerent</strong></span> 
     </span>
     <span class='ocr_line' id='line_1_25' title="bbox 106 2442 1744 2515; baseline 0.005 -16"><span class='ocrx_word' id='word_1_353' title='bbox 106 2461 159 2499; x_wconf 88' lang='lat' dir='ltr'><strong>sua</strong></span> <span class='ocrx_word' id='word_1_354' title='bbox 172 2444 302 2499; x_wconf 84' lang='lat' dir='ltr'><strong>doctrina</strong></span> <span class='ocrx_word' id='word_1_355' title='bbox 316 2458 401 2498; x_wconf 83' lang='lat' dir='ltr'><strong>ceusu</strong></span> <span class='ocrx_word' id='word_1_356' title='bbox 414 2442 581 2513; x_wconf 83' lang='lat' dir='ltr'><strong>perditionis</strong></span> <span class='ocrx_word' id='word_1_357' title='bbox 599 2442 696 2497; x_wconf 90' lang='lat' dir='ltr'><strong>multis</strong></span> <span class='ocrx_word' id='word_1_358' title='bbox 718 2443 767 2498; x_wconf 88' lang='lat' dir='ltr'><strong>diu</strong></span> <span class='ocrx_word' id='word_1_359' title='bbox 788 2443 904 2498; x_wconf 77' lang='lat' dir='ltr'><strong>vivendo</strong></span> <span class='ocrx_word' id='word_1_360' title='bbox 945 2450 1147 2511; x_wconf 86' lang='lat' dir='ltr'><strong>tractaverunt,</strong></span> <span class='ocrx_word' id='word_1_361' title='bbox 1161 2460 1258 2515; x_wconf 84' lang='lat' dir='ltr'><strong>poenus</strong></span> <span class='ocrx_word' id='word_1_362' title='bbox 1269 2444 1356 2510; x_wconf 82' lang='lat' dir='ltr'><strong>luent.</strong></span> <span class='ocrx_word' id='word_1_363' title='bbox 1373 2445 1414 2500; x_wconf 90' lang='lat' dir='ltr'><strong>De</strong></span> <span class='ocrx_word' id='word_1_364' title='bbox 1427 2445 1567 2502; x_wconf 74' lang='lat' dir='ltr'><strong>hereticis</strong></span> <span class='ocrx_word' id='word_1_365' title='bbox 1587 2449 1678 2506; x_wconf 89' lang='lat' dir='ltr'><strong>facilis</strong></span> <span class='ocrx_word' id='word_1_366' title='bbox 1697 2451 1744 2508; x_wconf 91' lang='lat' dir='ltr'><strong>iu-</strong></span> 
     </span>
     <span class='ocr_line' id='line_1_26' title="bbox 105 2531 1744 2604; baseline 0.004 -15"><span class='ocrx_word' id='word_1_367' title='bbox 105 2535 237 2589; x_wconf 80' lang='lat' dir='ltr'><strong>existant.</strong></span> <span class='ocrx_word' id='word_1_368' title='bbox 257 2532 384 2597; x_wconf 89' lang='lat' dir='ltr'><strong>Quorum</strong></span> <span class='ocrx_word' id='word_1_369' title='bbox 398 2532 483 2587; x_wconf 90' lang='lat' dir='ltr'><strong>etiam</strong></span> <span class='ocrx_word' id='word_1_370' title='bbox 498 2532 548 2586; x_wconf 91' lang='lat' dir='ltr'><strong>fllii</strong></span> <span class='ocrx_word' id='word_1_371' title='bbox 562 2548 580 2586; x_wconf 94' lang='lat' dir='ltr'><strong>a</strong></span> <span class='ocrx_word' id='word_1_372' title='bbox 593 2532 651 2586; x_wconf 90' lang='lat' dir='ltr'><strong>Deo</strong></span> <span class='ocrx_word' id='word_1_373' title='bbox 666 2531 791 2587; x_wconf 85' lang='lat' dir='ltr'><strong>oblivisci</strong></span> <span class='ocrx_word' id='word_1_374' title='bbox 805 2532 905 2588; x_wconf 91' lang='lat' dir='ltr'><strong>dicun·</strong></span> <span class='ocrx_word' id='word_1_375' title='bbox 946 2532 1102 2604; x_wconf 88' lang='lat' dir='ltr'><strong>telligentia</strong></span> <span class='ocrx_word' id='word_1_376' title='bbox 1108 2539 1160 2600; x_wconf 89' lang='lat' dir='ltr'><strong>cst,</strong></span> <span class='ocrx_word' id='word_1_377' title='bbox 1167 2533 1241 2604; x_wconf 91' lang='lat' dir='ltr'><strong>quod</strong></span> <span class='ocrx_word' id='word_1_378' title='bbox 1252 2539 1357 2604; x_wconf 87' lang='lat' dir='ltr'><strong>quanto</strong></span> <span class='ocrx_word' id='word_1_379' title='bbox 1364 2534 1459 2604; x_wconf 92' lang='lat' dir='ltr'><strong>plures</strong></span> <span class='ocrx_word' id='word_1_380' title='bbox 1465 2534 1591 2603; x_wconf 83' lang='lat' dir='ltr'><strong>fuerunt,</strong></span> <span class='ocrx_word' id='word_1_381' title='bbox 1597 2542 1678 2595; x_wconf 86' lang='lat' dir='ltr'><strong>tanto</strong></span> <span class='ocrx_word' id='word_1_382' title='bbox 1685 2557 1744 2597; x_wconf 81' lang='lat' dir='ltr'><strong>ma·</strong></span> 
     </span>
     <span class='ocr_line' id='line_1_27' title="bbox 104 2619 1744 2694; baseline 0.005 -17"><span class='ocrx_word' id='word_1_383' title='bbox 104 2633 163 2689; x_wconf 89' lang='lat' dir='ltr'><strong>tur,</strong></span> <span class='ocrx_word' id='word_1_384' title='bbox 178 2622 275 2688; x_wconf 90' lang='lat' dir='ltr'><strong>idest,</strong></span> <span class='ocrx_word' id='word_1_385' title='bbox 291 2622 320 2676; x_wconf 91' lang='lat' dir='ltr'><strong>hi</strong></span> <span class='ocrx_word' id='word_1_386' title='bbox 332 2620 380 2694; x_wconf 89' lang='lat' dir='ltr'><strong>qui</strong></span> <span class='ocrx_word' id='word_1_387' title='bbox 392 2619 427 2675; x_wconf 88' lang='lat' dir='ltr'><strong>ah</strong></span> <span class='ocrx_word' id='word_1_388' title='bbox 442 2621 556 2676; x_wconf 89' lang='lat' dir='ltr'><strong>illorum</strong></span> <span class='ocrx_word' id='word_1_389' title='bbox 571 2636 702 2692; x_wconf 80' lang='lat' dir='ltr'><strong>perversa</strong></span> <span class='ocrx_word' id='word_1_390' title='bbox 715 2620 843 2677; x_wconf 89' lang='lat' dir='ltr'><strong>doctrina</strong></span> <span class='ocrx_word' id='word_1_391' title='bbox 855 2638 905 2693; x_wconf 91' lang='lat' dir='ltr'><strong>ge·</strong></span> <span class='ocrx_word' id='word_1_392' title='bbox 945 2620 989 2692; x_wconf 91' lang='lat' dir='ltr'><strong>gis</strong></span> <span class='ocrx_word' id='word_1_393' title='bbox 1008 2621 1175 2693; x_wconf 89' lang='lat' dir='ltr'><strong>delinquant</strong></span> <span class='ocrx_word' id='word_1_394' title='bbox 1187 2621 1317 2683; x_wconf 86' lang='lat' dir='ltr'><strong>Domino,</strong></span> <span class='ocrx_word' id='word_1_395' title='bbox 1336 2627 1365 2676; x_wconf 90' lang='lat' dir='ltr'><strong>et</strong></span> <span class='ocrx_word' id='word_1_396' title='bbox 1382 2622 1463 2691; x_wconf 80' lang='lat' dir='ltr'><strong>juxta</strong></span> <span class='ocrx_word' id='word_1_397' title='bbox 1486 2640 1570 2680; x_wconf 89' lang='lat' dir='ltr'><strong>suum</strong></span> <span class='ocrx_word' id='word_1_398' title='bbox 1593 2642 1744 2687; x_wconf 86' lang='lat' dir='ltr'><strong>numerum</strong></span> 
     </span>
     <span class='ocr_line' id='line_1_28' title="bbox 104 2700 1742 2788; baseline 0.004 -21"><span class='ocrx_word' id='word_1_399' title='bbox 104 2712 198 2767; x_wconf 79' lang='lat' dir='ltr'><strong>necati</strong></span> <span class='ocrx_word' id='word_1_400' title='bbox 227 2716 304 2777; x_wconf 86' lang='lat' dir='ltr'><strong>sunt,</strong></span> <span class='ocrx_word' id='word_1_401' title='bbox 334 2710 401 2781; x_wconf 86' lang='lat' dir='ltr'><strong>quia</strong></span> <span class='ocrx_word' id='word_1_402' title='bbox 423 2710 508 2766; x_wconf 86' lang='lat' dir='ltr'><strong>simui</strong></span> <span class='ocrx_word' id='word_1_403' title='bbox 529 2726 594 2765; x_wconf 90' lang='lat' dir='ltr'><strong>cum</strong></span> <span class='ocrx_word' id='word_1_404' title='bbox 618 2708 745 2780; x_wconf 84' lang='lat' dir='ltr'><strong>patribus</strong></span> <span class='ocrx_word' id='word_1_405' title='bbox 763 2700 905 2783; x_wconf 78' lang='lat' dir='ltr'><strong>perpetue</strong></span> <span class='ocrx_word' id='word_1_406' title='bbox 946 2710 1136 2782; x_wconf 87' lang='lat' dir='ltr'><strong>multiplicant</strong></span> <span class='ocrx_word' id='word_1_407' title='bbox 1147 2710 1224 2764; x_wconf 88' lang='lat' dir='ltr'><strong>varia</strong></span> <span class='ocrx_word' id='word_1_408' title='bbox 1234 2710 1365 2781; x_wconf 84' lang='lat' dir='ltr'><strong>dogmata</strong></span> <span class='ocrx_word' id='word_1_409' title='bbox 1373 2726 1500 2766; x_wconf 88' lang='lat' dir='ltr'><strong>errorum</strong></span> <span class='ocrx_word' id='word_1_410' title='bbox 1512 2729 1630 2785; x_wconf 87' lang='lat' dir='ltr'><strong>quorum</strong></span> <span class='ocrx_word' id='word_1_411' title='bbox 1639 2718 1742 2788; x_wconf 85' lang='lat' dir='ltr'><strong>gloria,</strong></span> 
     </span>
     <span class='ocr_line' id='line_1_29' title="bbox 108 2798 1744 2878; baseline 0.005 -23"><span class='ocrx_word' id='word_1_412' title='bbox 108 2799 283 2855; x_wconf 79' lang='lat' dir='ltr'><strong>damnationi</strong></span> <span class='ocrx_word' id='word_1_413' title='bbox 302 2799 460 2854; x_wconf 89' lang='lat' dir='ltr'><strong>tradentur.</strong></span> <span class='ocrx_word' id='word_1_414' title='bbox 945 2800 974 2855; x_wconf 82' lang='lat' dir='ltr'><strong>irl</strong></span> <span class='ocrx_word' id='word_1_415' title='bbox 984 2806 1036 2865; x_wconf 88' lang='lat' dir='ltr'><strong>est,</strong></span> <span class='ocrx_word' id='word_1_416' title='bbox 1045 2799 1190 2872; x_wconf 75' lang='lat' dir='ltr'><strong>sapientie</strong></span> <span class='ocrx_word' id='word_1_417' title='bbox 1201 2802 1231 2853; x_wconf 90' lang='lat' dir='ltr'><strong>et</strong></span> <span class='ocrx_word' id='word_1_418' title='bbox 1244 2798 1466 2854; x_wconf 83' lang='lat' dir='ltr'><strong>Christianitatis</strong></span> <span class='ocrx_word' id='word_1_419' title='bbox 1481 2801 1605 2873; x_wconf 85' lang='lat' dir='ltr'><strong>dignitas</strong></span> <span class='ocrx_word' id='word_1_420' title='bbox 1619 2805 1648 2859; x_wconf 91' lang='lat' dir='ltr'><strong>in</strong></span> <span class='ocrx_word' id='word_1_421' title='bbox 1660 2806 1744 2878; x_wconf 86' lang='lat' dir='ltr'><strong>igno-</strong></span> 
     </span>
     <span class='ocr_line' id='line_1_30' title="bbox 147 2886 1743 2966; baseline 0.006 -24"><span class='ocrx_word' id='word_1_422' title='bbox 147 2890 328 2944; x_wconf 81' lang='lat' dir='ltr'><strong>·Secundum</strong></span> <span class='ocrx_word' id='word_1_423' title='bbox 334 2886 545 2943; x_wconf 87' lang='lat' dir='ltr'><strong>multitudinem</strong></span> <span class='ocrx_word' id='word_1_424' title='bbox 557 2887 905 2959; x_wconf 87' lang='lat' dir='ltr'><strong>eorum,sicpeccaverunt</strong></span> <span class='ocrx_word' id='word_1_425' title='bbox 946 2889 1062 2944; x_wconf 89' lang='lat' dir='ltr'><strong>miniam</strong></span> <span class='ocrx_word' id='word_1_426' title='bbox 1074 2887 1392 2959; x_wconf 89' lang='lat' dir='ltr'><strong>commutatur,quando</strong></span> <span class='ocrx_word' id='word_1_427' title='bbox 1400 2891 1606 2961; x_wconf 79' lang='lat' dir='ltr'><strong>propraeteritis</strong></span> <span class='ocrx_word' id='word_1_428' title='bbox 1620 2896 1743 2966; x_wconf 82' lang='lat' dir='ltr'><strong>peccatis</strong></span> 
     </span>
     <span class='ocr_line' id='line_1_31' title="bbox 106 2976 1740 3052; baseline 0.004 -19"><span class='ocrx_word' id='word_1_429' title='bbox 106 2978 188 3033; x_wconf 86' lang='lat' dir='ltr'><strong>mihi.</strong></span> <span class='ocrx_word' id='word_1_430' title='bbox 206 2977 263 3034; x_wconf 87' lang='lat' dir='ltr'><strong>»ld</strong></span> <span class='ocrx_word' id='word_1_431' title='bbox 272 2982 326 3044; x_wconf 87' lang='lat' dir='ltr'><strong>est,</strong></span> <span class='ocrx_word' id='word_1_432' title='bbox 343 2983 411 3048; x_wconf 88' lang='lat' dir='ltr'><strong>quot</strong></span> <span class='ocrx_word' id='word_1_433' title='bbox 425 2976 552 3032; x_wconf 87' lang='lat' dir='ltr'><strong>homines</strong></span> <span class='ocrx_word' id='word_1_434' title='bbox 561 2976 661 3032; x_wconf 88' lang='lat' dir='ltr'><strong>habuit</strong></span> <span class='ocrx_word' id='word_1_435' title='bbox 676 2976 773 3042; x_wconf 88' lang='lat' dir='ltr'><strong>lsrael,</strong></span> <span class='ocrx_word' id='word_1_436' title='bbox 787 2980 904 3030; x_wconf 75' lang='lat' dir='ltr'><strong>totenes</strong></span> <span class='ocrx_word' id='word_1_437' title='bbox 914 2980 1020 3050; x_wconf 71' lang='lat' dir='ltr'><strong>ejusto</strong></span> <span class='ocrx_word' id='word_1_438' title='bbox 1033 2979 1080 3033; x_wconf 90' lang='lat' dir='ltr'><strong>Dei</strong></span> <span class='ocrx_word' id='word_1_439' title='bbox 1088 2977 1194 3049; x_wconf 88' lang='lat' dir='ltr'><strong>judicio</strong></span> <span class='ocrx_word' id='word_1_440' title='bbox 1205 2977 1233 3032; x_wconf 92' lang='lat' dir='ltr'><strong>in</strong></span> <span class='ocrx_word' id='word_1_441' title='bbox 1243 2977 1450 3034; x_wconf 86' lang='lat' dir='ltr'><strong>erroresvarios</strong></span> <span class='ocrx_word' id='word_1_442' title='bbox 1459 2978 1516 3035; x_wconf 90' lang='lat' dir='ltr'><strong>labi</strong></span> <span class='ocrx_word' id='word_1_443' title='bbox 1527 2983 1740 3052; x_wconf 87' lang='lat' dir='ltr'><strong>permittuntur,</strong></span> 
     </span>
     <span class='ocr_line' id='line_1_32' title="bbox 107 3065 1745 3140; baseline 0.003 -17"><span class='ocrx_word' id='word_1_444' title='bbox 107 3066 242 3123; x_wconf 84' lang='lat' dir='ltr'><strong>iustruxit</strong></span> <span class='ocrx_word' id='word_1_445' title='bbox 256 3065 438 3130; x_wconf 77' lang='lat' dir='ltr'><strong>demonibus,</strong></span> <span class='ocrx_word' id='word_1_446' title='bbox 456 3066 622 3138; x_wconf 84' lang='lat' dir='ltr'><strong>inquorum</strong></span> <span class='ocrx_word' id='word_1_447' title='bbox 642 3065 763 3120; x_wconf 87' lang='lat' dir='ltr'><strong>victimis</strong></span> <span class='ocrx_word' id='word_1_448' title='bbox 777 3081 906 3136; x_wconf 85' lang='lat' dir='ltr'><strong>peccave·</strong></span> <span class='ocrx_word' id='word_1_449' title='bbox 946 3085 997 3139; x_wconf 92' lang='lat' dir='ltr'><strong>pro</strong></span> <span class='ocrx_word' id='word_1_450' title='bbox 1010 3067 1111 3140; x_wconf 92' lang='lat' dir='ltr'><strong>quibus</strong></span> <span class='ocrx_word' id='word_1_451' title='bbox 1124 3066 1239 3120; x_wconf 90' lang='lat' dir='ltr'><strong>demum</strong></span> <span class='ocrx_word' id='word_1_452' title='bbox 1250 3073 1280 3120; x_wconf 90' lang='lat' dir='ltr'><strong>et</strong></span> <span class='ocrx_word' id='word_1_453' title='bbox 1297 3066 1410 3120; x_wconf 78' lang='lat' dir='ltr'><strong>eternis</strong></span> <span class='ocrx_word' id='word_1_454' title='bbox 1422 3068 1566 3139; x_wconf 87' lang='lat' dir='ltr'><strong>suppliciis</strong></span> <span class='ocrx_word' id='word_1_455' title='bbox 1580 3072 1745 3134; x_wconf 78' lang='lat' dir='ltr'><strong>tradantur.</strong></span> 
     </span>
     <span class='ocr_line' id='line_1_33' title="bbox 106 3154 1742 3227; baseline 0.006 -16"><span class='ocrx_word' id='word_1_456' title='bbox 106 3163 174 3211; x_wconf 86' lang='lat' dir='ltr'><strong>runt</strong></span> <span class='ocrx_word' id='word_1_457' title='bbox 182 3155 262 3211; x_wconf 91' lang='lat' dir='ltr'><strong>mihi.</strong></span> <span class='ocrx_word' id='word_1_458' title='bbox 274 3174 289 3208; x_wconf 79' lang='lat' dir='ltr'><strong>s</strong></span> <span class='ocrx_word' id='word_1_459' title='bbox 300 3155 425 3211; x_wconf 80' lang='lat' dir='ltr'><strong>Gloriam</strong></span> <span class='ocrx_word' id='word_1_460' title='bbox 435 3172 532 3211; x_wconf 87' lang='lat' dir='ltr'><strong>eorum</strong></span> <span class='ocrx_word' id='word_1_461' title='bbox 546 3155 575 3210; x_wconf 91' lang='lat' dir='ltr'><strong>in</strong></span> <span class='ocrx_word' id='word_1_462' title='bbox 589 3154 772 3227; x_wconf 86' lang='lat' dir='ltr'><strong>ignominiam</strong></span> <span class='ocrx_word' id='word_1_463' title='bbox 782 3170 906 3210; x_wconf 89' lang='lat' dir='ltr'><strong>commu·</strong></span> <span class='ocrx_word' id='word_1_464' title='bbox 946 3158 986 3212; x_wconf 90' lang='lat' dir='ltr'><strong>De</strong></span> <span class='ocrx_word' id='word_1_465' title='bbox 997 3155 1098 3227; x_wconf 92' lang='lat' dir='ltr'><strong>quibus</strong></span> <span class='ocrx_word' id='word_1_466' title='bbox 1111 3154 1180 3209; x_wconf 91' lang='lat' dir='ltr'><strong>dicit</strong></span> <span class='ocrx_word' id='word_1_467' title='bbox 1193 3155 1344 3226; x_wconf 78' lang='lat' dir='ltr'><strong>Apostolus</strong></span> <span class='ocrx_word' id='word_1_468' title='bbox 1366 3172 1372 3208; x_wconf 92' lang='lat'><strong>:</strong></span> <span class='ocrx_word' id='word_1_469' title='bbox 1389 3155 1518 3213; x_wconf 77' lang='lat' dir='ltr'><strong>Tradidit</strong></span> <span class='ocrx_word' id='word_1_470' title='bbox 1537 3157 1601 3214; x_wconf 89' lang='lat' dir='ltr'><strong>illos</strong></span> <span class='ocrx_word' id='word_1_471' title='bbox 1623 3161 1698 3218; x_wconf 86' lang='lat' dir='ltr'><strong>Deus</strong></span> <span class='ocrx_word' id='word_1_472' title='bbox 1710 3162 1742 3221; x_wconf 88' lang='lat' dir='ltr'><strong>in</strong></span> 
     </span>
     <span class='ocr_line' id='line_1_34' title="bbox 104 3241 1744 3324; baseline 0.004 -23"><span class='ocrx_word' id='word_1_473' title='bbox 104 3246 180 3301; x_wconf 85' lang='lat' dir='ltr'><strong>tabo.</strong></span> <span class='ocrx_word' id='word_1_474' title='bbox 206 3265 219 3297; x_wconf 75' lang='grc' dir='ltr'><strong><em>ι</em></strong></span> <span class='ocrx_word' id='word_1_475' title='bbox 237 3245 365 3300; x_wconf 86' lang='lat' dir='ltr'><strong>Gloriam</strong></span> <span class='ocrx_word' id='word_1_476' title='bbox 388 3261 486 3299; x_wconf 88' lang='lat' dir='ltr'><strong>eorum</strong></span> <span class='ocrx_word' id='word_1_477' title='bbox 506 3244 611 3300; x_wconf 90' lang='lat' dir='ltr'><strong>idolum</strong></span> <span class='ocrx_word' id='word_1_478' title='bbox 634 3245 766 3316; x_wconf 88' lang='lat' dir='ltr'><strong>appellat.</strong></span> <span class='ocrx_word' id='word_1_479' title='bbox 792 3243 823 3298; x_wconf 91' lang='lat' dir='ltr'><strong>in</strong></span> <span class='ocrx_word' id='word_1_480' title='bbox 849 3260 905 3315; x_wconf 90' lang='lat' dir='ltr'><strong>quo</strong></span> <span class='ocrx_word' id='word_1_481' title='bbox 946 3242 1098 3315; x_wconf 91' lang='lat' dir='ltr'><strong>reprobum</strong></span> <span class='ocrx_word' id='word_1_482' title='bbox 1108 3258 1232 3302; x_wconf 86' lang='lat' dir='ltr'><strong>sensum.</strong></span> <span class='ocrx_word' id='word_1_483' title='bbox 1248 3248 1280 3298; x_wconf 93' lang='lat' dir='ltr'><strong>ut</strong></span> <span class='ocrx_word' id='word_1_484' title='bbox 1292 3241 1396 3324; x_wconf 81' lang='lat' dir='ltr'><strong>faciant</strong></span> <span class='ocrx_word' id='word_1_485' title='bbox 1415 3260 1476 3315; x_wconf 77' lang='lat' dir='ltr'><strong>que</strong></span> <span class='ocrx_word' id='word_1_486' title='bbox 1490 3261 1547 3300; x_wconf 92' lang='lat' dir='ltr'><strong>non</strong></span> <span class='ocrx_word' id='word_1_487' title='bbox 1560 3249 1744 3309; x_wconf 81' lang='lat' dir='ltr'><strong>conveniunt.</strong></span> 
     </span>
     <span class='ocr_line' id='line_1_35' title="bbox 103 3330 1742 3408; baseline 0.004 -19"><span class='ocrx_word' id='word_1_488' title='bbox 103 3332 905 3406; x_wconf 71' lang='lat' dir='ltr'><strong>gloriabantur,etincujusuenerationeletabunturquod</strong></span> <span class='ocrx_word' id='word_1_489' title='bbox 945 3331 998 3396; x_wconf 89' lang='lat' dir='ltr'><strong>Qui</strong></span> <span class='ocrx_word' id='word_1_490' title='bbox 1011 3337 1125 3402; x_wconf 88' lang='lat' dir='ltr'><strong>peccata</strong></span> <span class='ocrx_word' id='word_1_491' title='bbox 1139 3330 1235 3403; x_wconf 87' lang='lat' dir='ltr'><strong>populi</strong></span> <span class='ocrx_word' id='word_1_492' title='bbox 1250 3331 1411 3395; x_wconf 88' lang='lat' dir='ltr'><strong>comedunt,</strong></span> <span class='ocrx_word' id='word_1_493' title='bbox 1427 3334 1540 3404; x_wconf 88' lang='lat' dir='ltr'><strong>quando</strong></span> <span class='ocrx_word' id='word_1_494' title='bbox 1553 3341 1583 3391; x_wconf 92' lang='lat' dir='ltr'><strong>et</strong></span> <span class='ocrx_word' id='word_1_495' title='bbox 1601 3338 1742 3408; x_wconf 87' lang='lat' dir='ltr'><strong>placentia</strong></span> 
     </span>
     <span class='ocr_line' id='line_1_36' title="bbox 104 3419 1743 3496; baseline 0.004 -18"><span class='ocrx_word' id='word_1_496' title='bbox 104 3428 173 3479; x_wconf 91' lang='lat' dir='ltr'><strong>tunc</strong></span> <span class='ocrx_word' id='word_1_497' title='bbox 185 3424 216 3478; x_wconf 93' lang='lat' dir='ltr'><strong>in</strong></span> <span class='ocrx_word' id='word_1_498' title='bbox 231 3422 415 3494; x_wconf 79' lang='lat' dir='ltr'><strong>ignominiam</strong></span> <span class='ocrx_word' id='word_1_499' title='bbox 429 3428 633 3477; x_wconf 85' lang='lat' dir='ltr'><strong>commutatum</strong></span> <span class='ocrx_word' id='word_1_500' title='bbox 649 3428 701 3482; x_wconf 87' lang='lat' dir='ltr'><strong>est,</strong></span> <span class='ocrx_word' id='word_1_501' title='bbox 714 3421 845 3494; x_wconf 87' lang='lat' dir='ltr'><strong>quoniam</strong></span> <span class='ocrx_word' id='word_1_502' title='bbox 855 3437 904 3493; x_wconf 90' lang='lat' dir='ltr'><strong>pro</strong></span> <span class='ocrx_word' id='word_1_503' title='bbox 946 3421 1110 3491; x_wconf 90' lang='lat' dir='ltr'><strong>loquuntur,</strong></span> <span class='ocrx_word' id='word_1_504' title='bbox 1124 3426 1152 3474; x_wconf 91' lang='lat' dir='ltr'><strong>et</strong></span> <span class='ocrx_word' id='word_1_505' title='bbox 1166 3436 1216 3491; x_wconf 85' lang='lat' dir='ltr'><strong>per</strong></span> <span class='ocrx_word' id='word_1_506' title='bbox 1229 3419 1325 3474; x_wconf 89' lang='lat' dir='ltr'><strong>dulces</strong></span> <span class='ocrx_word' id='word_1_507' title='bbox 1334 3437 1478 3477; x_wconf 89' lang='lat' dir='ltr'><strong>sermones</strong></span> <span class='ocrx_word' id='word_1_508' title='bbox 1492 3423 1639 3496; x_wconf 87' lang='lat' dir='ltr'><strong>decipiunt</strong></span> <span class='ocrx_word' id='word_1_509' title='bbox 1655 3428 1743 3485; x_wconf 83' lang='lat' dir='ltr'><strong>ocula</strong></span> 
     </span>
     <span class='ocr_line' id='line_1_37' title="bbox 103 3508 1743 3584; baseline 0.003 -17"><span class='ocrx_word' id='word_1_510' title='bbox 103 3513 167 3584; x_wconf 87' lang='lat' dir='ltr'><strong>ipso</strong></span> <span class='ocrx_word' id='word_1_511' title='bbox 181 3513 287 3569; x_wconf 89' lang='lat' dir='ltr'><strong>scelere</strong></span> <span class='ocrx_word' id='word_1_512' title='bbox 301 3512 385 3567; x_wconf 87' lang='lat' dir='ltr'><strong>simul</strong></span> <span class='ocrx_word' id='word_1_513' title='bbox 398 3529 462 3567; x_wconf 88' lang='lat' dir='ltr'><strong>cum</strong></span> <span class='ocrx_word' id='word_1_514' title='bbox 478 3510 624 3584; x_wconf 90' lang='lat' dir='ltr'><strong>ipscducti</strong></span> <span class='ocrx_word' id='word_1_515' title='bbox 636 3511 745 3567; x_wconf 89' lang='lat' dir='ltr'><strong>suntin</strong></span> <span class='ocrx_word' id='word_1_516' title='bbox 757 3510 904 3582; x_wconf 80' lang='lat' dir='ltr'><strong>captivita-</strong></span> <span class='ocrx_word' id='word_1_517' title='bbox 946 3508 1129 3570; x_wconf 88' lang='lat' dir='ltr'><strong>credentium,</strong></span> <span class='ocrx_word' id='word_1_518' title='bbox 1139 3509 1413 3564; x_wconf 84' lang='lat' dir='ltr'><strong>etdevorantdomos</strong></span> <span class='ocrx_word' id='word_1_519' title='bbox 1423 3510 1656 3569; x_wconf 81' lang='lat' dir='ltr'><strong>viduarumcum</strong></span> <span class='ocrx_word' id='word_1_520' title='bbox 1666 3515 1743 3573; x_wconf 83' lang='lat' dir='ltr'><strong>enim</strong></span> 
     </span>
     <span class='ocr_line' id='line_1_38' title="bbox 104 3596 1744 3675; baseline 0.003 -19"><span class='ocrx_word' id='word_1_521' title='bbox 104 3609 174 3659; x_wconf 88' lang='lat' dir='ltr'><strong>tem.</strong></span> <span class='ocrx_word' id='word_1_522' title='bbox 945 3597 1065 3652; x_wconf 84' lang='lat' dir='ltr'><strong>viderint</strong></span> <span class='ocrx_word' id='word_1_523' title='bbox 1078 3597 1149 3652; x_wconf 88' lang='lat' dir='ltr'><strong>alios</strong></span> <span class='ocrx_word' id='word_1_524' title='bbox 1163 3596 1367 3668; x_wconf 86' lang='lat' dir='ltr'><strong>delinquentes,</strong></span> <span class='ocrx_word' id='word_1_525' title='bbox 1379 3598 1630 3659; x_wconf 88' lang='lat' dir='ltr'><strong>aiunt,nihiluliud</strong></span> <span class='ocrx_word' id='word_1_526' title='bbox 1641 3603 1744 3675; x_wconf 76' lang='lat' dir='ltr'><strong>quaerit</strong></span> 
     </span>
     <span class='ocr_line' id='line_1_39' title="bbox 142 3685 1743 3761; baseline 0.004 -16"><span class='ocrx_word' id='word_1_527' title='bbox 142 3711 156 3744; x_wconf 77' lang='lat' dir='ltr'><strong>a</strong></span> <span class='ocrx_word' id='word_1_528' title='bbox 173 3692 291 3745; x_wconf 81' lang='lat' dir='ltr'><strong>Peccata</strong></span> <span class='ocrx_word' id='word_1_529' title='bbox 303 3688 397 3761; x_wconf 88' lang='lat' dir='ltr'><strong>populi</strong></span> <span class='ocrx_word' id='word_1_530' title='bbox 413 3689 466 3743; x_wconf 89' lang='lat' dir='ltr'><strong>mei</strong></span> <span class='ocrx_word' id='word_1_531' title='bbox 481 3687 638 3743; x_wconf 88' lang='lat' dir='ltr'><strong>comedent.</strong></span> <span class='ocrx_word' id='word_1_532' title='bbox 654 3688 832 3756; x_wconf 75' lang='lat' dir='ltr'><strong>»Dupliciter</strong></span> <span class='ocrx_word' id='word_1_533' title='bbox 847 3689 905 3744; x_wconf 86' lang='lat' dir='ltr'><strong>hrec</strong></span> <span class='ocrx_word' id='word_1_534' title='bbox 946 3686 1092 3753; x_wconf 87' lang='lat' dir='ltr'><strong>Deus,uisi</strong></span> <span class='ocrx_word' id='word_1_535' title='bbox 1102 3686 1166 3741; x_wconf 83' lang='lat' dir='ltr'><strong>fidei</strong></span> <span class='ocrx_word' id='word_1_536' title='bbox 1177 3685 1334 3745; x_wconf 83' lang='lat' dir='ltr'><strong>veritatem.</strong></span> <span class='ocrx_word' id='word_1_537' title='bbox 1347 3688 1463 3759; x_wconf 83' lang='lat' dir='ltr'><strong>quamsi</strong></span> <span class='ocrx_word' id='word_1_538' title='bbox 1473 3690 1673 3758; x_wconf 87' lang='lat' dir='ltr'><strong>custodieritis,</strong></span> <span class='ocrx_word' id='word_1_539' title='bbox 1685 3710 1743 3751; x_wconf 85' lang='lat' dir='ltr'><strong>non</strong></span> 
     </span>
     <span class='ocr_line' id='line_1_40' title="bbox 104 3775 1742 3849; baseline 0.003 -15"><span class='ocrx_word' id='word_1_540' title='bbox 104 3779 248 3835; x_wconf 84' lang='lat' dir='ltr'><strong>sententia</strong></span> <span class='ocrx_word' id='word_1_541' title='bbox 261 3778 444 3849; x_wconf 84' lang='lat' dir='ltr'><strong>intelligenda</strong></span> <span class='ocrx_word' id='word_1_542' title='bbox 457 3783 517 3832; x_wconf 91' lang='lat' dir='ltr'><strong>est:</strong></span> <span class='ocrx_word' id='word_1_543' title='bbox 532 3777 650 3831; x_wconf 89' lang='lat' dir='ltr'><strong>Peccata</strong></span> <span class='ocrx_word' id='word_1_544' title='bbox 660 3777 757 3848; x_wconf 92' lang='lat' dir='ltr'><strong>populi</strong></span> <span class='ocrx_word' id='word_1_545' title='bbox 771 3778 902 3832; x_wconf 85' lang='lat' dir='ltr'><strong>sacerdo·</strong></span> <span class='ocrx_word' id='word_1_546' title='bbox 944 3775 1742 3847; x_wconf 81' lang='lat' dir='ltr'><strong>ecurtquidugatis,rnaleintelligentesilludDominicum:</strong></span> 
     </span>
     <span class='ocr_line' id='line_1_41' title="bbox 104 3864 1741 3939; baseline 0.002 -16"><span class='ocrx_word' id='word_1_547' title='bbox 104 3878 150 3923; x_wconf 86' lang='lat' dir='ltr'><strong>tes</strong></span> <span class='ocrx_word' id='word_1_548' title='bbox 162 3867 321 3931; x_wconf 87' lang='lat' dir='ltr'><strong>comedent,</strong></span> <span class='ocrx_word' id='word_1_549' title='bbox 335 3866 363 3921; x_wconf 90' lang='lat' dir='ltr'><strong>id</strong></span> <span class='ocrx_word' id='word_1_550' title='bbox 378 3872 430 3931; x_wconf 88' lang='lat' dir='ltr'><strong>cst,</strong></span> <span class='ocrx_word' id='word_1_551' title='bbox 446 3865 583 3920; x_wconf 88' lang='lat' dir='ltr'><strong>sacrificia</strong></span> <span class='ocrx_word' id='word_1_552' title='bbox 601 3882 651 3937; x_wconf 93' lang='lat' dir='ltr'><strong>pro</strong></span> <span class='ocrx_word' id='word_1_553' title='bbox 671 3866 792 3937; x_wconf 80' lang='lat' dir='ltr'><strong>pcccatis</strong></span> <span class='ocrx_word' id='word_1_554' title='bbox 810 3865 903 3939; x_wconf 79' lang='lat' dir='ltr'><strong>horni-</strong></span> <span class='ocrx_word' id='word_1_555' title='bbox 946 3882 959 3916; x_wconf 84' lang='lat' dir='ltr'><strong>s</strong></span> <span class='ocrx_word' id='word_1_556' title='bbox 979 3864 1032 3929; x_wconf 85' lang='lat' dir='ltr'><strong>Qui</strong></span> <span class='ocrx_word' id='word_1_557' title='bbox 1045 3864 1198 3919; x_wconf 89' lang='lat' dir='ltr'><strong>crediderit</strong></span> <span class='ocrx_word' id='word_1_558' title='bbox 1210 3870 1238 3919; x_wconf 91' lang='lat' dir='ltr'><strong>et</strong></span> <span class='ocrx_word' id='word_1_559' title='bbox 1254 3864 1409 3935; x_wconf 83' lang='lat' dir='ltr'><strong>baptizatus</strong></span> <span class='ocrx_word' id='word_1_560' title='bbox 1424 3865 1519 3927; x_wconf 84' lang='lat' dir='ltr'><strong>fuerit,</strong></span> <span class='ocrx_word' id='word_1_561' title='bbox 1535 3868 1629 3923; x_wconf 85' lang='lat' dir='ltr'><strong>sulvus</strong></span> <span class='ocrx_word' id='word_1_562' title='bbox 1639 3871 1704 3926; x_wconf 89' lang='lat' dir='ltr'><strong>erit.</strong></span> <span class='ocrx_word' id='word_1_563' title='bbox 1726 3890 1741 3925; x_wconf 81' lang='lat' dir='ltr'><strong>a</strong></span> 
     </span>
     <span class='ocr_line' id='line_1_42' title="bbox 104 3952 1742 4027; baseline 0.002 -15"><span class='ocrx_word' id='word_1_564' title='bbox 104 3974 174 4012; x_wconf 87' lang='lat' dir='ltr'><strong>num</strong></span> <span class='ocrx_word' id='word_1_565' title='bbox 189 3955 293 4011; x_wconf 81' lang='lat' dir='ltr'><strong>oblata.</strong></span> <span class='ocrx_word' id='word_1_566' title='bbox 310 3956 348 4010; x_wconf 84' lang='lat' dir='ltr'><strong>Ea</strong></span> <span class='ocrx_word' id='word_1_567' title='bbox 363 3955 527 4027; x_wconf 71' lang='lat' dir='ltr'><strong>quippevel</strong></span> <span class='ocrx_word' id='word_1_568' title='bbox 542 3971 603 4026; x_wconf 79' lang='lat' dir='ltr'><strong>quse</strong></span> <span class='ocrx_word' id='word_1_569' title='bbox 619 3959 686 4009; x_wconf 89' lang='lat' dir='ltr'><strong>tunc</strong></span> <span class='ocrx_word' id='word_1_570' title='bbox 700 3954 901 4023; x_wconf 81' lang='lat' dir='ltr'><strong>offerebantur,</strong></span> <span class='ocrx_word' id='word_1_571' title='bbox 944 3954 1073 4025; x_wconf 87' lang='lat' dir='ltr'><strong>Dumque</strong></span> <span class='ocrx_word' id='word_1_572' title='bbox 1089 3954 1146 4007; x_wconf 84' lang='lat' dir='ltr'><strong>hrec</strong></span> <span class='ocrx_word' id='word_1_573' title='bbox 1160 3952 1268 4018; x_wconf 89' lang='lat' dir='ltr'><strong>dicunt,</strong></span> <span class='ocrx_word' id='word_1_574' title='bbox 1283 3952 1313 4006; x_wconf 91' lang='lat' dir='ltr'><strong>in</strong></span> <span class='ocrx_word' id='word_1_575' title='bbox 1327 3952 1525 4023; x_wconf 86' lang='lat' dir='ltr'><strong>iniquitatibus</strong></span> <span class='ocrx_word' id='word_1_576' title='bbox 1537 3972 1634 4011; x_wconf 88' lang='lat' dir='ltr'><strong>corum</strong></span> <span class='ocrx_word' id='word_1_577' title='bbox 1649 3959 1742 4015; x_wconf 90' lang='lat' dir='ltr'><strong>suble·</strong></span> 
     </span>
     <span class='ocr_line' id='line_1_43' title="bbox 104 4041 1743 4118; baseline 0.001 -19"><span class='ocrx_word' id='word_1_578' title='bbox 104 4046 149 4101; x_wconf 80' lang='lat' dir='ltr'><strong>»el</strong></span> <span class='ocrx_word' id='word_1_579' title='bbox 161 4044 273 4100; x_wconf 87' lang='lat' dir='ltr'><strong>nuncin</strong></span> <span class='ocrx_word' id='word_1_580' title='bbox 286 4044 392 4115; x_wconf 92' lang='lat' dir='ltr'><strong>templo</strong></span> <span class='ocrx_word' id='word_1_581' title='bbox 402 4044 514 4098; x_wconf 90' lang='lat' dir='ltr'><strong>Domini</strong></span> <span class='ocrx_word' id='word_1_582' title='bbox 522 4043 688 4108; x_wconf 81' lang='lat' dir='ltr'><strong>offeruntur,</strong></span> <span class='ocrx_word' id='word_1_583' title='bbox 697 4043 727 4098; x_wconf 92' lang='lat' dir='ltr'><strong>in</strong></span> <span class='ocrx_word' id='word_1_584' title='bbox 735 4060 803 4099; x_wconf 91' lang='lat' dir='ltr'><strong>usus</strong></span> <span class='ocrx_word' id='word_1_585' title='bbox 814 4050 905 4099; x_wconf 84' lang='lat' dir='ltr'><strong>traus-</strong></span> <span class='ocrx_word' id='word_1_586' title='bbox 945 4041 1050 4095; x_wconf 81' lang='lat' dir='ltr'><strong>»abunt</strong></span> <span class='ocrx_word' id='word_1_587' title='bbox 1063 4041 1173 4095; x_wconf 86' lang='lat' dir='ltr'><strong>animas</strong></span> <span class='ocrx_word' id='word_1_588' title='bbox 1188 4057 1295 4101; x_wconf 87' lang='lat' dir='ltr'><strong>eorum.</strong></span> <span class='ocrx_word' id='word_1_589' title='bbox 1307 4046 1340 4095; x_wconf 94' lang='lat' dir='ltr'><strong>ut</strong></span> <span class='ocrx_word' id='word_1_590' title='bbox 1353 4057 1408 4095; x_wconf 92' lang='lat' dir='ltr'><strong>non</strong></span> <span class='ocrx_word' id='word_1_591' title='bbox 1419 4042 1572 4098; x_wconf 89' lang='lat' dir='ltr'><strong>solumnon</strong></span> <span class='ocrx_word' id='word_1_592' title='bbox 1587 4052 1673 4116; x_wconf 88' lang='lat' dir='ltr'><strong>agant</strong></span> <span class='ocrx_word' id='word_1_593' title='bbox 1682 4063 1743 4118; x_wconf 82' lang='lat' dir='ltr'><strong>pm-</strong></span> 
     </span>
     <span class='ocr_line' id='line_1_44' title="bbox 104 4129 1743 4204; baseline 0.002 -15"><span class='ocrx_word' id='word_1_594' title='bbox 104 4140 175 4189; x_wconf 87' lang='lat' dir='ltr'><strong>eunt</strong></span> <span class='ocrx_word' id='word_1_595' title='bbox 193 4133 382 4188; x_wconf 84' lang='lat' dir='ltr'><strong>sacerdotum.</strong></span> <span class='ocrx_word' id='word_1_596' title='bbox 399 4132 479 4187; x_wconf 88' lang='lat' dir='ltr'><strong>Unde</strong></span> <span class='ocrx_word' id='word_1_597' title='bbox 494 4131 564 4187; x_wconf 91' lang='lat' dir='ltr'><strong>etin</strong></span> <span class='ocrx_word' id='word_1_598' title='bbox 580 4130 733 4187; x_wconf 88' lang='lat' dir='ltr'><strong>canonibus</strong></span> <span class='ocrx_word' id='word_1_599' title='bbox 747 4131 860 4197; x_wconf 89' lang='lat' dir='ltr'><strong>dicitur,</strong></span> <span class='ocrx_word' id='word_1_600' title='bbox 872 4137 905 4187; x_wconf 89' lang='lat' dir='ltr'><strong>ut</strong></span> <span class='ocrx_word' id='word_1_601' title='bbox 945 4129 1092 4185; x_wconf 86' lang='lat' dir='ltr'><strong>nitentium</strong></span> <span class='ocrx_word' id='word_1_602' title='bbox 1105 4146 1156 4184; x_wconf 91' lang='lat' dir='ltr'><strong>nec</strong></span> <span class='ocrx_word' id='word_1_603' title='bbox 1177 4129 1371 4195; x_wconf 88' lang='lat' dir='ltr'><strong>humilientur,</strong></span> <span class='ocrx_word' id='word_1_604' title='bbox 1387 4130 1436 4185; x_wconf 84' lang='lat' dir='ltr'><strong>sed</strong></span> <span class='ocrx_word' id='word_1_605' title='bbox 1452 4131 1537 4186; x_wconf 86' lang='lat' dir='ltr'><strong>etiarn</strong></span> <span class='ocrx_word' id='word_1_606' title='bbox 1551 4134 1695 4204; x_wconf 82' lang='lat' dir='ltr'><strong>gaudeant</strong></span> <span class='ocrx_word' id='word_1_607' title='bbox 1711 4135 1743 4193; x_wconf 86' lang='lat' dir='ltr'><strong>iu</strong></span> 
     </span>
     <span class='ocr_line' id='line_1_45' title="bbox 105 4219 1742 4292; baseline 0.003 -15"><span class='ocrx_word' id='word_1_608' title='bbox 105 4223 169 4278; x_wconf 88' lang='lat' dir='ltr'><strong>laici</strong></span> <span class='ocrx_word' id='word_1_609' title='bbox 184 4222 219 4276; x_wconf 91' lang='lat' dir='ltr'><strong>de</strong></span> <span class='ocrx_word' id='word_1_610' title='bbox 233 4222 405 4276; x_wconf 86' lang='lat' dir='ltr'><strong>consecratis</strong></span> <span class='ocrx_word' id='word_1_611' title='bbox 426 4237 483 4276; x_wconf 88' lang='lat' dir='ltr'><strong>non</strong></span> <span class='ocrx_word' id='word_1_612' title='bbox 505 4220 664 4276; x_wconf 87' lang='lat' dir='ltr'><strong>comedant.</strong></span> <span class='ocrx_word' id='word_1_613' title='bbox 684 4220 739 4275; x_wconf 90' lang='lat' dir='ltr'><strong>Sed</strong></span> <span class='ocrx_word' id='word_1_614' title='bbox 754 4227 784 4275; x_wconf 91' lang='lat' dir='ltr'><strong>et</strong></span> <span class='ocrx_word' id='word_1_615' title='bbox 797 4220 840 4275; x_wconf 88' lang='lat' dir='ltr'><strong>illi</strong></span> <span class='ocrx_word' id='word_1_616' title='bbox 855 4220 904 4292; x_wconf 89' lang='lat' dir='ltr'><strong>qui</strong></span> <span class='ocrx_word' id='word_1_617' title='bbox 945 4219 1096 4275; x_wconf 83' lang='lat' dir='ltr'><strong>sceleribus</strong></span> <span class='ocrx_word' id='word_1_618' title='bbox 1111 4219 1180 4284; x_wconf 84' lang='lat' dir='ltr'><strong>suis,</strong></span> <span class='ocrx_word' id='word_1_619' title='bbox 1197 4226 1225 4272; x_wconf 90' lang='lat' dir='ltr'><strong>et</strong></span> <span class='ocrx_word' id='word_1_620' title='bbox 1239 4224 1332 4273; x_wconf 87' lang='lat' dir='ltr'><strong>erecta</strong></span> <span class='ocrx_word' id='word_1_621' title='bbox 1345 4219 1513 4291; x_wconf 88' lang='lat' dir='ltr'><strong>gradiantur</strong></span> <span class='ocrx_word' id='word_1_622' title='bbox 1527 4222 1643 4279; x_wconf 83' lang='lat' dir='ltr'><strong>cervice.</strong></span> <span class='ocrx_word' id='word_1_623' title='bbox 1661 4226 1742 4282; x_wconf 90' lang='lat' dir='ltr'><strong>Unde</strong></span> 
     </span>
     <span class='ocr_line' id='line_1_46' title="bbox 104 4308 1745 4399; baseline 0.003 -32"><span class='ocrx_word' id='word_1_624' title='bbox 104 4312 301 4383; x_wconf 82' lang='lat' dir='ltr'><strong>eleemosynas</strong></span> <span class='ocrx_word' id='word_1_625' title='bbox 312 4310 433 4366; x_wconf 88' lang='lat' dir='ltr'><strong>aliorum</strong></span> <span class='ocrx_word' id='word_1_626' title='bbox 447 4309 608 4376; x_wconf 85' lang='lat' dir='ltr'><strong>comedunt,</strong></span> <span class='ocrx_word' id='word_1_627' title='bbox 625 4308 680 4364; x_wconf 93' lang='lat' dir='ltr'><strong>nisi</strong></span> <span class='ocrx_word' id='word_1_628' title='bbox 693 4309 778 4380; x_wconf 86' lang='lat' dir='ltr'><strong>digne</strong></span> <span class='ocrx_word' id='word_1_629' title='bbox 798 4325 848 4381; x_wconf 90' lang='lat' dir='ltr'><strong>pro</strong></span> <span class='ocrx_word' id='word_1_630' title='bbox 863 4309 904 4364; x_wconf 86' lang='lat' dir='ltr'><strong>eis</strong></span> <span class='ocrx_word' id='word_1_631' title='bbox 912 4315 973 4399; x_wconf 75' lang='lat' dir='ltr'><strong>Det</strong></span> <span class='ocrx_word' id='word_1_632' title='bbox 983 4308 1102 4381; x_wconf 91' lang='lat' dir='ltr'><strong>populus</strong></span> <span class='ocrx_word' id='word_1_633' title='bbox 1116 4313 1145 4363; x_wconf 91' lang='lat' dir='ltr'><strong>et</strong></span> <span class='ocrx_word' id='word_1_634' title='bbox 1158 4308 1299 4370; x_wconf 89' lang='lat' dir='ltr'><strong>sacerdos,</strong></span> <span class='ocrx_word' id='word_1_635' title='bbox 1313 4308 1341 4363; x_wconf 93' lang='lat' dir='ltr'><strong>id</strong></span> <span class='ocrx_word' id='word_1_636' title='bbox 1356 4315 1408 4376; x_wconf 91' lang='lat' dir='ltr'><strong>est,</strong></span> <span class='ocrx_word' id='word_1_637' title='bbox 1425 4309 1454 4364; x_wconf 93' lang='lat' dir='ltr'><strong>hi</strong></span> <span class='ocrx_word' id='word_1_638' title='bbox 1474 4311 1523 4382; x_wconf 92' lang='lat' dir='ltr'><strong>qui</strong></span> <span class='ocrx_word' id='word_1_639' title='bbox 1544 4310 1618 4368; x_wconf 91' lang='lat' dir='ltr'><strong>docti</strong></span> <span class='ocrx_word' id='word_1_640' title='bbox 1634 4320 1745 4372; x_wconf 88' lang='lat' dir='ltr'><strong>suntet</strong></span> 
     </span>
     <span class='ocr_line' id='line_1_47' title="bbox 105 4397 1744 4471; baseline 0.002 -16"><span class='ocrx_word' id='word_1_641' title='bbox 105 4401 260 4467; x_wconf 79' lang='lat' dir='ltr'><strong>oraverint,</strong></span> <span class='ocrx_word' id='word_1_642' title='bbox 274 4398 378 4455; x_wconf 74' lang='lat' dir='ltr'><strong>ludaeis</strong></span> <span class='ocrx_word' id='word_1_643' title='bbox 396 4398 503 4454; x_wconf 88' lang='lat' dir='ltr'><strong>similes</strong></span> <span class='ocrx_word' id='word_1_644' title='bbox 516 4405 591 4453; x_wconf 84' lang='lat' dir='ltr'><strong>sunt.</strong></span> <span class='ocrx_word' id='word_1_645' title='bbox 610 4398 664 4463; x_wconf 89' lang='lat' dir='ltr'><strong>Qui</strong></span> <span class='ocrx_word' id='word_1_646' title='bbox 678 4414 743 4454; x_wconf 86' lang='lat' dir='ltr'><strong>vero</strong></span> <span class='ocrx_word' id='word_1_647' title='bbox 753 4398 838 4469; x_wconf 85' lang='lat' dir='ltr'><strong>digne</strong></span> <span class='ocrx_word' id='word_1_648' title='bbox 853 4415 903 4470; x_wconf 91' lang='lat' dir='ltr'><strong>pro</strong></span> <span class='ocrx_word' id='word_1_649' title='bbox 944 4399 973 4453; x_wconf 89' lang='lat' dir='ltr'><strong>hi</strong></span> <span class='ocrx_word' id='word_1_650' title='bbox 986 4398 1033 4470; x_wconf 93' lang='lat' dir='ltr'><strong>qui</strong></span> <span class='ocrx_word' id='word_1_651' title='bbox 1048 4398 1205 4453; x_wconf 89' lang='lat' dir='ltr'><strong>docuerunt</strong></span> <span class='ocrx_word' id='word_1_652' title='bbox 1219 4397 1280 4469; x_wconf 90' lang='lat' dir='ltr'><strong>pari</strong></span> <span class='ocrx_word' id='word_1_653' title='bbox 1293 4397 1402 4470; x_wconf 87' lang='lat' dir='ltr'><strong>judicio</strong></span> <span class='ocrx_word' id='word_1_654' title='bbox 1416 4399 1653 4471; x_wconf 80' lang='lat' dir='ltr'><strong>constringentur,</strong></span> <span class='ocrx_word' id='word_1_655' title='bbox 1677 4419 1744 4459; x_wconf 87' lang='lat' dir='ltr'><strong>cum</strong></span> 
     </span>
     <span class='ocr_line' id='line_1_48' title="bbox 105 4486 1744 4562; baseline 0.001 -17"><span class='ocrx_word' id='word_1_656' title='bbox 105 4489 147 4545; x_wconf 88' lang='lat' dir='ltr'><strong>eis</strong></span> <span class='ocrx_word' id='word_1_657' title='bbox 159 4493 253 4555; x_wconf 90' lang='lat' dir='ltr'><strong>orant,</strong></span> <span class='ocrx_word' id='word_1_658' title='bbox 269 4488 402 4560; x_wconf 85' lang='lat' dir='ltr'><strong>operibus</strong></span> <span class='ocrx_word' id='word_1_659' title='bbox 422 4503 556 4543; x_wconf 89' lang='lat' dir='ltr'><strong>manuum</strong></span> <span class='ocrx_word' id='word_1_660' title='bbox 579 4503 695 4543; x_wconf 89' lang='lat' dir='ltr'><strong>suarum</strong></span> <span class='ocrx_word' id='word_1_661' title='bbox 720 4487 824 4542; x_wconf 81' lang='lat' dir='ltr'><strong>vivunt.</strong></span> <span class='ocrx_word' id='word_1_662' title='bbox 840 4488 904 4543; x_wconf 81' lang='lat' dir='ltr'><strong>Sive</strong></span> <span class='ocrx_word' id='word_1_663' title='bbox 945 4503 1000 4542; x_wconf 91' lang='lat' dir='ltr'><strong>non</strong></span> <span class='ocrx_word' id='word_1_664' title='bbox 1016 4487 1099 4542; x_wconf 89' lang='lat' dir='ltr'><strong>modo</strong></span> <span class='ocrx_word' id='word_1_665' title='bbox 1113 4503 1164 4558; x_wconf 88' lang='lat' dir='ltr'><strong>pro</strong></span> <span class='ocrx_word' id='word_1_666' title='bbox 1183 4486 1274 4553; x_wconf 86' lang='lat' dir='ltr'><strong>factis,</strong></span> <span class='ocrx_word' id='word_1_667' title='bbox 1290 4503 1387 4542; x_wconf 88' lang='lat' dir='ltr'><strong>verum</strong></span> <span class='ocrx_word' id='word_1_668' title='bbox 1402 4488 1488 4543; x_wconf 88' lang='lat' dir='ltr'><strong>etiam</strong></span> <span class='ocrx_word' id='word_1_669' title='bbox 1503 4505 1553 4560; x_wconf 90' lang='lat' dir='ltr'><strong>pre</strong></span> <span class='ocrx_word' id='word_1_670' title='bbox 1567 4490 1744 4562; x_wconf 87' lang='lat' dir='ltr'><strong>cogitationi·</strong></span> 
     </span>
     <span class='ocr_line' id='line_1_49' title="bbox 105 4574 1594 4651; baseline 0.001 -20"><span class='ocrx_word' id='word_1_671' title='bbox 105 4586 222 4651; x_wconf 82' lang='lat' dir='ltr'><strong>peccota</strong></span> <span class='ocrx_word' id='word_1_672' title='bbox 235 4576 332 4650; x_wconf 89' lang='lat' dir='ltr'><strong>populi</strong></span> <span class='ocrx_word' id='word_1_673' title='bbox 344 4577 504 4632; x_wconf 90' lang='lat' dir='ltr'><strong>sacerdotes</strong></span> <span class='ocrx_word' id='word_1_674' title='bbox 512 4576 673 4644; x_wconf 87' lang='lat' dir='ltr'><strong>comedunt,</strong></span> <span class='ocrx_word' id='word_1_675' title='bbox 683 4575 820 4649; x_wconf 77' lang='lat' dir='ltr'><strong>quiscum</strong></span> <span class='ocrx_word' id='word_1_676' title='bbox 831 4576 904 4633; x_wconf 87' lang='lat' dir='ltr'><strong>male</strong></span> <span class='ocrx_word' id='word_1_677' title='bbox 947 4576 997 4631; x_wconf 89' lang='lat' dir='ltr'><strong>hus</strong></span> <span class='ocrx_word' id='word_1_678' title='bbox 1012 4576 1093 4630; x_wconf 89' lang='lat' dir='ltr'><strong>malis</strong></span> <span class='ocrx_word' id='word_1_679' title='bbox 1109 4574 1209 4630; x_wconf 70' lang='lat' dir='ltr'><strong>debitae</strong></span> <span class='ocrx_word' id='word_1_680' title='bbox 1225 4592 1314 4646; x_wconf 84' lang='lat' dir='ltr'><strong>poenae</strong></span> <span class='ocrx_word' id='word_1_681' title='bbox 1330 4576 1386 4631; x_wconf 88' lang='lat' dir='ltr'><strong>illis</strong></span> <span class='ocrx_word' id='word_1_682' title='bbox 1398 4576 1513 4632; x_wconf 76' lang='lat' dir='ltr'><strong>reddite</strong></span> <span class='ocrx_word' id='word_1_683' title='bbox 1527 4576 1594 4633; x_wconf 84' lang='lat' dir='ltr'><strong>sint.</strong></span> 
     </span>
     <span class='ocr_line' id='line_1_50' title="bbox 105 4661 1741 4739; baseline 0 -17"><span class='ocrx_word' id='word_1_684' title='bbox 105 4668 256 4739; x_wconf 84' lang='lat' dir='ltr'><strong>agentibus</strong></span> <span class='ocrx_word' id='word_1_685' title='bbox 267 4666 429 4732; x_wconf 84' lang='lat' dir='ltr'><strong>adulantur,</strong></span> <span class='ocrx_word' id='word_1_686' title='bbox 442 4682 540 4721; x_wconf 88' lang='lat' dir='ltr'><strong>eorum</strong></span> <span class='ocrx_word' id='word_1_687' title='bbox 550 4671 663 4737; x_wconf 89' lang='lat' dir='ltr'><strong>peccata</strong></span> <span class='ocrx_word' id='word_1_688' title='bbox 679 4665 732 4720; x_wconf 89' lang='lat' dir='ltr'><strong>sibi</strong></span> <span class='ocrx_word' id='word_1_689' title='bbox 744 4671 902 4721; x_wconf 87' lang='lat' dir='ltr'><strong>assumant.</strong></span> <span class='ocrx_word' id='word_1_690' title='bbox 985 4682 997 4715; x_wconf 82' lang='lat' dir='ltr'><strong>r</strong></span> <span class='ocrx_word' id='word_1_691' title='bbox 1019 4663 1054 4716; x_wconf 85' lang='lat' dir='ltr'><strong>Et</strong></span> <span class='ocrx_word' id='word_1_692' title='bbox 1064 4661 1221 4725; x_wconf 90' lang='lat' dir='ltr'><strong>comedent,</strong></span> <span class='ocrx_word' id='word_1_693' title='bbox 1244 4667 1273 4716; x_wconf 91' lang='lat' dir='ltr'><strong>et</strong></span> <span class='ocrx_word' id='word_1_694' title='bbox 1293 4677 1351 4716; x_wconf 91' lang='lat' dir='ltr'><strong>non</strong></span> <span class='ocrx_word' id='word_1_695' title='bbox 1372 4661 1593 4730; x_wconf 86' lang='lat' dir='ltr'><strong>saturabuntur;</strong></span> <span class='ocrx_word' id='word_1_696' title='bbox 1616 4683 1628 4716; x_wconf 90' lang='lat'><strong>»</strong></span> <span class='ocrx_word' id='word_1_697' title='bbox 1645 4665 1741 4735; x_wconf 90' lang='lat' dir='ltr'><strong>idest,</strong></span> 
     </span>
     <span class='ocr_line' id='line_1_51' title="bbox 106 4748 1744 4827; baseline -0.001 -15"><span class='ocrx_word' id='word_1_698' title='bbox 106 4757 162 4822; x_wconf 91' lang='lat' dir='ltr'><strong>Qui</strong></span> <span class='ocrx_word' id='word_1_699' title='bbox 176 4757 252 4812; x_wconf 88' lang='lat' dir='ltr'><strong>enim</strong></span> <span class='ocrx_word' id='word_1_700' title='bbox 268 4754 386 4810; x_wconf 85' lang='lat' dir='ltr'><strong>ulterius</strong></span> <span class='ocrx_word' id='word_1_701' title='bbox 399 4754 521 4827; x_wconf 88' lang='lat' dir='ltr'><strong>peccatis</strong></span> <span class='ocrx_word' id='word_1_702' title='bbox 543 4754 732 4821; x_wconf 86' lang='lat' dir='ltr'><strong>consentiunt,</strong></span> <span class='ocrx_word' id='word_1_703' title='bbox 753 4753 906 4827; x_wconf 82' lang='lat' dir='ltr'><strong>participes</strong></span> <span class='ocrx_word' id='word_1_704' title='bbox 947 4752 1120 4823; x_wconf 86' lang='lat' dir='ltr'><strong>malaopera</strong></span> <span class='ocrx_word' id='word_1_705' title='bbox 1133 4748 1312 4820; x_wconf 83' lang='lat' dir='ltr'><strong>exercebunt,</strong></span> <span class='ocrx_word' id='word_1_706' title='bbox 1327 4755 1356 4804; x_wconf 91' lang='lat' dir='ltr'><strong>et</strong></span> <span class='ocrx_word' id='word_1_707' title='bbox 1373 4766 1430 4805; x_wconf 93' lang='lat' dir='ltr'><strong>non</strong></span> <span class='ocrx_word' id='word_1_708' title='bbox 1444 4750 1638 4822; x_wconf 90' lang='lat' dir='ltr'><strong>implebuntur</strong></span> <span class='ocrx_word' id='word_1_709' title='bbox 1653 4771 1659 4807; x_wconf 93' lang='lat'>:</span> <span class='ocrx_word' id='word_1_710' title='bbox 1675 4754 1744 4827; x_wconf 87' lang='lat' dir='ltr'><strong>quia</strong></span> 
     </span>
     <span class='ocr_line' id='line_1_52' title="bbox 105 4838 1742 4917; baseline -0.001 -15"><span class='ocrx_word' id='word_1_711' title='bbox 105 4846 269 4902; x_wconf 87' lang='lat' dir='ltr'><strong>corumdem</strong></span> <span class='ocrx_word' id='word_1_712' title='bbox 279 4845 474 4917; x_wconf 87' lang='lat' dir='ltr'><strong>peccaminum</strong></span> <span class='ocrx_word' id='word_1_713' title='bbox 485 4844 566 4911; x_wconf 87' lang='lat' dir='ltr'><strong>frunt;</strong></span> <span class='ocrx_word' id='word_1_714' title='bbox 576 4843 707 4914; x_wconf 85' lang='lat' dir='ltr'><strong>quoniam</strong></span> <span class='ocrx_word' id='word_1_715' title='bbox 716 4860 780 4899; x_wconf 91' lang='lat' dir='ltr'><strong>cum</strong></span> <span class='ocrx_word' id='word_1_716' title='bbox 790 4860 907 4916; x_wconf 89' lang='lat' dir='ltr'><strong>eospec·</strong></span> <span class='ocrx_word' id='word_1_717' title='bbox 946 4840 1081 4895; x_wconf 82' lang='lat' dir='ltr'><strong>lrrxuriosi</strong></span> <span class='ocrx_word' id='word_1_718' title='bbox 1096 4846 1125 4895; x_wconf 90' lang='lat' dir='ltr'><strong>et</strong></span> <span class='ocrx_word' id='word_1_719' title='bbox 1137 4840 1215 4895; x_wconf 86' lang='lat' dir='ltr'><strong>avari</strong></span> <span class='ocrx_word' id='word_1_720' title='bbox 1228 4855 1373 4911; x_wconf 88' lang='lat' dir='ltr'><strong>nunquam</strong></span> <span class='ocrx_word' id='word_1_721' title='bbox 1387 4838 1496 4893; x_wconf 89' lang='lat' dir='ltr'><strong>malitia</strong></span> <span class='ocrx_word' id='word_1_722' title='bbox 1505 4856 1555 4895; x_wconf 90' lang='lat' dir='ltr'><strong>sua</strong></span> <span class='ocrx_word' id='word_1_723' title='bbox 1570 4843 1742 4901; x_wconf 85' lang='lat' dir='ltr'><strong>saturabun-</strong></span> 
     </span>
     <span class='ocr_line' id='line_1_53' title="bbox 105 4926 1742 5006; baseline 0.001 -16"><span class='ocrx_word' id='word_1_724' title='bbox 105 4951 170 4989; x_wconf 84' lang='lat' dir='ltr'><strong>care</strong></span> <span class='ocrx_word' id='word_1_725' title='bbox 178 4933 384 5006; x_wconf 87' lang='lat' dir='ltr'><strong>conspexerint,</strong></span> <span class='ocrx_word' id='word_1_726' title='bbox 393 4949 451 4987; x_wconf 86' lang='lat' dir='ltr'><strong>non</strong></span> <span class='ocrx_word' id='word_1_727' title='bbox 460 4933 551 4987; x_wconf 89' lang='lat' dir='ltr'><strong>solum</strong></span> <span class='ocrx_word' id='word_1_728' title='bbox 561 4947 618 4986; x_wconf 90' lang='lat' dir='ltr'><strong>non</strong></span> <span class='ocrx_word' id='word_1_729' title='bbox 633 4938 767 5002; x_wconf 86' lang='lat' dir='ltr'><strong>arguunt.</strong></span> <span class='ocrx_word' id='word_1_730' title='bbox 782 4932 832 4987; x_wconf 90' lang='lat' dir='ltr'><strong>sed</strong></span> <span class='ocrx_word' id='word_1_731' title='bbox 846 4933 905 4989; x_wconf 91' lang='lat' dir='ltr'><strong>lau·</strong></span> <span class='ocrx_word' id='word_1_732' title='bbox 945 4936 1001 4986; x_wconf 91' lang='lat' dir='ltr'><strong>tur.</strong></span> <span class='ocrx_word' id='word_1_733' title='bbox 1017 4929 1180 4985; x_wconf 85' lang='lat' dir='ltr'><strong>Econtrario</strong></span> <span class='ocrx_word' id='word_1_734' title='bbox 1194 4933 1288 4983; x_wconf 87' lang='lat' dir='ltr'><strong>autem</strong></span> <span class='ocrx_word' id='word_1_735' title='bbox 1305 4945 1311 4981; x_wconf 92' lang='lat'><strong>:</strong></span> <span class='ocrx_word' id='word_1_736' title='bbox 1331 4946 1344 4980; x_wconf 84' lang='lat' dir='ltr'><strong>r</strong></span> <span class='ocrx_word' id='word_1_737' title='bbox 1366 4926 1448 4982; x_wconf 87' lang='lat' dir='ltr'><strong>Deati</strong></span> <span class='ocrx_word' id='word_1_738' title='bbox 1460 4928 1509 5000; x_wconf 92' lang='lat' dir='ltr'><strong>qui</strong></span> <span class='ocrx_word' id='word_1_739' title='bbox 1523 4931 1652 4989; x_wconf 86' lang='lat' dir='ltr'><strong>esuriunt</strong></span> <span class='ocrx_word' id='word_1_740' title='bbox 1663 4935 1742 4990; x_wconf 88' lang='lat' dir='ltr'><strong>etsi·</strong></span> 
     </span>
     <span class='ocr_line' id='line_1_54' title="bbox 104 5016 1743 5096; baseline 0.001 -17"><span class='ocrx_word' id='word_1_741' title='bbox 104 5024 187 5079; x_wconf 84' lang='lat' dir='ltr'><strong>dibus</strong></span> <span class='ocrx_word' id='word_1_742' title='bbox 193 5028 341 5096; x_wconf 86' lang='lat' dir='ltr'><strong>peccantes</strong></span> <span class='ocrx_word' id='word_1_743' title='bbox 350 5021 494 5076; x_wconf 86' lang='lat' dir='ltr'><strong>attollunt.</strong></span> <span class='ocrx_word' id='word_1_744' title='bbox 504 5020 584 5075; x_wconf 92' lang='lat' dir='ltr'><strong>Unde</strong></span> <span class='ocrx_word' id='word_1_745' title='bbox 593 5019 724 5075; x_wconf 91' lang='lat' dir='ltr'><strong>subditur</strong></span> <span class='ocrx_word' id='word_1_746' title='bbox 733 5040 757 5076; x_wconf 79' lang='lat' dir='ltr'><strong>:e</strong></span> <span class='ocrx_word' id='word_1_747' title='bbox 767 5026 795 5076; x_wconf 94' lang='lat' dir='ltr'><strong>et</strong></span> <span class='ocrx_word' id='word_1_748' title='bbox 804 5021 840 5076; x_wconf 86' lang='lat' dir='ltr'><strong>ud</strong></span> <span class='ocrx_word' id='word_1_749' title='bbox 848 5020 903 5076; x_wconf 88' lang='lat' dir='ltr'><strong>ini·</strong></span> <span class='ocrx_word' id='word_1_750' title='bbox 943 5020 1018 5075; x_wconf 90' lang='lat' dir='ltr'><strong>tiunt</strong></span> <span class='ocrx_word' id='word_1_751' title='bbox 1025 5019 1176 5089; x_wconf 83' lang='lat' dir='ltr'><strong>justitiam,</strong></span> <span class='ocrx_word' id='word_1_752' title='bbox 1188 5017 1320 5089; x_wconf 87' lang='lat' dir='ltr'><strong>quoniam</strong></span> <span class='ocrx_word' id='word_1_753' title='bbox 1332 5016 1385 5088; x_wconf 91' lang='lat' dir='ltr'><strong>ipsi</strong></span> <span class='ocrx_word' id='word_1_754' title='bbox 1395 5017 1608 5076; x_wconf 87' lang='lat' dir='ltr'><strong>saturabuntur.</strong></span> <span class='ocrx_word' id='word_1_755' title='bbox 1622 5023 1682 5078; x_wconf 87' lang='lat' dir='ltr'><strong>»illi</strong></span> <span class='ocrx_word' id='word_1_756' title='bbox 1692 5025 1743 5081; x_wconf 88' lang='lat' dir='ltr'><strong>sci·</strong></span> 
     </span>
     <span class='ocr_line' id='line_1_55' title="bbox 105 5106 1739 5184; baseline -0.001 -16"><span class='ocrx_word' id='word_1_757' title='bbox 105 5113 243 5184; x_wconf 86' lang='lat' dir='ltr'><strong>quitatem</strong></span> <span class='ocrx_word' id='word_1_758' title='bbox 257 5128 356 5167; x_wconf 89' lang='lat' dir='ltr'><strong>eorum</strong></span> <span class='ocrx_word' id='word_1_759' title='bbox 371 5109 556 5165; x_wconf 78' lang='lat' dir='ltr'><strong>sublevabunt</strong></span> <span class='ocrx_word' id='word_1_760' title='bbox 569 5108 679 5165; x_wconf 88' lang='lat' dir='ltr'><strong>animas</strong></span> <span class='ocrx_word' id='word_1_761' title='bbox 688 5126 796 5165; x_wconf 81' lang='lat' dir='ltr'><strong>corun».</strong></span> <span class='ocrx_word' id='word_1_762' title='bbox 809 5111 902 5166; x_wconf 88' lang='lat' dir='ltr'><strong>»Dum</strong></span> <span class='ocrx_word' id='word_1_763' title='bbox 944 5109 1011 5163; x_wconf 91' lang='lat' dir='ltr'><strong>licet</strong></span> <span class='ocrx_word' id='word_1_764' title='bbox 1024 5108 1060 5163; x_wconf 91' lang='lat' dir='ltr'><strong>de</strong></span> <span class='ocrx_word' id='word_1_765' title='bbox 1074 5106 1175 5179; x_wconf 91' lang='lat' dir='ltr'><strong>quibus</strong></span> <span class='ocrx_word' id='word_1_766' title='bbox 1190 5107 1332 5177; x_wconf 87' lang='lat' dir='ltr'><strong>Propheta</strong></span> <span class='ocrx_word' id='word_1_767' title='bbox 1345 5106 1413 5161; x_wconf 87' lang='lat' dir='ltr'><strong>dicit</strong></span> <span class='ocrx_word' id='word_1_768' title='bbox 1427 5125 1433 5162; x_wconf 75' lang='grc' dir='ltr'><strong><em>ι</em></strong></span> <span class='ocrx_word' id='word_1_769' title='bbox 1449 5127 1460 5160; x_wconf 86' lang='lat' dir='ltr'><strong>r</strong></span> <span class='ocrx_word' id='word_1_770' title='bbox 1483 5109 1574 5165; x_wconf 88' lang='lat' dir='ltr'><strong>Edent</strong></span> <span class='ocrx_word' id='word_1_771' title='bbox 1591 5128 1739 5184; x_wconf 84' lang='lat' dir='ltr'><strong>pauperes,</strong></span> 
     </span>
     <span class='ocr_line' id='line_1_56' title="bbox 104 5194 1743 5275; baseline 0.001 -19"><span class='ocrx_word' id='word_1_772' title='bbox 104 5203 145 5256; x_wconf 93' lang='lat' dir='ltr'><strong>illi</strong></span> <span class='ocrx_word' id='word_1_773' title='bbox 173 5201 297 5275; x_wconf 82' lang='lat' dir='ltr'><strong>peccatis</strong></span> <span class='ocrx_word' id='word_1_774' title='bbox 325 5199 508 5260; x_wconf 86' lang='lat' dir='ltr'><strong>deservirent,</strong></span> <span class='ocrx_word' id='word_1_775' title='bbox 534 5198 695 5254; x_wconf 87' lang='lat' dir='ltr'><strong>sacerdotes</strong></span> <span class='ocrx_word' id='word_1_776' title='bbox 721 5198 904 5255; x_wconf 83' lang='lat' dir='ltr'><strong>sublevabant</strong></span> <span class='ocrx_word' id='word_1_777' title='bbox 944 5202 974 5253; x_wconf 90' lang='lat' dir='ltr'><strong>et</strong></span> <span class='ocrx_word' id='word_1_778' title='bbox 985 5196 1197 5253; x_wconf 88' lang='lat' dir='ltr'><strong>saturabuntur.</strong></span> <span class='ocrx_word' id='word_1_779' title='bbox 1214 5214 1225 5246; x_wconf 74' lang='lat' dir='ltr'><strong>a</strong></span> <span class='ocrx_word' id='word_1_780' title='bbox 1242 5194 1322 5250; x_wconf 91' lang='lat' dir='ltr'><strong>Sicut</strong></span> <span class='ocrx_word' id='word_1_781' title='bbox 1344 5198 1419 5252; x_wconf 88' lang='lat' dir='ltr'><strong>enin»</strong></span> <span class='ocrx_word' id='word_1_782' title='bbox 1438 5197 1551 5268; x_wconf 88' lang='lat' dir='ltr'><strong>justitia</strong></span> <span class='ocrx_word' id='word_1_783' title='bbox 1565 5205 1685 5267; x_wconf 83' lang='lat' dir='ltr'><strong>saturat,</strong></span> <span class='ocrx_word' id='word_1_784' title='bbox 1702 5201 1743 5258; x_wconf 88' lang='lat' dir='ltr'><strong>sic</strong></span> 
     </span>
     <span class='ocr_line' id='line_1_57' title="bbox 104 5284 1743 5359; baseline 0.001 -13"><span class='ocrx_word' id='word_1_785' title='bbox 104 5293 215 5346; x_wconf 82' lang='lat' dir='ltr'><strong>aninras</strong></span> <span class='ocrx_word' id='word_1_786' title='bbox 223 5289 464 5355; x_wconf 89' lang='lat' dir='ltr'><strong>eorum,dicentes</strong></span> <span class='ocrx_word' id='word_1_787' title='bbox 476 5288 630 5353; x_wconf 86' lang='lat' dir='ltr'><strong>:Quoniam</strong></span> <span class='ocrx_word' id='word_1_788' title='bbox 639 5289 759 5359; x_wconf 89' lang='lat' dir='ltr'><strong>populus</strong></span> <span class='ocrx_word' id='word_1_789' title='bbox 768 5289 818 5343; x_wconf 89' lang='lat' dir='ltr'><strong>Dei</strong></span> <span class='ocrx_word' id='word_1_790' title='bbox 824 5288 902 5356; x_wconf 87' lang='lat' dir='ltr'><strong>estis,</strong></span> <span class='ocrx_word' id='word_1_791' title='bbox 944 5286 1079 5359; x_wconf 85' lang='lat' dir='ltr'><strong>iniquitas</strong></span> <span class='ocrx_word' id='word_1_792' title='bbox 1088 5284 1275 5340; x_wconf 89' lang='lat' dir='ltr'><strong>substantiam</strong></span> <span class='ocrx_word' id='word_1_793' title='bbox 1285 5302 1341 5342; x_wconf 91' lang='lat' dir='ltr'><strong>non</strong></span> <span class='ocrx_word' id='word_1_794' title='bbox 1354 5286 1469 5346; x_wconf 89' lang='lat' dir='ltr'><strong>habens,</strong></span> <span class='ocrx_word' id='word_1_795' title='bbox 1480 5303 1552 5342; x_wconf 77' lang='lat' dir='ltr'><strong>vanu</strong></span> <span class='ocrx_word' id='word_1_796' title='bbox 1562 5290 1743 5348; x_wconf 82' lang='lat' dir='ltr'><strong>comedentes</strong></span> 
     </span>
     <span class='ocr_line' id='line_1_58' title="bbox 104 5373 1741 5452; baseline 0 -16"><span class='ocrx_word' id='word_1_797' title='bbox 104 5397 137 5437; x_wconf 80' lang='lat' dir='ltr'><strong>es</strong></span> <span class='ocrx_word' id='word_1_798' title='bbox 147 5395 253 5452; x_wconf 85' lang='lat' dir='ltr'><strong>genere</strong></span> <span class='ocrx_word' id='word_1_799' title='bbox 260 5376 403 5433; x_wconf 80' lang='lat' dir='ltr'><strong>Abrabam</strong></span> <span class='ocrx_word' id='word_1_800' title='bbox 414 5376 607 5443; x_wconf 85' lang='lat' dir='ltr'><strong>descendistis,</strong></span> <span class='ocrx_word' id='word_1_801' title='bbox 618 5383 734 5447; x_wconf 88' lang='lat' dir='ltr'><strong>propter</strong></span> <span class='ocrx_word' id='word_1_802' title='bbox 745 5375 821 5431; x_wconf 89' lang='lat' dir='ltr'><strong>illius</strong></span> <span class='ocrx_word' id='word_1_803' title='bbox 831 5376 901 5432; x_wconf 79' lang='lat' dir='ltr'><strong>acui·</strong></span> <span class='ocrx_word' id='word_1_804' title='bbox 944 5375 1041 5431; x_wconf 89' lang='lat' dir='ltr'><strong>fraude</strong></span> <span class='ocrx_word' id='word_1_805' title='bbox 1055 5373 1176 5439; x_wconf 91' lang='lat' dir='ltr'><strong>deludit,</strong></span> <span class='ocrx_word' id='word_1_806' title='bbox 1192 5380 1221 5429; x_wconf 90' lang='lat' dir='ltr'><strong>et</strong></span> <span class='ocrx_word' id='word_1_807' title='bbox 1234 5382 1330 5430; x_wconf 89' lang='lat' dir='ltr'><strong>uteros</strong></span> <span class='ocrx_word' id='word_1_808' title='bbox 1343 5375 1538 5430; x_wconf 80' lang='lat' dir='ltr'><strong>decorantium</strong></span> <span class='ocrx_word' id='word_1_809' title='bbox 1550 5380 1741 5437; x_wconf 88' lang='lat' dir='ltr'><strong>vacuosdcre·</strong></span> 
     </span>
     <span class='ocr_line' id='line_1_59' title="bbox 104 5464 1740 5543; baseline -0.002 -17"><span class='ocrx_word' id='word_1_810' title='bbox 104 5470 201 5526; x_wconf 83' lang='lat' dir='ltr'><strong>citiam</strong></span> <span class='ocrx_word' id='word_1_811' title='bbox 216 5471 316 5541; x_wconf 82' lang='lat' dir='ltr'><strong>parcet</strong></span> <span class='ocrx_word' id='word_1_812' title='bbox 328 5465 407 5521; x_wconf 83' lang='lat' dir='ltr'><strong>robis</strong></span> <span class='ocrx_word' id='word_1_813' title='bbox 421 5465 506 5531; x_wconf 87' lang='lat' dir='ltr'><strong>Deus,</strong></span> <span class='ocrx_word' id='word_1_814' title='bbox 527 5466 551 5522; x_wconf 86' lang='lat' dir='ltr'><strong>ci</strong></span> <span class='ocrx_word' id='word_1_815' title='bbox 572 5465 754 5543; x_wconf 81' lang='lat' dir='ltr'><strong>peccaveritis</strong></span> <span class='ocrx_word' id='word_1_816' title='bbox 775 5465 810 5521; x_wconf 90' lang='lat' dir='ltr'><strong>ei.</strong></span> <span class='ocrx_word' id='word_1_817' title='bbox 827 5466 903 5532; x_wconf 87' lang='lat' dir='ltr'><strong>Quo·</strong></span> <span class='ocrx_word' id='word_1_818' title='bbox 945 5465 1057 5536; x_wconf 89' lang='lat' dir='ltr'><strong>linquit,</strong></span> <span class='ocrx_word' id='word_1_819' title='bbox 1066 5464 1094 5518; x_wconf 92' lang='lat' dir='ltr'><strong>id</strong></span> <span class='ocrx_word' id='word_1_820' title='bbox 1105 5468 1148 5519; x_wconf 87' lang='lat' dir='ltr'><strong>est</strong></span> <span class='ocrx_word' id='word_1_821' title='bbox 1157 5480 1257 5520; x_wconf 87' lang='lat' dir='ltr'><strong>sensus</strong></span> <span class='ocrx_word' id='word_1_822' title='bbox 1267 5482 1290 5517; x_wconf 73' lang='lat' dir='ltr'><strong>:a</strong></span> <span class='ocrx_word' id='word_1_823' title='bbox 1304 5464 1445 5519; x_wconf 88' lang='lat' dir='ltr'><strong>Fornicati</strong></span> <span class='ocrx_word' id='word_1_824' title='bbox 1460 5469 1639 5529; x_wconf 89' lang='lat' dir='ltr'><strong>sunt,ctnon</strong></span> <span class='ocrx_word' id='word_1_825' title='bbox 1650 5484 1740 5524; x_wconf 86' lang='lat' dir='ltr'><strong>cessa·</strong></span> 
     </span>
     <span class='ocr_line' id='line_1_60' title="bbox 103 5551 1743 5631; baseline -0.002 -14"><span class='ocrx_word' id='word_1_826' title='bbox 103 5577 167 5617; x_wconf 80' lang='lat' dir='ltr'><strong>nrm</strong></span> <span class='ocrx_word' id='word_1_827' title='bbox 176 5556 272 5615; x_wconf 77' lang='lat' dir='ltr'><strong>verbis</strong></span> <span class='ocrx_word' id='word_1_828' title='bbox 281 5555 450 5630; x_wconf 83' lang='lat' dir='ltr'><strong>accipientes</strong></span> <span class='ocrx_word' id='word_1_829' title='bbox 459 5555 500 5611; x_wconf 93' lang='lat' dir='ltr'><strong>illi</strong></span> <span class='ocrx_word' id='word_1_830' title='bbox 511 5555 653 5625; x_wconf 87' lang='lat' dir='ltr'><strong>fiduciam,</strong></span> <span class='ocrx_word' id='word_1_831' title='bbox 665 5555 799 5613; x_wconf 85' lang='lat' dir='ltr'><strong>audacter</strong></span> <span class='ocrx_word' id='word_1_832' title='bbox 807 5572 904 5631; x_wconf 86' lang='lat' dir='ltr'><strong>pecca·</strong></span> <span class='ocrx_word' id='word_1_833' title='bbox 945 5559 1076 5611; x_wconf 83' lang='lat' dir='ltr'><strong>rerunt.»</strong></span> <span class='ocrx_word' id='word_1_834' title='bbox 1090 5551 1265 5610; x_wconf 82' lang='lat' dir='ltr'><strong>subauditur</strong></span> <span class='ocrx_word' id='word_1_835' title='bbox 1275 5553 1416 5622; x_wconf 87' lang='lat' dir='ltr'><strong>fornicari,</strong></span> <span class='ocrx_word' id='word_1_836' title='bbox 1430 5553 1496 5626; x_wconf 89' lang='lat' dir='ltr'><strong>quia</strong></span> <span class='ocrx_word' id='word_1_837' title='bbox 1510 5560 1587 5610; x_wconf 82' lang='lat' dir='ltr'><strong>utres</strong></span> <span class='ocrx_word' id='word_1_838' title='bbox 1600 5571 1743 5627; x_wconf 68' lang='lat' dir='ltr'><strong>permemo-</strong></span> 
     </span>
    </p>
   </div>
   <div class='ocr_carea' id='block_1_5' title="bbox 0 0 1914 6101">
    <p class='ocr_par' dir='ltr' id='par_1_6' title="bbox 0 0 1914 6101">
     <span class='ocr_line' id='line_1_61' title="bbox 0 0 1914 6101; baseline 0 0"><span class='ocrx_word' id='word_1_839' title='bbox 0 0 1914 6101; x_wconf 95' lang='lat' dir='ltr'><strong> </strong></span> 
     </span>
    </p>
   </div>
  </div>
 </body>
</html>
