3818 6104
60 248 145 319 rava
309 242 312 248 ’
514 236 1037 315 rxrosrnomlroelnrrsm.
1056 285 1087 298 -
1103 250 1173 313 Lm.
1191 240 1277 312 vlt·
1634 248 1724 337 vall„

60 402 139 459 aqvae
149 384 289 452 vitraico
297 399 371 447 nunc
380 377 467 447 etiam
475 376 639 458 designatur
645 402 696 458 per
704 380 815 456 lignum
823 386 888 445 exA
898 388 994 438 autem
1006 396 1112 447 amore.
1127 380 1186 439 Hae
1195 378 1330 450 servitute
1342 383 1469 447 servium
1482 383 1566 445 oleati
1576 386 1624 443 isio
1643 393 1705 451 am.-

60 480 182 546 utraque
192 479 270 545 parte
281 472 407 534 namins
416 473 550 544 positum,
563 475 591 530 id
607 480 649 533 est
660 475 858 545 contemplatio
899 471 1037 543 nipotenti
1047 470 1116 536 Deo,
1124 476 1311 544 praecaventes
1317 472 1557 538 omuino,neeum
1567 475 1597 531 in
1608 477 1713 551 aliqua-

61 569 164 619 sanetae
173 562 330 629 Trinitatis,
337 578 399 632 quac
406 562 561 632 angelicam
571 563 656 619 simul
666 568 695 619 et
705 563 858 619 humanam
900 562 1042 619 ollendant
1055 569 1179 634 peccato.
1191 559 1234 616 lbi
1250 567 1345 621 autem
1358 564 1480 621 servient
1493 562 1544 631 ill,
1559 566 1704 624 laudanda

62 657 194 711 naturam
207 651 272 707 hinc
285 651 348 707 inde
365 652 461 717 satiat,
471 651 588 723 ipsaque
602 652 716 707 visionis
728 652 805 724 potio
820 651 860 712 ita
900 656 929 705 et
941 650 1226 720 glorificandoillum,
1234 651 1315 721 juxta
1325 650 1396 713 illud
1411 654 1505 707 :Beati
1518 657 1567 723 qai
1575 655 1704 713 habitant

62 745 105 796 est
111 739 320 804 multimodam
327 739 463 810 quidquid
471 739 786 811 cuiquamindesiderio
792 746 859 804 tunc
900 741 932 792 in
946 740 1025 792 dovrae
1041 745 1090 793 tce
1101 742 1186 809 (Paul,
1199 743 1322 808 casnm).

62 827 177 893 venerit,
187 828 247 882 haec
256 825 430 883 eademvisio
438 828 495 891 liat,
506 829 617 900 quando
627 829 699 887 sicut
707 828 859 899 Apostolus
935 825 1113 882 dividebant
1129 830 1231 896 scriem
1247 832 1315 898 ejus.
1332 818 1365 883 Id
1380 834 1423 885 est
1437 816 1592 901 perfectam
1609 818 1708 905 cognii

61 917 145 974 dicit:
157 914 859 986 eritDecsomnicinomnidnstldor.xvi-Sedasa
899 914 1005 969 tionem
1030 914 1091 986 ejus
1115 909 1270 983 habebant.¹
1284 914 1383 989 Neque
1399 918 1473 977 enim
1488 919 1634 989 pueriliter
1651 920 1702 983 hcc

60 1006 173 1070 mirum
183 1021 247 1061 cum
257 1009 286 1063 et
296 1003 388 1074 ipsum
401 1020 507 1062 manna
520 1005 584 1061 tiliis
597 1005 685 1067 lsrael
694 1002 728 1067 de
738 1004 807 1059 coelo
818 1010 859 1059 at·
900 1001 1114 1074 intelligendum
1128 1012 1224 1072 estut¹
1230 1011 1364 1079 putemus
1372 1007 1463 1071 Deum
1472 1007 1576 1067 hahere
1588 1008 1703 1076 faeiem,

60 1093 208 1158 tributum,
227 1109 278 1164 per
292 1092 366 1163 quod
387 1099 493 1148 aeterna
512 1094 627 1151 satietas
642 1095 790 1164 figuratur,
807 1092 858 1147 hoc
900 1109 961 1162 qum
974 1093 1119 1164 corporeis
1133 1090 1221 1148 oeulis
1235 1095 1325 1165 possit
1339 1094 1436 1162 videri,
1448 1097 1498 1154 sed
1510 1097 1577 1168 quia
1589 1097 1618 1152 iu
1632 1084 1716 1155 sacis

60 1182 214 1238 secundum
226 1181 376 1252 Scripturas
387 1181 556 1242 sententiam
568 1181 719 1252 unicuique
734 1182 861 1253 sapuerit
900 1180 1022 1247 hominis
1031 1181 1154 1252 cognitio
1165 1189 1217 1249 est,
1228 1181 1291 1237 ideo
1301 1183 1345 1238 hic
1356 1201 1406 1255 per
1416 1176 1515 1241 faciem
1528 1201 1611 1255 quam
1623 1185 1705 1241 electi

60 1271 91 1325 in
105 1286 164 1339 ore,
181 1286 235 1340 quo
253 1269 351 1323 fuisset
364 1269 527 1328 delectatus.
546 1271 601 1325 Per
615 1287 737 1337 menses,
758 1270 859 1342 quibus
900 1265 994 1334 videre
1009 1270 1150 1336 dicuntur,
1176 1270 1247 1324 nihil
1265 1272 1341 1326 aliud
1356 1289 1441 1342 quara
1462 1273 1586 1343 cognitio
1599 1279 1703 1330 sanotae

59 1359 153 1429 ipsum
168 1357 275 1428 lignum
285 1356 392 1411 fructus
402 1357 495 1424 affert,
509 1357 655 1416 aeternitas
670 1354 857 1429 intelligitur:
902 1355 1047 1412 Trinitatis
1070 1357 1253 1429 intelligetur,
1275 1356 1347 1413 Hinc
1365 1361 1557 1431 scriptumest
1572 1377 1577 1410 :
1594 1362 1706 1423 Scimus

60 1448 115 1503 Per
128 1463 227 1512 annos,
248 1450 288 1511 ut,
303 1448 397 1500 annai
413 1449 456 1500 tei
476 1461 532 1500 non
553 1448 678 1512 deficient
695 1447 779 1517 (Psoi.
797 1453 859 1515 erl:
903 1448 1335 1515 qniaearnrepraesentandos
1346 1442 1707 1517 eierr'mes,qaonianeeide*-

61 1553 111 1607 per
125 1551 235 1591 menses
255 1550 331 1600 vero,
352 1538 385 1591 ut
407 1540 450 1589 est
474 1533 545 1591 illud
566 1530 647 1593 Isaiae
663 1538 694 1603 to.
715 1539 811 1604 axsrl:
828 1534 862 1599 Et
904 1535 1071 1587 hirneseurn
1086 1535 1407 1606 aientievt(ldoen..111).
1423 1538 1520 1601 Talem
1536 1538 1611 1603 enim
1626 1540 1704 1599 vide-

61 1628 114 1679 aril
127 1626 229 1680 ‘iriensis
247 1639 279 1677 ec
293 1638 384 1677 necnee
400 1641 408 1675 :
424 1639 475 1694 per
488 1621 575 1688 diem,
590 1631 622 1678 ut
639 1629 681 1679 est
699 1620 769 1677 illud
788 1642 794 1678 :
811 1621 862 1679 Me·
902 1620 974 1675 bunt
990 1621 1079 1676 sancti
1096 1621 1196 1691 Deum,
1216 1618 1328 1695 qualem
1353 1642 1428 1683 nunc
1442 1626 1535 1697 angeli
1549 1626 1655 1696 vident,
1671 1626 1707 1689 de

63 1716 116 1767 lior
132 1718 170 1766 est
192 1712 248 1766 dies
270 1727 328 1765 une
344 1714 376 1767 in
398 1714 481 1767 atriis
500 1715 555 1767 teis
574 1715 764 1780 superindita
778 1691 1005 1782 (Psanquibus
1020 1709 1156 1765 Dominus
1170 1710 1255 1765 dicit:
1269 1714 1474 1782 Anpelieornem
1493 1732 1598 1785 serrvper
1612 1701 1718 1783 videm

62 1801 193 1869 cumn);
214 1806 243 1855 et
264 1800 367 1854 iterum
385 1818 391 1853 :
411 1800 593 1854 Ordinatione
616 1805 665 1854 tua
686 1805 861 1869 perseverant
902 1796 1002 1866 sdeiern
1018 1799 1112 1854 Patris
1127 1803 1182 1854 mei
1194 1803 1286 1870 quiin
1300 1805 1372 1855 celis
1387 1808 1424 1858 est
1436 1803 1541 1869 (illeille.
1559 1803 1651 1874 avril),
1665 1805 1708 1863 Da
1769 1828 1773 1833 ²

62 1892 118 1944 dies
132 1889 216 1959 (Psoi.
229 1890 333 1957 exam).
357 1888 477 1958 Lignum
493 1904 559 1958 ergo
574 1888 637 1943 vitae
651 1905 702 1960 per
714 1886 861 1943 duodecim
903 1887 954 1941 hac
967 1892 1061 1943 autem
1077 1887 1182 1943 visione
1192 1890 1332 1960 quomodo
1342 1891 1447 1945 seilicet
1460 1892 1497 1945 sit
1510 1892 1715 1965 intelligenda,¹

62 1995 173 2033 menses
186 1976 293 2031 fructus
309 1975 412 2043 reddit,
427 1976 495 2046 quia
508 1977 569 2048 ipsa
584 1993 691 2032 merces
710 1977 799 2033 beatu
811 1978 862 2030 im·
902 1976 971 2031 satis
989 1976 1182 2049 supradictum
1199 1982 1251 2032 est.
1264 1978 1299 2033 Et
1314 1977 1413 2033 beatus
1423 1979 1579 2046 Ansbertus
1589 1980 1707 2050 Ambra:

63 2065 252 2128 mortalitatis,
277 2081 337 2135 quae
358 2080 408 2135 per
428 2065 537 2119 fructus
559 2064 734 2135 designatur,
751 2082 862 2136 quaque
903 2063 1054 2130 sins,dicta
1065 2066 1185 2121 aliorum
1196 2066 1342 2121 doctorum
1355 2084 1486 2139 sequens,
1496 2069 1589 2140 plura,
1601 2068 1713 2140 inquit,

63 2154 145 2208 electi
169 2154 360 2225 perfruuntur,
386 2153 494 2208 nullum
519 2153 673 2208 terminum
701 2154 796 2220 habet,
813 2150 862 2209 sed
903 2153 1067 2223 loquuntur,
1075 2155 1278 2225 patefacientes
1288 2156 1383 2210 oeulos
1394 2156 1505 2225 mentis,
1516 2148 1715 2234 Deinaturam‘

63 2243 124 2296 sine
139 2244 195 2297 fine
219 2248 323 2297 manet.
342 2241 461 2310 Sinpela
477 2244 556 2309 lipna
569 2244 714 2298 reddentia
735 2245 861 2311 sructura
903 2259 964 2296 esse
979 2243 1234 2314 contemplandam,
1251 2243 1324 2298 sicut
1338 2251 1366 2298 et
1389 2245 1511 2301 charitas
1534 2246 1653 2308 videtur.
1676 2235 1715 2308 Si'

65 2348 159 2387 seem,
173 2332 205 2387 ln
214 2332 266 2387 hoc
275 2331 398 2389 fructum
409 2347 492 2387 suum
502 2329 632 2394 reddent,
646 2331 779 2402 quoniam
791 2348 863 2387 mer·
903 2329 979 2384 enim
988 2330 1106 2385 exterior
1115 2330 1199 2385 homo
1210 2338 1306 2387 noster
1315 2324 1409 2387 videre
1421 2334 1519 2406 nequit
1529 2334 1705 2405 interiorem,

66 2420 160 2474 cedem
173 2436 290 2493 operum
305 2436 421 2474 suorum
434 2420 600 2490 percipient.
615 2421 648 2474 Et
660 2421 730 2487 solia
744 2423 816 2488 tipni
826 2421 863 2474 ad
904 2418 1009 2489 quanto
1024 2419 1114 2490 magis
1133 2418 1224 2475 Deum
1238 2422 1399 2493 conspicere
1418 2423 1526 2495 nequit,
1544 2408 1705 2496 quintiano

66 2511 213 2563 sanitatem
224 2512 360 2576 peritiam.
374 2508 454 2562 Folia
465 2508 546 2578 ligni,
556 2508 654 2563 laudes
668 2507 864 2578 intelliguntur
905 2504 994 2561 inulto
1010 2517 1054 2561 est
1067 2506 1197 2563 subtilior
1211 2509 1306 2564 anima
1329 2512 1448 2565 nostru?
1467 2510 1609 2580 Videbunt
1624 2510 1706 2575 illum

66 2602 239 2666 sanctorum,
250 2597 284 2652 de
295 2596 555 2668 quibusPsalrnista
568 2617 573 2649 :
588 2599 663 2652 Beati
675 2600 725 2664 qui
737 2598 864 2651 trahitant
905 2596 1001 2666 itaque
1016 2601 1120 2659 mente,
1135 2597 1164 2652 id
1179 2605 1221 2652 est
1235 2602 1385 2669 pertentans
1398 2600 1458 2672 ejus
1472 2600 1514 2667 (ut
1529 2601 1634 2656 dictum
1650 2605 1706 2671 est)

63 2690 97 2739 in
111 2688 189 2739 (lerna
204 2692 253 2739 tac
267 2688 349 2753 (rrae.
373 2688 497 2752 rnxrlu).
512 2685 579 2751 Qum
594 2685 692 2741 laudes
706 2686 739 2740 ad
758 2683 864 2739 sanita·
906 2683 1049 2764 lrabebunt
1059 2685 1258 2756 cognitionem,
1272 2694 1302 2744 ut
1317 2688 1467 2761 impleatur
1481 2690 1555 2762 quod
1569 2688 1707 2750 Dominus

64 2779 121 2826 tem
132 2773 258 2842 gentium
273 2773 430 2843 proficient,
441 2790 505 2828 euna
519 2789 617 2828 eorum
633 2774 718 2829 corda
729 2785 865 2844 perpetua
906 2772 1073 2829 dieit:lleali
1079 2777 1181 2829 inundo
1188 2778 1414 2844 corde,quoniarn
1423 2780 1478 2849 ipsi
1483 2779 1705 2841 deurrrnidebant

66 2862 208 2916 creatoris
223 2862 285 2915 laus
299 2861 421 2932 replens,
436 2861 543 2917 nullam
560 2862 590 2916 in
604 2862 646 2917 eis
658 2861 865 2935 fatigationem,
907 2860 1705 2934 tllantur).Caeteraexilliusinvestigeuturcontraetione.

65 2952 174 3006 nullam
186 2950 391 3016 lassitudinem,
403 2951 509 3007 nullam
522 2951 668 3007 tristitiam
682 2949 749 3007 sinit
759 2944 863 3017 inessess
905 2950 939 3004 Et
947 2967 1045 3011 namen
1056 2954 1114 3020 ejus
1122 2951 1258 3022 scriptum
1269 2955 1299 3006 in
1308 2953 1449 3019 fruentibus
1456 2970 1560 3009 earnm.
1571 2953 1625 3017 Per
1631 2953 1706 3009 liun-

101 3040 135 3093 Et
154 3056 232 3093 orrvne
249 3040 425 3095 maledictam
449 3055 504 3093 narr
519 3043 573 3094 erit
593 3040 623 3094 in
637 3057 671 3094 ea
683 3044 817 3110 aneplias,
831 3023 893 3103 InC
904 3041 962 3104 tem
974 3038 1058 3105 (sicut
1067 3039 1196 3109 superius
1206 3038 1312 3095 dictum
1322 3044 1374 3109 est)
1386 3041 1554 3114 exprimitur
1562 3040 1642 3102 fides,
1650 3042 1705 3103 Sed

66 3129 198 3198 praesenti
207 3127 330 3182 Ecclesia
342 3127 521 3183 maledictum
534 3133 586 3194 est,
597 3127 704 3187 scilicet
716 3145 806 3200 genus
816 3131 865 3187 ha·
905 3143 968 3180 eum
983 3126 1021 3180 ibi
1034 3128 1092 3197 jam
1107 3141 1164 3182 non
1179 3128 1215 3184 sit
1231 3127 1301 3182 sides
1315 3133 1365 3183 aut
1385 3147 1458 3201 spes,
1476 3131 1543 3203 quid
1562 3128 1615 3187 sibi
1634 3130 1704 3200 vult,

66 3217 184 3280 minum,
197 3217 244 3287 qui
256 3217 287 3270 in
302 3217 371 3271 Cain
386 3217 611 3273 maledictionem
623 3225 818 3289 perceperunt.
830 3218 863 3274 In
906 3214 980 3286 quod
991 3214 1070 3270 olooti
1081 3233 1183 3283 nomon
1193 3214 1245 3272 Dei
1255 3214 1285 3270 5¹1
1295 3216 1433 3273 frontibus
1445 3219 1548 3281 habero
1558 3218 1708 3294 perhiben-¹

66 3305 115 3358 illa
133 3306 266 3359 societate
280 3311 451 3371 sanctorum,
469 3306 579 3362 nmlum
598 3306 653 3364 erit
668 3308 861 3377 maledictum,
904 3304 968 3359 tur?
979 3302 1033 3360 Sed
1044 3298 1275 3378 sciendum,quia
1284 3306 1352 3364 fides
1362 3307 1406 3363 hic
1417 3325 1468 3384 pro
1476 3308 1708 3380 remuneratione

66 3394 115 3455 sed
135 3393 225 3448 omnis
245 3394 369 3453 Ecclesia
387 3393 542 3452 electarum
562 3394 743 3453 benedicetur
757 3397 786 3451 in
805 3397 863 3452 suis
905 3392 969 3448 fidei
984 3394 1075 3466 posita
1089 3395 1141 3462 est,
1158 3411 1221 3466 quae
1235 3397 1426 3457 remuneratio
1439 3399 1639 3472 contemplatio
1653 3399 1705 3456 Dei

65 3483 347 3545 habitatoribus,cum
358 3483 512 3539 audierint:
528 3485 627 3550 Venite,
635 3486 767 3541 benedieti
772 3490 863 3554 patris
905 3482 1106 3554 omnipotentis
1130 3482 1193 3536 erit.
1219 3483 1290 3537 Cum
1312 3483 1387 3538 enim
1408 3487 1548 3561 acceperit
1572 3484 1706 3553 Ecclesia,

67 3577 120 3629 inei
132 3572 241 3642 (idattlv.
252 3574 328 3642 xxv),
344 3577 396 3626 etc·
411 3571 464 3628 Sed
477 3573 548 3631 sedes
563 3574 612 3630 dei
630 3579 655 3627 ct
675 3575 749 3641 deni
767 3579 798 3628 in
814 3579 863 3630 illc
905 3571 979 3640 quod
994 3572 1139 3641 perfidem
1151 3571 1363 3637 credidit,recte
1376 3570 1468 3643 ipsum
1482 3572 1705 3645 fideipraemium

65 3669 157 3716 errervt.
175 3661 309 3732 Superius
325 3676 411 3719 unam
426 3660 522 3714 sedem
540 3673 691 3731 posuerat;
712 3661 818 3732 dequo
836 3667 865 3719 et
905 3674 955 3728 pra
967 3657 1049 3712 titulo
1058 3657 1154 3729 gloriae
1169 3657 1199 3712 in
1210 3659 1269 3712 suis
1283 3658 1545 3731 frontibusgestare
1555 3660 1704 3726 videbitur.

66 3752 174 3805 dixerat
186 3767 215 3804 se
225 3749 329 3803 vidisse
338 3764 470 3807 emanare
480 3748 587 3803 ssumen
600 3748 757 3819 aquaevivae
771 3767 777 3804 :
790 3765 865 3804 nunc
942 3747 974 3799 Et
985 3761 1039 3799 nac
1048 3746 1193 3800 ettennon
1206 3748 1267 3801 erit.
1285 3747 1316 3805 ld
1330 3752 1372 3802 est
1382 3747 1543 3803 vicissitudo
1558 3750 1704 3824 temporie,

66 3846 161 3894 autem
172 3837 319 3909 pluraliter
329 3838 409 3893 sedes
419 3836 581 3907 introducit,
592 3835 704 3892 dicens:
718 3837 804 3892 Sedes
813 3838 864 3892 Dei
905 3833 949 3888 vel
961 3833 1047 3888 etiam
1056 3830 1200 3888 tribulatio
1215 3835 1361 3906 angustiae,
1370 3854 1432 3908 quae
1444 3854 1518 3908 saepo
1532 3855 1582 3908 por
1594 3845 1705 3901 nootom

66 3928 95 3981 in
109 3928 157 3980 illa
170 3932 263 3982 erunt.
280 3925 335 3980 Sed
351 3932 379 3980 et
402 3926 454 3980 hoc
477 3925 637 3996 significant
657 3926 752 3997 plures
773 3926 863 3994 sodes,
905 3920 1421 3995 liguratur.l1aecnamquesuprajam
1433 3925 1550 3994 dixerat,
1563 3926 1651 3981 sedin
1663 3944 1705 3982 re-

66 4017 139 4086 quod
156 4032 221 4080 una,
234 4015 261 4068 id
277 4020 319 4069 est
332 4031 443 4071 omnem
458 4015 611 4070 electorum
626 4015 788 4082 Ecclesiam,
803 4033 865 4087 quaa
904 4008 1041 4081 politione
1057 4009 1131 4063 lesbi
1146 4009 1331 4079 domonstlob
1348 4028 1434 4083 (luam
1458 4013 1647 4087 appetendum
1666 4014 1704 4072 ⁸st

65 4104 170 4158 scilicet
184 4109 297 4174 propter
312 4104 451 4159 unitatem
466 4103 532 4161 fidei
546 4104 574 4159 in
593 4120 649 4163 una
668 4105 734 4159 sede
748 4110 865 4177 propter
904 4099 1001 4153 lumen
1016 4098 1094 4166 illud,
1107 4099 1182 4170 quod
1193 4098 1296 4154 totiens
1306 4100 1446 4173 loquendo
1457 4101 1587 4158 inculcat.
1600 4105 1633 4158 Et
1648 4120 1705 4171 non

64 4193 255 4247 diversitatem
270 4194 397 4262 gentium
412 4193 441 4249 in
453 4192 582 4263 pluribus
593 4193 765 4264 exprimitur.
784 4191 865 4249 Unde
905 4188 1020 4256 epebent
1033 4191 1137 4242 lamine
1148 4191 1266 4243 lucerne
1277 4205 1362 4257 raeque
1372 4192 1479 4245 lumine
1489 4191 1705 4249 solr's.Nunchu·

64 4288 92 4336 et
105 4282 235 4352 superius
249 4281 349 4353 viginti
365 4287 486 4352 quatuor
499 4281 580 4335 sedes
592 4281 656 4336 visae
669 4298 729 4337 osso
739 4282 865 4337 referun.
905 4291 991 4328 mana
1004 4275 1155 4329 infirmitas
1171 4275 1206 4330 ad
1222 4277 1376 4331 exercenda
1391 4277 1493 4332 diurna
1508 4295 1604 4354 opera,
1615 4280 1704 4336 noctis

63 4375 118 4424 tur.
131 4372 163 4424 El-
179 4373 252 4423 servi
266 4374 324 4438 mres
337 4373 456 4424 servient
471 4371 525 4423 illi.
543 4369 613 4423 Cum
627 4369 764 4424 Dominus
778 4367 863 4424 disci·
872 4359 895 4417 D
905 4362 1000 4433 quiete
1011 4362 1137 4418 redditur
1147 4364 1257 4432 idonea,
1265 4352 1450 4423 utituretiam
1461 4365 1489 4420 in
1500 4366 1705 4425 noetelucerna

63 4459 134 4529 pulis
150 4459 241 4513 dicat:
256 4461 319 4513 laen
340 4475 396 4512 rien
416 4459 508 4513 dicem
522 4474 567 4512 ees
581 4474 680 4524 serlus,
701 4461 747 4514 sed
761 4463 863 4517 arnicas
905 4468 955 4521 pl'o
966 4452 1156 4506 consolatione
1170 4471 1175 4505 2
1187 4458 1254 4507 tono
1265 4459 1359 4507 autom
1371 4452 1483 4524 quondo
1495 4454 1551 4510 erit
1559 4456 1635 4512 Deus
1646 4474 1704 4512 om-

63 4565 134 4600 meos
143 4549 233 4617 (doner.
246 4547 301 4616 xv),
313 4545 452 4618 quomodo
461 4546 506 4601 hic
522 4547 667 4617 Scriptura
674 4548 735 4617 jam
749 4547 864 4602 immor.
904 4539 952 4594 nia
964 4538 993 4594 in
1009 4539 1149 4607 omnibns,
1162 4541 1209 4614 qui
1222 4545 1265 4596 est
1278 4542 1325 4597 lux
1340 4559 1406 4596 vera
1418 4559 1515 4597 onrnes
1529 4543 1702 4615 illuminans,

63 4637 132 4690 tales
151 4637 263 4690 allectos
283 4641 363 4689 vocat
385 4635 503 4689 servos?
521 4637 579 4689 Aut
597 4635 620 4689 si
638 4635 700 4704 jam
728 4636 863 4691 servitute
904 4645 960 4701 non
971 4628 1064 4702 egebit
1075 4630 1180 4684 lumine
1189 4631 1309 4684 lucernae
1320 4631 1362 4684 vel
1372 4630 1479 4684 lumine
1489 4632 1566 4686 solis.
1574 4630 1653 4688 Unde
1663 4651 1705 4689 se-

64 4725 251 4793 corruptionis
264 4723 385 4788 liberati,
398 4707 433 4779 ad
446 4722 606 4781 libertatem
620 4729 649 4777 et
661 4723 779 4795 gloriam
792 4725 862 4778 filio·
903 4723 1016 4795 quitur:
1028 4722 1163 4790 Quaenam
1172 4724 1306 4779 Dominus
1315 4723 1386 4778 Deus
1399 4724 1572 4780 illarnincbil
1587 4729 1658 4781 illos.
1674 4727 1704 4785 Sl

64 4829 126 4866 rum
150 4813 200 4866 Dei
223 4816 290 4867 tunc
305 4813 477 4884 pervenient,
494 4812 634 4885 quomodo
649 4812 679 4867 in
703 4813 752 4868 illa
767 4813 862 4885 quiete
903 4828 968 4866 vero
990 4817 1100 4866 noctem
1120 4811 1312 4884 intelligamus
1335 4812 1534 4884 ignorantiam,
1558 4815 1704 4883 lucernam

63 4907 168 4956 mterna
182 4900 286 4954 servire
298 4907 468 4957 narrantur?
482 4902 536 4956 Sed
551 4901 697 4956 sciendum
713 4902 861 4971 astachio,
903 4916 968 4954 vero
982 4901 1025 4955 rel
1046 4900 1144 4965 solem,
1160 4899 1245 4956 divini
1264 4900 1340 4955 verbi
1359 4901 1597 4975 praedicationem,
1613 4921 1705 4975 neque

63 4991 129 5061 quia
139 4990 167 5042 in
175 5006 207 5044 eo
219 4990 359 5059 quodiam
370 4991 444 5046 oullo
455 4990 608 5046 certamine
618 4990 803 5058 desudabant,
813 4991 863 5046 sed
903 5007 957 5044 non
966 4989 1020 5045 erit
1030 4990 1279 5061 tuncignorantlee,
1287 5008 1378 5065 neque
1387 4989 1548 5063 praedicatio
1559 4992 1703 5063 doctrinae,

62 5086 169 5138 aterna
179 5079 273 5150 quiete
285 5077 461 5145 fovebuntur,
471 5078 552 5136 liberi
565 5082 661 5146 erunt,
672 5096 704 5134 ac
714 5081 792 5134 nulla
802 5098 862 5135 ser·
903 5077 971 5149 quia
985 5079 1057 5133 sicut
1070 5079 1157 5133 lsaias
1172 5079 1241 5134 dicit
1256 5098 1261 5132 ι
1287 5080 1349 5134 Non
1365 5077 1476 5134 docebit
1489 5079 1531 5133 vir
1544 5082 1704 5153 proximum

63 5169 149 5222 vitute
159 5166 282 5222 obnoxii.
294 5165 367 5221 Nam
380 5172 408 5221 et
422 5183 497 5223 nuno
508 5184 565 5222 non
580 5174 647 5222 sunt
657 5169 729 5223 servi
740 5168 860 5236 timoris,
903 5184 996 5235 suum,
1025 5167 1120 5222 dicens
1142 5187 1147 5221 :
1170 5169 1312 5240 Cognosce
1332 5166 1494 5238 Dominum,
1516 5170 1582 5241 qnia
1605 5188 1703 5227 omnes

64 5257 112 5309 sed
133 5257 248 5310 amoris.
270 5256 338 5309 Dum
351 5255 426 5309 onim
445 5261 511 5320 sunt
524 5256 682 5323 servitutes,
700 5257 766 5328 quia
780 5258 863 5314 aliter
903 5258 994 5336 scient
1008 5273 1053 5311 me
1068 5273 1085 5310 a
1100 5258 1206 5329 majore
1221 5274 1310 5330 usque
1325 5257 1360 5315 ad
1375 5257 1512 5314 minorem
1530 5262 1595 5329 tier.
1608 5273 1697 5328 xxxrp

65 5343 147 5398 timet
160 5362 256 5400 servus
272 5362 307 5399 ne
323 5344 513 5401 verberetura
524 5345 654 5410 Domino,
670 5346 753 5401 aliter
766 5353 861 5401 autem
904 5344 957 5399 Sed
978 5360 1074 5400 omnes
1089 5352 1200 5400 aeternae
1220 5345 1364 5418 sapientias
1383 5347 1563 5412 inhaerentes,
1578 5347 1701 5418 perlecta

66 5430 141 5487 tilius
155 5448 190 5487 ne
203 5434 328 5507 privetur
347 5432 512 5489 haereditate
531 5438 658 5506 paterna,
675 5435 818 5490 cllendens
832 5435 862 5492 in
903 5432 1020 5487 scientia
1035 5432 1192 5503 fulgebunt.
1204 5434 1237 5487 Et
1253 5434 1408 5503 repncdunt
1422 5450 1486 5490 cum
1497 5434 1588 5504 capite
1603 5451 1655 5489 suo
1669 5437 1701 5490 in

67 5519 161 5590 aliquo
173 5520 213 5591 pii
221 5523 309 5593 patris
318 5523 424 5579 oculos.
436 5522 487 5578 llle
497 5521 574 5577 enim
587 5522 672 5577 servit
684 5523 795 5587 timore,
808 5523 861 5578 iste
902 5524 1001 5577 scenio
1015 5525 1187 5577 necatorum.
1199 5522 1232 5577 Et
1245 5522 1317 5579 dicit
1334 5526 1396 5582 mei.
1409 5518 1495 5578 Haud
1505 5518 1622 5577 dubium
1633 5523 1702 5594 quin
