3818 6104
303 307 494 365 expostulo
508 309 548 366 lN
564 310 641 366 EPP.
657 312 686 368 S.
703 311 823 368 PAULI.
840 340 873 351 -
888 310 927 366 IN
942 309 1054 369 EPIS'I'.
1067 312 1116 367 Ab
1131 312 1285 370 euterpe.
1554 320 1607 379 738
1626 288 1629 293 Ι

115 433 275 508 etpraefecti
288 433 406 489 sedeant
415 434 450 489 ed
461 430 640 490 discutienda
650 436 775 507 qrrmdnm
788 437 933 496 Amoreor
944 435 974 491 in
987 434 1197 495 tristitialSioc
1203 453 1255 507 per
1265 443 1440 507 οσαιιιοιιιιι,
1458 441 1486 496 id
1499 447 1552 505 est,
1566 459 1618 515 per

109 530 155 598 pta
163 522 405 580 dandaveniente
416 539 482 594 ergo
490 522 572 580 beato
582 526 715 596 Apostolo
724 525 778 580 Ro
817 522 951 579 invidiam
966 530 995 579 et
1013 540 1069 580 non
1081 526 1199 585 sincere.
1214 529 1269 582 rire
1290 543 1344 598 por
1365 533 1519 598 scribtem,
1530 529 1560 587 id
1573 537 1619 588 est

109 619 174 670 ueto
185 629 236 685 pro
257 612 359 668 Christi
380 612 503 679 nomine,
518 629 582 669 cum
596 620 672 669 esset
684 619 776 669 rebu-
817 609 919 667 bonam
934 612 1106 668 voluntatem
1126 620 1155 670 et
1167 615 1345 684 charitatem,
1360 622 1384 673 et
1400 620 1432 674 in
1442 620 1615 689 boepoudeo,

109 718 230 763 acorem,
245 701 275 755 in
290 701 374 755 domo
394 701 583 773 imperatoris,
598 709 627 757 et
645 703 776 774 cepisset
816 700 899 757 idest
917 699 982 772 quia
997 701 1100 757 Christi
1112 718 1213 758 nomen
1228 720 1280 774 per
1293 703 1395 760 bonam
1405 707 1577 762 voluntatem
1589 713 1619 763 et

109 790 233 847 ludrmos
255 805 364 855 curare,
385 790 475 844 mults
497 790 633 847 miracula
651 798 773 864 patrare,
816 806 849 845 ex
863 791 999 846 charitate
1016 791 1194 862 predicatur,
1209 793 1255 846 sed
1282 797 1308 846 et
1335 795 1467 862 aeumlao,
1483 794 1618 851 subaudis

109 880 255 937 ediderant
272 879 300 933 in
317 883 439 945 tantum,
453 879 526 935 sicut
553 879 652 936 beatus
675 880 776 936 lliero·
816 884 931 950 propter
944 878 1016 934 boc:
1033 878 1100 950 quia
1117 878 1173 934 illis
1188 896 1244 934 non
1259 880 1378 936 invideo.

110 968 169 1033 icit,
186 973 219 1024 ut
232 969 345 1024 domum
364 969 550 1040 persecutoris
565 969 776 1026 Neronisoccle·
851 966 912 1023 Seio
926 969 1002 1022 enirn
1016 971 1084 1036 quio
1096 972 1237 1037 proueniat
1263 971 1339 1024 mibi
1362 971 1411 1025 boc
1431 973 1469 1026 ud
1486 975 1615 1030 saluum.

109 1063 170 1113 eret
184 1056 390 1127 Redemptoris.
406 1057 485 1112 Tunc
501 1056 711 1112 manifestatum
732 1061 776 1113 est
818 1056 875 1110 Hoc
890 1055 966 1110 enim
981 1057 1125 1127 proveniet
1139 1056 1208 1110 mibi
1223 1056 1402 1123 adsalutem,
1419 1059 1503 1115 idest
1517 1061 1553 1116 ad
1575 1061 1616 1116 vi·

120 1146 260 1219 pretorio.
277 1145 304 1200 id
326 1152 378 1207 est,
394 1144 567 1217 imperatori,
588 1144 775 1219 omnibusque
815 1151 874 1200 tant
888 1149 1034 1207 eternam,
1047 1145 1122 1216 quod
1136 1145 1263 1200 sustineo
1281 1162 1333 1216 pro
1360 1148 1464 1203 Christi
1478 1149 1615 1206 nomine:

109 1250 141 1291 us
153 1244 183 1290 et
195 1232 377 1306 principibus,
394 1239 424 1288 et
439 1233 469 1288 in
483 1233 613 1289 omnibus
626 1233 694 1290 locis
708 1250 775 1306 pro·
816 1233 858 1287 rel
869 1232 998 1304 quiaillis
1014 1233 1089 1287 mala
1103 1249 1160 1288 non
1176 1241 1242 1305 opto
1259 1234 1308 1306 qui
1333 1235 1403 1291 mibi
1416 1236 1543 1294 inrident
1558 1252 1564 1287 :
1588 1245 1619 1295 et

109 1322 199 1379 istum
209 1321 368 1378 illumtalia
381 1321 529 1377 sustinere.
546 1323 580 1377 ut
590 1325 776 1392 plaeresesro·
817 1321 885 1376 mibi
901 1320 1112 1377 tribulationem
1127 1323 1259 1387 excitant,
1275 1324 1307 1377 Et
1328 1325 1616 1382 saurrrinntrotionem

109 1410 126 1467 d
144 1417 188 1466 cst
201 1427 233 1465 ex
249 1410 428 1464 credentibus
443 1413 474 1465 in
490 1411 615 1474 domino,
624 1410 654 1465 id
666 1416 777 1482 cst‚per
817 1409 941 1478 spiratus
954 1411 1018 1465 lesu
1031 1411 1145 1476 Christi,
1156 1410 1186 1465 id
1199 1417 1242 1466 est
1252 1411 1387 1467 auxilium
1401 1412 1579 1470 ministrante
1588 1420 1617 1469 et

109 1515 141 1566 n,
155 1501 317 1567 confidentes
328 1503 359 1553 in
369 1501 489 1553 uinculis
499 1502 576 1565 rnen,
590 1499 619 1553 id
633 1504 778 1554 estexcm·
817 1498 958 1571 prebente
977 1500 1046 1554 mibi
1061 1500 1173 1556 Christo
1187 1505 1217 1556 et
1231 1501 1338 1574 Spiritu
1352 1508 1459 1557 sancto.

109 1587 216 1645 olorum
237 1604 365 1643 meorum
380 1587 540 1652 confortati,
557 1605 621 1642 cum
642 1588 777 1644 vidissent
852 1587 1010 1644 Secundum
1021 1580 1242 1659 suspectationern
1257 1595 1281 1644 ct
1291 1607 1365 1660 spem
1380 1607 1480 1646 ancona.
1497 1593 1614 1664 Exspec-

108 1676 244 1733 ibentum
260 1676 438 1748 Apostolum,
449 1677 526 1731 omni
537 1676 687 1732 formidine
701 1693 777 1732 mor·
817 1675 888 1730 tatio
902 1680 931 1731 et
942 1692 1097 1748 spesunum
1110 1683 1171 1745 est;
1184 1677 1250 1748 quia
1263 1695 1327 1749 spes
1340 1684 1383 1733 est
1393 1679 1563 1750 exspectatio
1574 1680 1617 1736 lu·

109 1768 155 1831 bs,
168 1766 294 1837 exemplo
305 1766 480 1820 vinculorum
494 1767 556 1836 ejus
570 1764 718 1821 confortati
733 1772 777 1822 at·
786 1747 946 1818 Bturomm
960 1763 1108 1821 bonorum.
1126 1764 1159 1820 Et
1173 1764 1272 1820 beatus
1285 1765 1436 1836 Apostolus
1444 1771 1539 1822 certus
1552 1772 1614 1822 erat

109 1853 241 1921 roborati,
260 1859 405 1925 ceperunt
430 1853 565 1909 audacius
592 1857 707 1912 verbnm
729 1856 779 1910 Dei
819 1852 893 1923 quod
910 1853 1065 1909 mercedem
1076 1860 1138 1908 erat
1149 1860 1316 1925 accepturus
1329 1854 1613 1911 aeternaretributio·

109 1959 135 1999 re
145 1946 204 1999 sine
215 1946 321 1997 timore.
818 1941 863 1996 nis
875 1960 880 1996 :
891 1947 1006 2014 propter
1020 1943 1072 1997 boc
1084 1943 1159 2015 quod
1173 1944 1330 1999 sustinebat
1343 1960 1393 2016 pro
1408 1945 1531 2010 Christo,
1544 1945 1615 2000 etde

110 2033 260 2102 mercidem
275 2036 299 2086 et
313 2034 568 2101 proptcrr'nuidiam
584 2036 611 2087 et
626 2034 777 2087 conuentio—
819 2030 871 2086 hoc
884 2031 970 2086 etiam
985 2032 1165 2103 exspectabat
1183 2032 1352 2097 mercedem,
1367 2032 1502 2105 quiasuis
1515 2032 1616 2088 invidis

109 2122 179 2177 uara
189 2125 282 2175 autem
293 2125 317 2176 et
324 2126 437 2190 propter
445 2122 545 2175 bonam
558 2121 778 2176 uoluntatem.Hi
818 2119 1046 2191 persecutoribus
1060 2120 1269 2192 bonaoptubat.
1280 2123 1394 2189 Ouinia
1406 2124 1485 2176 nullo
1497 2123 1617 2190 conben-

115 2209 191 2265 modi
207 2209 255 2280 qui
271 2213 430 2280 sequuntur
447 2209 477 2263 in
490 2209 561 2264 duas
574 2209 777 2280 species,sieuti
817 2209 881 2276 dor,
896 2209 992 2273 idest,
1010 2209 1127 2265 innullo
1139 2208 1240 2264 horum
1256 2226 1319 2281 qnae
1331 2209 1371 2264 illi
1385 2214 1484 2281 agunt,
1501 2215 1532 2265 ut
1544 2210 1613 2265 mibi

109 2312 142 2353 ns
161 2297 273 2352 ridetur
284 2304 402 2369 possunt
415 2297 524 2368 redigi:
540 2298 635 2353 Prima
650 2298 777 2354 videlicet
819 2297 1042 2369 persecutionem
1057 2299 1192 2368 majorem
1201 2298 1349 2369 ingerant:
1361 2299 1406 2354 vel
1420 2315 1482 2371 qua
1495 2299 1618 2356 sustine·

109 2386 245 2458 especies
260 2402 310 2457 pro
324 2403 381 2442 une
391 2392 563 2458 computata,
574 2387 636 2442 dnae
646 2403 711 2442 vero
721 2403 777 2442 me·
819 2385 870 2440 bo:
885 2387 944 2458 jem
959 2386 1066 2458 positus
1076 2386 1106 2441 in
1120 2386 1236 2441 vinculis
1246 2385 1451 2446 nonerubesco.
1462 2387 1514 2443 Sed
1523 2391 1618 2443 inom-

109 2475 174 2544 liter
186 2492 237 2546 pro
247 2474 372 2529 una.Sed
381 2480 522 2529 tentemus
532 2474 713 2546 persingulas
724 2476 777 2531 sti·
819 2477 851 2529 nr·
864 2477 976 2542 fierine.
994 2475 1022 2530 id
1037 2476 1122 2531 estin
1138 2475 1215 2531 omni
1226 2475 1281 2530 fide
1296 2491 1367 2540 mea.
1378 2480 1450 2531 sicut
1464 2492 1578 2547 semper,
1593 2482 1618 2532 et

109 2580 170 2620 rere.
184 2563 264 2628 Quod
276 2563 344 2618 dicit
356 2564 477 2634 primum
489 2562 600 2635 quidem
613 2571 726 2634 propter
736 2563 778 2619 in·
819 2579 894 2618 nunc
907 2566 1136 2633 magnificabitur
1150 2564 1275 2620 cbristus
1291 2567 1321 2619 in
1336 2580 1446 2634 corpore
1471 2581 1540 2632 tneo,
1562 2568 1618 2620 n'oe

109 2661 126 2708 e
138 2652 356 2716 contentionem,
368 2651 503 2706 subaudis
514 2652 655 2707 dirrutum
668 2668 777 2707 annun·
814 2667 866 2720 per
879 2655 1100 2721 autemsaepe
1113 2658 1238 2708 mortem.
1254 2653 1283 2708 Si
1293 2659 1434 2707 tormenta
1444 2652 1616 2720 sustinuero,

109 2756 154 2797 um
164 2756 236 2796 esse.
254 2741 340 2794 Erant
354 2739 470 2810 quidam
486 2756 518 2794 ex
536 2739 640 2795 Judaeis
660 2741 777 2795 creden·
818 2755 917 2795 omnes
930 2741 979 2812 qui
987 2740 1138 2806 audierint,
1151 2741 1255 2807 dicent,
1271 2742 1391 2813 Magnus
1405 2746 1448 2796 est
1462 2741 1515 2796 iste
1529 2741 1616 2810 Deus,

109 2845 157 2901 luc
167 2828 301 2900 gentibus
316 2828 364 2900 qui
378 2827 534 2883 inridentes
547 2827 629 2884 beato
643 2829 778 2900 Apostalo
820 2845 870 2899 pro
884 2830 964 2899 cujus
975 2830 1089 2884 nomine
1103 2831 1176 2884 servi
1190 2831 1252 2899 ojus
1272 2845 1328 2884 nou
1342 2829 1444 2884 timent
1459 2829 1541 2884 mori.

109 2933 131 2975 ιο
143 2917 376 2973 dicebatursolns
391 2916 656 2988 magistergentinm
672 2924 701 2972 et
711 2935 779 2989 prae-
853 2918 924 2972 ttttr·
933 2922 1028 2973 autem
1038 2916 1271 2980 uiseredbrirtaf,
1286 2917 1372 2980 idest,
1387 2917 1411 2973 si
1421 2916 1525 2984 vixero,
1536 2915 1617 2972 Chri·

122 3005 272 3061 dicebant:
296 3006 429 3077 Nunquid
450 3006 554 3061 Paulus
581 3007 658 3062 solus
677 3007 779 3062 dicitur
819 3011 880 3061 stus
893 3005 964 3061 mibi
979 3005 1035 3060 rita
1048 3011 1091 3060 est
1103 3025 1108 3061 :
1119 3006 1163 3060 rel
1176 3006 1200 3061 si
1210 3005 1315 3063 vixero.
1332 3022 1383 3078 per
1390 3005 1617 3077 predicationem

109 3094 268 3166 rgentiuml
282 3096 340 3149 Nos
351 3095 508 3150 doctrinam
521 3094 669 3160 habemus,
680 3095 910 3166 predi-emeam
937 3111 1039 3168 corpus
1056 3097 1118 3167 ejus
1140 3094 1258 3167 augebo.
1285 3096 1319 3150 Et
1343 3099 1418 3151 mori
1445 3098 1565 3151 luerunt.
1589 3093 1619 3150 Si

120 3182 196 3240 sicut
210 3190 239 3239 et
252 3184 309 3249 ille,
325 3190 358 3238 ut
372 3183 547 3255 appellemur
562 3183 691 3254 magistri
709 3201 780 3255 gen·
820 3185 872 3239 sub
886 3183 977 3256 poenis
1002 3190 1130 3238 mortuus
1155 3184 1247 3249 fuero,
1264 3184 1420 3239 maximum
1447 3183 1558 3239 lucrum
1577 3190 1621 3238 est

109 3272 173 3328 tlmc
185 3271 315 3343 agebant,
328 3271 780 3343 quiavolebantcontenderecum
821 3273 899 3339 mihi,
916 3279 944 3328 et
957 3273 1046 3345 magis
1060 3290 1092 3327 ac
1109 3273 1200 3344 magis
1218 3271 1425 3344 praedicabitur.
1445 3271 1495 3326 Vel
1510 3272 1620 3327 luorum

109 3361 190 3418 :unda
204 3362 311 3432 species
325 3367 384 3415 est:
401 3360 521 3426 Quidam
542 3367 656 3433 propter
679 3361 779 3417 bonam
821 3366 864 3416 est
879 3361 949 3416 mibi
971 3360 1053 3422 mori,
1066 3361 1143 3433 qnia,
1162 3361 1186 3415 si
1209 3367 1338 3416 mortuus
1363 3359 1443 3416 luero
1467 3359 1619 3416 marimum

109 3466 166 3518 em,
182 3451 211 3504 id
228 3457 279 3512 est,
297 3450 397 3506 bonam
426 3450 622 3517 intentionem,
633 3451 780 3522 cupientes
820 3449 930 3505 lucrum
945 3455 1128 3522 percepturus
1143 3466 1217 3515 sum,
1233 3449 1260 3503 id
1283 3455 1326 3504 cst
1341 3449 1426 3503 vitam
1439 3454 1583 3504 aeternam.

109 3538 175 3595 ulios
189 3539 262 3594 siout
275 3545 304 3594 et
316 3539 371 3609 ipsi
387 3539 484 3594 salvati
498 3545 591 3595 erant.
610 3540 706 3595 Tertia
719 3557 781 3612 spe·
861 3542 955 3596 Visere
966 3542 998 3594 in
1013 3555 1105 3601 corne,
1121 3539 1166 3593 bic
1178 3539 1250 3593 milei
1264 3540 1423 3607 [ructarent
1437 3540 1534 3606 operis,
1552 3535 1619 3608 quia

109 3649 116 3682 :
131 3628 252 3697 midam
267 3645 299 3682 eu
311 3629 456 3693 charitate,
467 3627 601 3683 subaudis
616 3645 673 3700 qua
682 3628 779 3700 dilige·
820 3644 875 3700 quo
889 3627 1010 3699 amplius
1031 3628 1135 3696 vixero,
1151 3627 1308 3681 mercedem
1329 3642 1420 3681 meam
1444 3625 1563 3696 augebo.
1580 3625 1614 3680 tn

109 3733 170 3781 um,
185 3716 336 3788 cupiebant
349 3717 418 3771 alins
429 3718 535 3771 salvare
557 3726 586 3771 et
600 3734 632 3770 ex
644 3717 781 3772 charitate
822 3719 890 3787 quid
903 3719 1005 3784 eligam
1017 3719 1125 3785 iprroro,
1137 3715 1164 3771 id
1177 3722 1230 3782 est,
1242 3720 1338 3769 utrum
1358 3719 1477 3768 mortem
1488 3718 1619 3785 appetam

109 3806 201 3877 rebem
212 3806 390 3877 Apostolum,
403 3806 525 3860 volentes
535 3804 739 3875 eiadjutorium
751 3805 781 3860 in
821 3821 858 3859 an
873 3803 964 3858 adbuc
988 3803 1018 3857 in
1037 3819 1121 3857 carne
1142 3819 1257 3857 manere
1271 3809 1377 3874 optem.
1395 3803 1443 3857 Est
1457 3808 1553 3858 autem
1578 3799 1618 3855 sic

109 3895 181 3951 lione
197 3893 329 3966 praebere.
346 3894 453 3959 Quarta
464 3895 571 3965 speeies
584 3902 646 3949 ost:
662 3896 780 3964 Quidum
822 3892 1063 3964 distinguendum.
1076 3892 1110 3947 Et
1121 3891 1188 3962 quid
1203 3892 1306 3962 eligam
1318 3893 1427 3962 ignoro,
1440 3892 1619 3946 cumlibristo

109 3972 210 4043 alione.
228 3986 406 4037 nonsr'ncerc.
423 3983 538 4038 Sincera
550 3999 595 4039 res
619 3989 663 4038 est
691 3982 781 4039 solida
822 3998 885 4048 esse,
900 3983 989 4036 mutto
1000 3983 1091 4049 manis
1105 3983 1213 4035 metius.
1228 3980 1299 4036 Cum
1314 3979 1385 4034 dixit
1410 3978 1500 4035 multo
1527 3977 1617 4048 magis

110 4112 118 4128 .
133 4070 170 4128 Et
182 4077 265 4126 orant
277 4071 390 4142 quidam
406 4071 453 4143 qui
463 4070 713 4143 praedrcabantnon
723 4071 783 4127 siu·
823 4070 924 4126 melius
938 4085 1001 4125 esse
1013 4071 1127 4124 dissolui
1139 4074 1242 4124 etcum
1269 4069 1377 4125 cbristo
1391 4084 1453 4134 erre,
1470 4073 1499 4122 et
1522 4065 1618 4122 subdit

114 4165 169 4226 est,
200 4176 255 4215 non
285 4176 357 4230 pura
385 4160 565 4225 conscientia,
581 4161 649 4232 quie
668 4166 784 4234 propter
821 4174 984 4229 perannum
999 4161 1031 4213 in
1044 4174 1128 4213 cerne
1141 4160 1334 4221 rreoessuriurn,
1350 4156 1473 4213 ostendit
1482 4155 1550 4228 qnid
1564 4171 1622 4210 ma-

109 4247 289 4321 lsprsesentis
302 4249 376 4308 ritae,
392 4255 421 4303 et
433 4249 631 4321 propterlucra
644 4255 785 4321 tempora·
823 4248 867 4320 gis
880 4248 975 4318 eligat,
988 4252 1017 4303 et
1031 4246 1135 4301 bonurn
1151 4246 1263 4317 quidem
1279 4262 1341 4302 esse
1360 4262 1476 4302 manere
1498 4245 1554 4312 hio,
1569 4243 1619 4300 sed

109 4336 226 4393 iestioni
239 4337 416 4403 insistebant,
434 4336 681 4410 utitaasubjectis
691 4337 783 4394 cibum
792 4377 817 4437 D
826 4338 926 4393 melius
939 4341 969 4392 et
983 4335 1120 4409 optimum
1130 4352 1246 4392 manere
1259 4353 1323 4392 cum
1338 4336 1461 4393 Christo.

109 4432 227 4483 asarum
235 4425 402 4498 acciperent,
412 4426 536 4482 dicentes
547 4444 554 4479 :
566 4428 701 4481 Dominus
710 4427 784 4481 ordi·
860 4428 894 4483 ut
908 4427 957 4482 boc
971 4427 1108 4495 confidens
1117 4428 1181 4491 seio,
1193 4428 1262 4495 quio
1272 4427 1396 4493 monebo,
1410 4425 1440 4481 id
1451 4430 1504 4495 est,
1514 4424 1624 4480 conlido

109 4518 123 4571 ι’
138 4515 322 4583 Euangeliou
340 4518 515 4570 annuntiant
530 4517 562 4569 de
578 4517 726 4584 Evangelio
744 4518 785 4570 oi·
825 4521 854 4572 et
867 4515 961 4582 credo,
977 4514 1044 4588 quia
1057 4513 1175 4569 manebo
1190 4513 1315 4586 quandiu
1329 4514 1450 4570 Domino
1468 4513 1616 4586 placuerit,

109 4603 162 4663 br.
178 4605 227 4672 ιιι).
244 4603 278 4658 Et
287 4608 402 4675 propter
411 4604 599 4659 contentionis
609 4603 783 4659 occasionem
824 4611 849 4660 et
861 4605 1035 4674 permanebo,
1052 4602 1081 4659 id
1100 4609 1153 4666 est,
1169 4603 1306 4675 usquead
1323 4602 1623 4674 perlectionemetoor·

109 4691 186 4749 abas
198 4681 347 4763 Apostolus
352 4693 498 4763 positusin
508 4708 628 4755 carcere,
640 4693 784 4749 sedetiam
827 4692 1035 4749 roborationem
1047 4691 1111 4747 ildei
1128 4698 1226 4746 restrae
1238 4688 1354 4744 manebo
1368 4691 1497 4742 omnibus
1507 4689 1578 4742 uobis
1588 4689 1625 4742 nd

109 4785 364 4852 essuospertotum
375 4781 472 4836 orbem
481 4781 611 4836 mittebat
620 4781 782 4854 praedicare.
824 4784 978 4852 profectum
993 4785 1125 4846 uestram,
1138 4779 1167 4834 id
1183 4778 1273 4834 estad
1289 4777 1623 4843 subministrantium

109 4868 250 4943 tqnidam
265 4873 297 4923 ut
310 4869 494 4935 occideretur,
511 4877 544 4927 ut
556 4871 624 4926 dura
639 4870 688 4927 ille
709 4873 786 4927 occi·
825 4872 899 4940 fidei,
912 4872 941 4927 id
952 4875 1005 4937 est,
1016 4876 1050 4925 ut
1057 4885 1110 4941 ego
1124 4873 1152 4923 et
1163 4884 1212 4923 vos
1222 4865 1397 4937 gaudeamus
1405 4863 1440 4918 de
1454 4869 1547 4919 restra
1556 4864 1622 4919 lide.

109 4957 262 5027 t,liberius
276 4964 389 5028 possent
402 4958 445 5013 illi
458 4959 613 5031 exspoliare
625 4976 692 5015 suos
707 4960 785 5015 audi·
828 4961 859 5016 Ut
870 4962 1023 5030 gratulatio
1037 4964 1136 5023 oestro,
1158 4956 1185 5010 id
1213 4960 1264 5019 est,
1281 4952 1461 5024 utgaudium
1489 4958 1625 5019 restrum,

825 5050 945 5103 abundet
959 5052 991 5103 in
1006 5049 1113 5104 t'brr'sto
1124 5047 1187 5100 lesu
1201 5046 1234 5098 in
1247 5059 1289 5097 me
1301 5057 1352 5111 per
1367 5057 1461 5096 meum
1474 5042 1626 5096 oderentum

109 5144 140 5194 *er
153 5139 289 5207 queniam
304 5139 336 5191 in
354 5138 510 5205 defensione
524 5139 669 5207 Eronqcb'i
679 5142 785 5207 positus
829 5139 933 5192 iterum
947 5137 984 5192 ad
998 5153 1053 5192 ros.
1070 5131 1214 5188 Gratulari
1229 5135 1273 5186 est
1287 5130 1465 5201 congaudere
1477 5135 1507 5186 et
1518 5129 1627 5205 gratias

116 5226 203 5283 estin
215 5242 250 5280 ea
263 5224 426 5280 defensione
440 5243 525 5297 quam
550 5227 634 5298 paulo
654 5227 785 5299 superius
827 5225 943 5292 referre,
958 5229 987 5280 et
1010 5229 1053 5278 est
1078 5236 1192 5276 sensus:
1209 5218 1246 5274 Ut
1270 5235 1328 5283 ros,
1346 5217 1448 5290 inquit,
1477 5219 1626 5289 gaudeatis

110 5316 196 5373 ‚bon
207 5319 321 5377 sincere,
334 5315 364 5371 id
378 5322 422 5371 est
444 5332 500 5371 non
525 5332 597 5387 pura
616 5315 784 5381 intentione,
827 5313 936 5368 demea
954 5311 1077 5367 adventu
1091 5315 1120 5364 et
1137 5308 1245 5380 gratias
1258 5307 1385 5364 referatis
1400 5307 1468 5373 Deo,
1484 5308 1533 5381 qni
1550 5306 1628 5363 robis

109 5409 175 5461 intes
197 5422 225 5460 sc
254 5404 467 5475 praemunio
491 5409 535 5460 est
561 5404 784 5475 persecutionem
826 5418 872 5457 me
885 5401 1053 5457 incolumem
1068 5397 1192 5454 reddidit
1204 5396 1355 5453 liberatum
1370 5396 1527 5454 avinculis.

109 5510 134 5563 u,
147 5496 284 5551 matare
297 5496 418 5550 situatis
434 5497 510 5549 meir.
865 5493 995 5559 Tantum,
1007 5489 1038 5545 id
1051 5494 1096 5545 est
1108 5487 1317 5554 tautummodo,
1332 5488 1414 5557 digne
1426 5488 1466 5557 ,in
1479 5485 1627 5553 destructio

109 5584 193 5652 enim,
206 5581 307 5638 idest:
325 5582 417 5645 Quare
443 5579 607 5654 contristor,
622 5587 674 5637 aut
698 5596 787 5654 quare
827 5581 932 5640 Obristl
942 5578 1157 5645 conaremini,
1170 5575 1200 5632 id
1220 5581 1274 5642 est,
1289 5573 1373 5632 vivite
1392 5578 1422 5629 ct
1438 5575 1625 5646 perseverate.
