3840 6098
149 225 201 287 693
493 230 684 291 musmo
698 232 739 291 IN
752 232 830 293 ΕΡΡ.
845 233 875 290 S.
891 230 1009 291 enum·
1024 262 1059 276 ···
1073 232 1114 291 IN
1128 232 1242 294 EPIST.
1256 234 1305 293 AD
1319 235 1450 295 GALAT.
1734 241 1788 304 wi

148 354 301 413 iucundus
311 371 375 414 vero
391 356 623 430 inhorrescitis,
634 364 898 435 etsemperpronus
907 361 982 422 esth
991 363 1102 418 Bonitas
1116 368 1160 420 eet
1177 362 1252 421 bona
1264 365 1404 424 uoluntas.
1419 368 1581 438 Benianitas
1601 375 1643 426 est
1657 372 1787 433 volentes

148 445 181 503 td
195 444 385 501 irascendum.
400 448 473 504 ltine
487 455 554 506 sunt
566 450 630 507 lites
640 458 668 507 et
681 453 876 508 contentiones
886 470 949 525 quse
988 452 1200 523 promptissima
1215 453 1340 510 moribus
1354 460 1383 511 et
1404 456 1481 512 dulci
1495 458 1606 530 eloquio
1619 464 1786 536 temperata,

147 535 316 608 plerumque
323 536 383 591 sine
392 554 476 593 carisa
485 543 789 611 exsurguntllissensio
796 543 948 598 estdiscor·
987 540 1109 596 invitans
1122 559 1179 597 non
1191 543 1280 599 solum
1295 543 1442 601 benevolos
1461 545 1497 600 ad
1512 563 1543 602 se
1556 547 1722 620 diligendos,
1736 551 1787 607 sed

147 624 191 681 dia
207 641 271 698 quse
285 626 357 680 solet
370 626 438 681 oriri
449 627 524 682 inter
536 628 669 683 maritum
688 634 716 683 et
732 645 856 693 uxorem,
872 629 947 684 inter
987 630 1102 702 insuper
1124 631 1186 686 illos
1212 633 1259 703 qui
1282 635 1416 689 contrarii
1430 634 1595 691 ridebantur
1609 653 1678 694 esse.
1704 638 1786 695 Unde

146 713 246 769 humes
266 731 376 787 quoque
395 721 479 788 etque
504 717 719 773 contubernales
737 718 780 773 vel
806 718 945 774 commili-
987 717 1088 773 dicitur
1101 716 1248 790 benignus,
1260 721 1341 792 quasi
1352 721 1433 777 valde
1444 722 1586 795 nimisque
1597 723 1784 784 bonusl'idrs

145 808 233 861 tunes.
247 803 330 861 Secta
344 809 411 860 sunt
424 805 583 861 divisiones.
596 807 675 862 Idem
690 812 800 863 suntet
815 808 944 862 haereses.
986 813 1030 863 est
1048 823 1104 879 qua
1123 808 1263 863 credimus
1281 809 1372 864 Deum
1390 811 1612 884 omnipotentem
1628 814 1784 873 trinitatem

147 891 286 950 Dicuntur
303 898 399 948 nutem
417 894 460 948 rel
483 911 499 950 a
524 896 654 961 secando,
675 897 705 951 id
724 901 769 951 est
786 896 943 965 dividendo,
985 895 1090 951 habere
1105 897 1135 951 in
1149 898 1287 969 persenis,
1300 899 1438 955 unitatem
1453 900 1483 955 in
1496 901 1785 977 substantivaque

148 997 178 1039 so
193 982 270 1055 quod
289 982 415 1039 dividant
431 1000 462 1038 se
481 1001 499 1038 a
519 986 716 1042 communione
735 987 855 1042 aliorum
873 987 945 1042 sicut
986 1001 1132 1056 speramus
1146 992 1175 1042 et
1186 987 1328 1043 credimus
1340 1005 1373 1044 ea
1388 1006 1450 1062 quse
1464 991 1583 1047 necdum
1598 992 1736 1051 ridemus.
1748 995 1785 1050 ll·

144 1069 425 1137 hereueiteciebans,
441 1071 489 1143 qui
501 1070 536 1126 ab
553 1073 681 1131 Ecclesiae
693 1074 800 1130 unitate
813 1091 843 1130 se
853 1091 945 1145 segre·
984 1075 1076 1129 larum
1093 1076 1169 1130 enim
1186 1092 1280 1131 rerum
1296 1094 1366 1149 quas
1380 1078 1516 1145 videmus,
1532 1097 1624 1153 neque
1638 1087 1681 1138 est
1700 1083 1782 1153 tides,

146 1157 260 1233 gabant,
276 1159 312 1215 de
325 1159 426 1231 quibus
437 1162 559 1216 ioannes
572 1162 661 1217 dicit:
676 1167 696 1219 A
714 1165 791 1219 nobis
805 1162 942 1232 exierunt,
984 1179 1076 1236 neque
1089 1182 1163 1236 spes,
1179 1165 1227 1220 sed
1251 1165 1366 1221 illarum
1382 1184 1444 1239 quae
1462 1169 1582 1225 necdum
1601 1170 1665 1226 visa
1685 1177 1783 1229 sunta

146 1250 189 1304 sed
202 1254 357 1304 nonerunt
372 1267 405 1305 ea
418 1251 495 1304 nobis
510 1252 535 1321 (I
547 1253 628 1306 ioan.
648 1253 690 1321 rr).
704 1251 755 1305 Vel
769 1254 854 1307 etiam
869 1268 886 1306 a
900 1269 945 1308 se·
986 1253 1066 1308 uobis
1076 1273 1082 1322 ;
1094 1253 1171 1309 verbi
1182 1255 1291 1324 gratia:
1304 1256 1444 1311 credimus
1452 1257 1605 1314 Dominum
1613 1261 1710 1316 lesum
1720 1277 1783 1333 pas·

146 1337 256 1410 quenda
271 1338 403 1394 dicuntur
418 1344 510 1404 secte,
534 1339 607 1395 sicut
619 1341 740 1395 hereses
754 1340 789 1395 ab
805 1339 942 1412 eligendo,
984 1357 1048 1397 sum
1063 1359 1135 1408 esse,
1150 1343 1336 1398 resurrexisse
1350 1360 1368 1399 a
1380 1346 1509 1413 mortuis,
1529 1356 1558 1401 et
1571 1348 1730 1406 ascendisse
1744 1350 1782 1407 ed

146 1427 187 1482 rel
202 1427 336 1483 herendo
350 1445 384 1482 ex
397 1444 430 1483 ee
445 1429 520 1501 quod
535 1445 569 1483 ex
586 1430 683 1484 multis
698 1428 841 1485 erroribus
856 1446 944 1485 unum
985 1430 1078 1496 melos,
1099 1435 1248 1487 venturum
1273 1432 1309 1486 ad
1328 1432 1466 1502 judicium
1489 1433 1607 1489 reddere
1630 1435 1781 1508 uuicuique

145 1516 259 1587 eligant,
276 1522 306 1572 et
318 1517 399 1572 illum
414 1524 578 1590 sequnntur.
984 1519 1139 1575 secundum
1162 1520 1237 1592 quod
1259 1526 1393 1577 meretur.
1408 1521 1491 1578 Fides
1506 1528 1550 1578 est
1568 1528 1597 1579 et
1619 1523 1780 1594 credulitas,

179 1606 304 1661 Inuidia.
322 1606 430 1662 Invidia
438 1608 467 1661 in
477 1607 620 1678 geminam
630 1607 768 1664 scinditur
775 1608 942 1680 passionem,
984 1624 1040 1679 qua
1052 1624 1198 1679 speramus
1207 1624 1241 1663 ea
1252 1624 1314 1680 quae
1326 1625 1384 1666 non
1393 1610 1534 1666 cernimus
1546 1611 1634 1669 oculis
1644 1613 1777 1686 corperis.

145 1708 206 1747 curu
220 1698 273 1749 eut
285 1693 311 1748 is
326 1694 374 1765 qui
388 1695 417 1749 in
431 1695 538 1751 honore
554 1702 606 1763 est,
624 1697 721 1751 videns
734 1697 822 1752 alium
836 1702 944 1753 attente
954 1678 1126 1767 Bldodestia,
1142 1702 1185 1754 est
1199 1698 1386 1754 mansuetudo
1412 1704 1441 1755 et
1466 1699 1567 1757 lenitas
1585 1701 1697 1770 mentis,
1718 1719 1781 1775 ques

144 1781 300 1846 estendere,
314 1782 420 1838 invidet
434 1784 459 1839 ei
476 1801 510 1839 ne
525 1785 560 1839 ad
575 1787 705 1841 eumdem
720 1786 866 1857 pervenire
882 1803 943 1858 pes·
983 1786 1050 1841 laesa
1063 1802 1119 1841 non
1137 1786 1218 1841 facile
1232 1787 1371 1842 irascitur.
1388 1787 1564 1844 Continentia
1578 1794 1623 1846 est
1634 1789 1780 1848 abstineu-

143 1869 180 1926 sit
198 1870 336 1927 honorem
355 1890 361 1925 :
383 1877 433 1927 aut
456 1889 520 1928 cum
543 1873 645 1945 aliquis
670 1874 786 1930 alterius
809 1874 941 1931 felicitate
983 1874 1023 1930 tia
1037 1890 1092 1945 qua
1116 1890 1146 1929 se
1169 1873 1280 1930 cohibet
1301 1875 1385 1930 homo
1398 1892 1417 1931 a
1431 1876 1516 1944 coitu,
1536 1882 1566 1932 et
1581 1877 1780 1935 mulierridua

144 1963 301 2032 torquetur,
322 1960 418 2016 videns
439 1961 518 2017 illum
532 1963 718 2034 ¹superiorem
742 1980 782 2019 se.
806 1964 940 2019 Ebrietas.
982 1962 1113 2017 similiter
1122 1963 1157 2018 ab
1167 1963 1297 2019 omnibus
1306 1962 1454 2020 illecebris.
1465 1965 1582 2020 Oastitas
1592 1982 1656 2022 vere
1665 1967 1779 2039 proprie

143 2045 238 2105 Briam
267 2066 372 2121 genere
395 2050 549 2106 masculine
570 2051 689 2106 dicimus
710 2053 825 2107 calicem
844 2060 942 2124 aptum
983 2050 1121 2121 virginum
1136 2057 1187 2117 est,
1205 2051 1279 2107 unde
1292 2052 1394 2108 dicitur
1403 2052 1518 2108 castitas
1533 2053 1614 2125 quasi
1628 2061 1777 2111 susumus.

143 2136 250 2207 potioni
263 2137 331 2194 vini.
347 2139 509 2194 dominatio
525 2140 627 2195 dicitur
642 2157 744 2196 mensa
758 2141 870 2196 collatio
884 2141 942 2197 sire
981 2140 1017 2195 Et
1031 2140 1084 2195 hoc
1097 2144 1140 2195 est
1162 2140 1237 2195 inter
1260 2140 1464 2196 continentiam
1479 2146 1508 2197 et
1528 2143 1697 2207 mennam,
1713 2143 1781 2215 quia

144 2241 246 2282 meusae
256 2227 415 2282 alternatio.
427 2229 499 2283 Sunt
508 2229 584 2283 enim
595 2229 717 2284 convivia
729 2247 790 2301 quae
800 2230 942 2287 celebren·
983 2228 1155 2284 continentie
1168 2235 1261 2301 potest
1275 2245 1336 2284 esse
1350 2231 1574 2300 conjugatorum,
1590 2231 1738 2288 viduarum
1751 2236 1783 2288 et

143 2318 188 2369 tnr
200 2315 365 2371 alternatim
380 2321 408 2372 et
422 2324 648 2389 praeparantura
668 2319 750 2373 sociis
770 2336 820 2391 per
834 2319 893 2374 dies
913 2326 942 2376 et
981 2317 1129 2374 viduorum
1148 2324 1233 2390 atque
1248 2318 1388 2391 virginum
1403 2335 1409 2372 :
1426 2319 1540 2375 castitas
1560 2336 1625 2376 rere
1639 2319 1781 2393 uirginum

144 2403 234 2470 rices3
251 2411 317 2460 sunt
331 2406 387 2461 alia
401 2423 462 2478 quae
473 2424 505 2461 ex
516 2408 769 2463 communicatione
781 2425 941 2480 praeparan·
981 2407 1094 2479 proprie
1109 2411 1161 2462 est.

141 2497 197 2556 tur,
213 2494 327 2565 quando
346 2511 419 2551 unus
435 2496 517 2552 affert
530 2514 642 2568 penem,
658 2497 731 2552 alius
750 2498 853 2559 vinum,
869 2500 941 2556 elius
1018 2498 1153 2551 Aduersus
1164 2497 1324 2566 husjusmodi
1338 2513 1394 2551 nan
1408 2501 1445 2551 est
1459 2499 1510 2565 lea,
1521 2495 1550 2551 id
1562 2500 1606 2553 est
1618 2497 1780 2569 hujusmodi

140 2582 228 2638 aliud.
248 2583 316 2648 Qua
329 2585 433 2640 idcirce
449 2586 629 2656 appellantur
642 2587 869 2654 comessationes,
889 2590 942 2644 hoc
981 2584 1142 2640 hominibus
1159 2585 1227 2640 talia
1247 2583 1429 2657 operantibus
1443 2601 1499 2640 non
1520 2590 1563 2641 est
1580 2586 1626 2642 lex
1639 2587 1781 2644 caumana

142 2677 184 2729 est
203 2689 309 2728 mensae
324 2674 496 2739 collationes,
512 2676 578 2746 quia
601 2676 674 2731 sicut
698 2692 796 2731 omues
820 2678 940 2749 propriis
981 2688 1073 2746 neque
1096 2673 1151 2727 illis
1172 2674 1354 2730 necessarie:
1377 2673 1481 2728 etenim
1497 2673 1582 2729 ebeni
1599 2675 1715 2731 suntab
1729 2692 1778 2738 ea.

143 2766 261 2817 utuntur
273 2762 344 2817 cibis
358 2768 386 2817 et
408 2763 613 2830 communibus,
635 2765 675 2819 ita
689 2765 775 2819 etiarn
793 2782 843 2836 pro
859 2764 941 2821 libitu
983 2762 1076 2826 Quare
1091 2779 1148 2817 non
1163 2770 1206 2817 est
1226 2764 1270 2818 lex
1293 2763 1349 2817 illis
1364 2763 1532 2829 necessaria,
1555 2769 1605 2819 aut
1618 2764 1781 2820 consonat

144 2865 192 2907 cuo
201 2851 396 2923 unusquisque
409 2852 543 2924 quidquid
559 2853 737 2908 scurrilitatis
750 2860 780 2908 et
790 2854 941 2909 otiositatis
982 2850 1051 2905 dicit
1063 2850 1113 2905 illa
1124 2869 1130 2905 τ
1141 2853 1204 2906 Non
1219 2850 1402 2916 adulterabis,
1413 2868 1469 2907 non
1480 2852 1598 2908 occides.
1609 2849 1655 2907 Illi
1665 2868 1722 2908 non
1733 2868 1781 2908 se·

143 2939 169 2995 ei
187 2940 281 3010 placet
306 2940 439 3012 loquitur,
466 2941 530 2996 ideo
547 2949 682 2997 vocantur
695 2943 789 3014 turpia
804 2943 938 2998 convivia.
982 2938 1040 2992 lum
1056 2939 1109 2992 hoc
1122 2955 1176 2993 non
1192 2940 1309 3006 faciunt,
1320 2940 1369 2995 sed
1383 2940 1469 2995 etiam
1484 2940 1643 2995 castitatem
1656 2946 1779 3009 servant,

143 3027 176 3085 Et
186 3029 231 3082 his
245 3031 362 3091 similia,
378 3029 512 3085 subaudis
526 3038 650 3102 peccata,
662 3048 747 3103 opera
758 3037 825 3086 sunt
838 3032 938 3098 carnis,
984 3033 1012 3082 et
1021 3027 1183 3082 custodiunt
1191 3044 1221 3082 se
1231 3045 1288 3084 non
1296 3029 1387 3085 selum
1397 3028 1433 3084 ab
1442 3028 1658 3093 homicidio,sed
1666 3028 1781 3102 insuper

142 3133 200 3186 qun
224 3134 321 3189 opera·
333 3120 450 3187 predico
464 3122 537 3175 uobis
552 3121 636 3176 modo
658 3125 730 3175 sicat
746 3122 874 3189 orantei.
888 3120 942 3176 Ubi
983 3115 1112 3171 inimicos
1127 3133 1192 3172 sues
1207 3117 1348 3188 dilligent.
1365 3119 1419 3186 Qui
1436 3122 1529 3173 annm
1542 3123 1608 3173 sunt
1622 3117 1736 3183 Christi,
1751 3117 1782 3174 id

141 3207 284 3279 predixit?
293 3210 356 3262 Non
368 3215 462 3277 reanct
470 3216 612 3278 peccatu-m
624 3214 655 3264 in
665 3216 753 3265 oestro
762 3213 876 3264 mortali
886 3227 942 3265 cor·
983 3210 1027 3260 est
1041 3205 1089 3275 qui
1105 3205 1247 3276 pertinent
1260 3206 1293 3260 ad
1310 3211 1414 3261 sortem
1425 3205 1540 3274 Christi,
1554 3205 1624 3262 vitia
1636 3211 1666 3262 et
1680 3222 1782 3264 concu-

134 3308 203 3363 -pors
219 3297 305 3359 (Rern.
322 3302 373 3361 stt,
389 3300 522 3365 qnoniam
543 3301 593 3366 pai
613 3301 691 3365 tau'a,
708 3297 842 3353 subaudis
857 3315 942 3369 opere
982 3293 1135 3365 piscentias
1149 3294 1238 3348 malas
1250 3293 1280 3348 in
1292 3310 1376 3349 cerne
1390 3311 1442 3350 sua
1452 3294 1782 3360 mortificaverunt-Quat

142 3387 239 3451 ayunt,
251 3400 368 3452 reanrcm
379 3387 426 3440 liei
437 3402 492 3440 iton
504 3392 712 3455 contemnentur.
721 3387 784 3442 Non
792 3387 876 3442 dixit:
889 3387 943 3452 Qui
983 3382 1059 3437 enim
1075 3388 1189 3455 peccata
1206 3399 1224 3438 a
1237 3382 1317 3439 nobis
1331 3383 1505 3455 expellimus,
1519 3388 1563 3441 tot
1575 3383 1643 3439 vitia
1655 3383 1686 3439 in
1700 3382 1781 3439 nobis

141 3471 206 3527 mis
222 3479 352 3542 egerunt,
364 3474 413 3528 sed
428 3478 478 3542 qni
493 3479 561 3530 talia
576 3481 676 3544 aptant,
690 3476 718 3529 id
734 3481 777 3530 est
792 3475 882 3546 quiin
899 3481 942 3530 ta·
983 3488 1095 3543 semper
1108 3472 1281 3528 occidimus:
1298 3478 1327 3527 et
1340 3488 1453 3528 carnem
1466 3473 1655 3544 mudtlgimns
1667 3477 1695 3527 et
1707 3488 1782 3528 mou·

140 3557 214 3614 libus
226 3566 395 3632 permanent
413 3563 551 3633 usquead
567 3564 640 3618 diem
656 3563 755 3617 mertis
770 3580 837 3627 sure,
856 3563 942 3618 ritum
982 3561 1135 3628 tlilcamus,
1150 3563 1263 3634 quando
1277 3560 1457 3617 delectationi
1479 3578 1572 3638 praru
1593 3566 1622 3617 ct
1642 3558 1780 3616 voluntati

140 3654 274 3707 aternam
291 3666 348 3704 non
363 3651 556 3722 possidebunt.
575 3653 620 3707 Sic
635 3658 663 3706 et
678 3652 813 3707 Dominus
825 3651 899 3706 dicet
912 3652 941 3706 in
983 3665 1120 3721 perversae
1134 3665 1191 3704 non
1206 3649 1408 3706 consentimus.

140 3737 185 3792 die
196 3737 297 3808 judicii
311 3739 457 3811 reprobis:
476 3743 606 3796 discedite
623 3758 704 3807 ame,
721 3744 770 3809 pai
784 3744 941 3809 operamini

134 3828 320 3895 iniquitatem
336 3829 444 3901 (Mattio.
461 3834 521 3898 vu),
536 3846 592 3885 non
607 3830 653 3902 qui
668 3829 777 3902 operati
790 3828 868 3895 estis,
890 3829 940 3884 sed
1291 3791 1409 3848 CAPUT
1426 3791 1482 3861 Vh

138 3915 187 3987 qui
201 3915 230 3970 in
244 3917 364 3987 poecetis
379 3918 464 3973 vitam
479 3918 590 3973 finistis.
1016 3917 1049 3972 Si
1062 3919 1166 3985 spiritu
1182 3918 1312 3982 uiuimus,
1328 3919 1432 3985 spirita
1443 3922 1469 3971 et
1481 3918 1665 3974 ambulemus.
1679 3917 1780 3974 iliade

173 4006 293 4060 Fructus
302 4010 396 4060 autem
405 4010 522 4075 spiritus
534 4014 571 4062 est
582 4009 713 4064 charitas.
727 4009 856 4065 Charitas
866 4010 941 4065 Gree-
982 4005 1090 4077 Spiritu
1104 4010 1201 4060 sancto
1214 4004 1357 4075 loquitur:
1372 4004 1412 4072 Si,
1423 4003 1525 4077 inquit,
1536 4004 1637 4076 spiritu
1650 4004 1779 4075 vivimus,

137 4109 203 4149 cum
219 4098 272 4159 est,
290 4099 320 4148 et
333 4094 575 4166 interpreteturin
592 4096 691 4150 Latina
705 4097 803 4168 lingua
817 4098 937 4154 dilectio.
983 4093 1034 4148 hoc
1049 4100 1101 4160 est,
1117 4093 1140 4148 si
1163 4109 1214 4165 per
1228 4092 1364 4164 Spiritum
1383 4097 1512 4148 sanctum
1532 4093 1616 4148 vitam
1631 4092 1778 4163 hebemus,

138 4181 251 4239 Dicitur
263 4190 358 4237 autem
369 4184 491 4252 dilectio,
504 4201 536 4239 eo
547 4185 621 4257 quod
635 4185 705 4241 duos
719 4186 796 4257 liget,
809 4187 898 4243 Deum
914 4194 943 4244 et
982 4198 1033 4254 per
1047 4198 1132 4254 quem
1153 4181 1273 4237 vivimus
1293 4182 1363 4251 Deo,
1378 4181 1543 4253 spiritaliter
1564 4181 1699 4239 debemus
1711 4199 1781 4239 ceu·

136 4269 296 4338 hominem,
312 4273 357 4326 rel
370 4273 440 4328 duos
466 4274 617 4345 proximos.
639 4275 706 4339 Quae
728 4276 829 4332 merito
843 4276 874 4331 in
888 4292 941 4332 nu·
983 4273 1087 4327 servnri
1097 4277 1125 4327 et
1135 4272 1236 4336 vivere,
1247 4270 1425 4327 ambulantes
1434 4271 1469 4327 de
1482 4271 1584 4327 virtute
1594 4270 1624 4327 in
1636 4270 1779 4342 virtutem,

134 4372 218 4415 mero
233 4360 369 4416 virtutum
386 4362 538 4432 primatum
553 4368 639 4427 tenet.
652 4364 718 4435 quia
733 4365 794 4436 ipsa
808 4364 879 4436 ligat
892 4348 974 4420 cei-D
984 4361 1100 4415 virtutes
1111 4361 1254 4427 sectando,
1265 4360 1333 4415 vitia
1346 4360 1513 4432 respuendo.
1524 4359 1589 4415 Vita
1599 4360 1700 4417 enimse
1711 4361 1782 4418 tides

135 4451 216 4504 teras
228 4449 358 4506 virtutes.
370 4451 421 4506 Est
436 4457 529 4507 eutem
543 4452 675 4514 charitas,
694 4469 775 4508 amor
788 4458 816 4508 et
829 4453 942 4509 dilectio
983 4455 1034 4517 est,
1056 4465 1112 4521 qua
1130 4450 1270 4505 credimus
1287 4449 1377 4504 Deum
1397 4449 1640 4522 omnipotentem:
1662 4454 1692 4504 et
1709 4449 1782 4506 sicut

134 4552 195 4609 qua
206 4537 366 4609 diliguntur
386 4541 460 4595 Deus
472 4546 501 4595 et
516 4541 661 4611 proximus
674 4546 703 4596 et
715 4541 844 4597 inimicus
856 4546 941 4597 etiam
983 4555 1084 4610 corpus
1098 4538 1165 4593 vivit
1179 4538 1284 4602 anima,
1296 4538 1336 4593 ita
1350 4537 1446 4593 anima
1456 4537 1523 4592 vivit
1535 4537 1600 4600 ilde,
1614 4538 1694 4608 juxta
1706 4537 1781 4608 quod

134 4632 256 4698 propter
270 4625 371 4684 Deum.
396 4629 535 4685 Gaudium
560 4634 602 4685 est
616 4630 782 4685 exhilaratio
796 4631 897 4696 cordis.
914 4638 943 4687 et
983 4628 1208 4700 perprophetam
1217 4625 1782 4682 Dominusdicit:lustusaatemureusesa

131 4711 190 4769 hac
202 4714 291 4770 distat
304 4715 522 4786 interpaudium
534 4722 562 4772 et
576 4717 713 4784 letitiam,
728 4719 794 4790 quia
805 4719 941 4791 gaudium
983 4718 1034 4785 fide
1044 4719 1110 4770 vivit
1123 4717 1235 4784 (llatae.
1246 4715 1286 4780 ul.
1296 4715 1376 4781 Quod
1385 4714 1410 4768 si
1420 4713 1590 4769 subtraxerit
1603 4729 1644 4779 se,
1653 4712 1781 4784 nonpla·

134 4801 227 4859 nimia
239 4809 284 4858 est
298 4806 447 4860 exsultatio
462 4807 554 4861 cerdis
565 4812 593 4861 et
604 4808 729 4877 corperis
744 4823 750 4858 ε
765 4808 863 4863 latitia
875 4823 941 4863 vero
983 4803 1056 4861 cebit
1069 4805 1170 4860 anime
1182 4820 1261 4859 mere.
1274 4804 1342 4868 Qum
1356 4801 1426 4858 fides
1440 4818 1491 4872 per
1504 4800 1640 4872 Spiritum
1651 4805 1782 4857 sanctum

134 4896 181 4947 est
194 4891 385 4955 mediocriter,
397 4900 426 4950 et
440 4896 473 4949 srt
484 4895 660 4950 solummodo
675 4896 704 4950 in
716 4897 809 4951 corde.
823 4899 884 4951 Pan
898 4901 942 4951 est
983 4893 1063 4949 nobis
1078 4893 1221 4958 tribuitur,
1245 4892 1292 4965 qui
1306 4895 1350 4946 est
1362 4891 1446 4946 unius
1460 4888 1624 4944 substautiae
1639 4905 1705 4945 cum
1723 4890 1782 4946 Deo

132 4979 459 5053 quiescttranquillitas
468 4983 527 5037 sive
536 4983 638 5038 lenitas
648 4985 761 5051 ruentis,
771 5001 788 5039 a
798 5001 853 5056 qua
865 4985 941 5040 Salo·
982 4983 1066 5037 Patre
1080 4988 1110 5036 et
1122 4980 1193 5036 Filio
1207 4985 1254 5034 :et
1263 4995 1320 5034 uon
1334 4978 1394 5033 sola
1405 4976 1475 5032 tides
1487 4975 1522 5031 ab
1535 4976 1583 5032 illo
1596 4975 1676 5032 nobis
1686 4978 1780 5047 datur,

131 5082 206 5124 men
227 5084 334 5124 nomen
359 5071 476 5142 accepit.
496 5071 526 5125 id
548 5076 590 5126 est
607 5073 747 5143 pacificus,
774 5089 806 5128 eo
822 5073 896 5144 qued
911 5073 941 5127 in
982 5071 1031 5126 sed
1059 5070 1146 5125 etiam
1166 5067 1302 5140 quidquid
1321 5066 1387 5121 boni
1416 5064 1555 5122 hebemus
1573 5065 1609 5121 ab
1632 5065 1681 5123 illo
1701 5068 1782 5125 nobis

133 5156 240 5213 diebus
251 5159 313 5228 ejus
327 5158 407 5230 quies
422 5167 496 5214 esset
510 5161 584 5215 data.
600 5163 809 5230 lonpanimitas
817 5167 864 5217 est
879 5178 941 5233 per·
981 5160 1206 5215 administratur.

134 5245 938 5320 reverantiainbeneopere,ettolerentiainteradversa:
1016 5246 1783 5316 NonefficiamurinanisaloriacapidiQureestinsnis

135 5335 335 5407 unusquisque
349 5336 423 5391 enim
438 5336 530 5392 fidelis
543 5338 712 5409 longanimis
727 5339 810 5394 debet
822 5356 893 5400 esse.
909 5344 942 5393 ut
981 5333 1784 5409 gloriaihaushumana,iavorterrenusdequadicitiihri·

136 5424 287 5495 perueniat
300 5425 336 5479 ed
350 5426 497 5496 praemium
512 5427 692 5498 premissum,
704 5429 784 5498 J'uxta
800 5426 874 5498 quod
888 5426 942 5483 Do·
982 5422 1783 5496 stus:Sigloriamabheminibusquaero,gloriameunihil

136 5511 234 5575 minus
248 5513 309 5571 uit:
323 5515 378 5583 Oui
387 5519 601 5584 praeconaverit
623 5533 707 5586 usqae
721 5520 750 5571 in
767 5518 860 5583 tinem,
880 5519 936 5574 etc.
954 5532 957 5536 ·
983 5514 1289 5586 esttioan.r1u).Quae
1299 5520 1375 5572 recte
1387 5513 1482 5573 innuis
1489 5513 1582 5588 gloria
1595 5512 1706 5577 duna,
1718 5509 1785 5583 quia
