3818 6104
210 230 276 292 ltttl
450 238 640 300 HAYMONlS
655 246 901 309 HALBERSTAT.
917 248 1029 308 EPISC.
1044 250 1124 308 OPP.
1141 252 1234 311 Pana
1249 255 1272 316 1.
1290 285 1322 298 -
1338 253 1526 311 COMMENT.
1541 255 1634 311 BIBL.
1778 253 1840 313 lost

208 360 310 416 uestro
324 369 491 420 oenomaus
505 369 535 421 in
548 369 619 423 cetis
632 376 670 424 est
685 373 850 441 wirthunu.
873 377 947 431 Bone
960 394 1007 431 au·
1016 379 1041 439 Α
1051 377 1112 433 Erit
1130 379 1274 439 tribulatio
1298 381 1389 453 qualis
1408 377 1464 436 n'on
1479 382 1534 437 tuit
1558 399 1652 473 neque
1667 383 1726 438 fret.
1742 383 1800 458 Quo
1818 385 1842 458 in

208 455 265 504 tem
280 467 330 522 per
342 452 464 508 medium
476 456 575 511 culum
589 458 672 524 volat,
688 460 736 531 qui
752 462 893 518 hincinde
908 466 1005 520 orbem
1046 468 1107 522 loco
1123 471 1240 540 quaestio
1265 471 1363 536 oritur,
1381 488 1468 544 quare
1481 470 1592 531 dicatur
1610 473 1708 541 fumus
1724 472 1800 551 putei
1810 474 1844 526 si-

208 545 350 595 terrarum
361 542 389 596 in
405 541 499 598 electis
513 545 645 616 possidet,
662 546 743 620 cujus
767 551 926 621 predicatio
947 569 1004 608 non
1048 557 1123 612 milis
1142 558 1218 613 fumo
1235 559 1355 614 fornacis
1370 576 1497 630 magne:
1517 560 1633 617 sienim
1653 567 1724 615 tunc
1739 558 1844 621 tribula·

210 626 374 700 slmplicitcr
396 647 456 707 rox,
472 629 522 686 sed
538 650 600 688 cum
616 636 807 694 additamento
834 657 885 695 ror
905 658 1009 712 magna
1049 647 1088 700 tio
1102 647 1164 714 erit,
1182 648 1272 718 qualis
1286 665 1342 702 non
1361 648 1424 714 luit,
1441 649 1583 721 quomodo
1603 665 1679 706 nuuc
1700 649 1846 705 similisest

209 716 333 784 vocatur,
348 718 415 808 quin
427 719 456 773 in
470 724 529 776 toto
543 723 648 778 mundo
663 726 767 798 sonuit,
784 728 856 783 sicut
870 729 1009 801 deprimis
1050 734 1178 790 doctrina
1205 736 1401 795 lrasreticorum
1429 737 1562 792 doctrinae
1589 716 1775 813 antichristi?
1801 739 1848 794 Sed

208 805 440 876 praedicatoribus
452 809 513 879 ejus
522 811 627 867 dictum
643 819 702 868 est:
719 817 753 870 In
772 833 879 872 arranem
905 821 1009 873 terram
1050 825 1194 895 sciendum
1210 825 1276 897 quia
1286 810 1335 879 illa
1349 826 1506 898 persecutio
1517 831 1546 881 et
1560 825 1632 900 falsa
1645 827 1778 902 doctriua
1789 829 1849 882 anti·

209 896 292 986 estoit
303 910 386 950 sonore
409 898 505 952 eorum
519 900 606 971 (nom.
623 903 665 970 x).
681 903 731 958 Vel
748 908 823 960 certe
839 923 942 977 magna
958 925 1009 962 vox
1049 913 1149 967 christi
1163 919 1191 975 et
1206 920 1371 991 caeterorum
1386 931 1419 968 ex
1433 919 1513 996 parte
1532 913 1634 970 similis
1645 915 1713 978 erit,
1730 933 1764 991 ⁰¹,
1778 926 1849 989 parte

208 998 260 1054 pro
276 982 1007 1064 magnalibertatisaudaciaponitur.Etnotandunr
1049 1001 1203 1057 dissimilis.
1221 1002 1327 1071 Similis
1340 1004 1394 1058 erit
1408 1003 1437 1058 in
1465 1004 1663 1080 persecutione
1679 1006 1848 1080 sauctorum,

210 1072 276 1143 qnia
290 1074 468 1150 abacelam,
486 1076 534 1132 sed
554 1083 660 1135 terram
675 1077 898 1139 inhabitantibus
914 1087 1009 1139 l'aesu·
1048 1090 1188 1153 inerrare
1208 1090 1365 1147 urendacii:
1386 1075 1530 1149 dissimilis
1549 1109 1616 1147 rero
1644 1093 1675 1163 in
1704 1091 1760 1149 hoc
1784 1092 1850 1184 quod

209 1166 304 1217 turum
321 1162 501 1220 lamentando
514 1166 673 1237 denuntiat,
689 1173 809 1245 terrenis
830 1173 935 1229 scilicet
959 1175 1009 1229 da·
1050 1185 1117 1236 tunc
1130 1180 1171 1234 illi
1186 1180 1323 1235 miracula
1338 1181 1439 1236 tacturi
1453 1185 1528 1247 sunt,
1541 1181 1674 1235 cumsint
1688 1181 1754 1236 salsi
1766 1180 1851 1251 doctu

209 1250 320 1306 sideriis
335 1258 419 1329 atque
434 1254 667 1313 oblectationibus
676 1259 791 1320 deditis.
1050 1268 1182 1340 res,quod
1197 1269 1244 1326 isti
1258 1268 1349 1322 facero
1363 1286 1419 1325 non
1431 1274 1559 1341 possunt,
1570 1269 1695 1340 ideoque
1709 1269 1852 1324 immanior

521 1391 638 1452 CAPUT
657 1394 695 1451 lx
1051 1356 1105 1410 orit
1120 1356 1176 1422 illa,
1190 1356 1255 1431 quia
1269 1373 1319 1434 per
1333 1344 1452 1430 utraqu'e
1466 1340 1633 1429 decipiet.Et
1649 1335 1850 1431 obscuratusesl

699 1436 704 1447 '
1050 1449 1089 1500 sol
1104 1452 1128 1499 et
1138 1445 1232 1500 acr.1d
1247 1446 1291 1499 cs't
1303 1445 1437 1513 Ecclesia,
1452 1446 1518 1519 quia¹
1529 1446 1604 1529 quod
1621 1463 1674 1527 per
1692 1446 1792 1513 solem,
1803 1446 1848 1501 hoc

246 1520 533 1592 thuintusanuctus
550 1527 614 1580 tubo
630 1531 746 1582 cecinit:
762 1532 1010 1585 etor'dr'stettarndc
1051 1536 1289 1606 significaturper
1308 1551 1383 1599 aera,
1406 1541 1435 1590 et
1452 1534 1505 1588 hoo
1524 1534 1554 1592 in
1575 1534 1665 1590 tertia
1689 1541 1771 1610 parte
1799 1535 1847 1599 soi,

211 1612 273 1662 ceto
285 1611 409 1665 eccidisse
420 1614 450 1666 in
460 1611 749 1683 'terram-Hasostclla,
765 1623 798 1672 ut
807 1619 1008 1690 supradictum
1021 1621 1080 1717 nid
1094 1627 1147 1685 est,
1163 1623 1192 1677 ln
1207 1621 1337 1677 omuibus
1358 1621 1484 1706 reprobis
1510 1627 1555 1678 est
1577 1622 1799 1702 iutelligendum
1821 1631 1849 1702 ut

211 1699 262 1780 est,
276 1696 418 1768 diabolum
433 1701 632 1777 significatqui
648 1722 678 1760 so
692 1706 877 1778 tmnstlgumt
887 1709 915 1762 in
926 1725 1010 1780 auge·
1052 1728 1146 1784 supra.

210 1785 269 1862 lum
285 1786 363 1855 lucis,
380 1790 631 1863 undequibusdam
647 1811 786 1866 apparens
801 1795 877 1862 ¹dicit
899 1813 928 1851 sc
950 1814 1011 1854 esse
1087 1792 1124 1855 De
1136 1802 1214 1873 [urna
1225 1802 1312 1869 putri,
1326 1799 1354 1854 id
1371 1803 1422 1865 est,
1440 1800 1474 1854 de
1489 1800 1690 1877 haereticorum
1712 1799 1847 1858 doctrina.

211 1872 364 1955 Christum,
383 1876 455 1946 sicut
469 1878 549 1953 beato
560 1883 739 1939 Martino.De
755 1884 807 1939 hoc
821 1886 1009 1959 eumoccidit,
1053 1890 1189 1967 lirr'ernut
1204 1893 1310 1943 locuste
1325 1892 1355 1944 in
1369 1887 1625 1961 tcr·run.Discipuli
1635 1889 1747 1946 scilicet
1757 1891 1852 1944 erroris

211 1963 264 2018 hoc
277 1970 327 2026 est,
346 1965 379 2020 ds
404 1983 522 2023 numero
550 1970 725 2041 angelorum,
743 1971 785 2027 vol
806 1973 840 2028 do
859 1975 938 2041 coelo,
959 1977 1012 2031 lroc
1053 1977 1112 2034 nati
1124 1982 1198 2043 sunt,
1213 1977 1260 2055 qui
1274 1984 1387 2033 terrore
1401 1979 1486 2032 corda
1506 1979 1656 2035 hominurn
1680 1978 1849 2053 deciperent.

212 2056 265 2127 est,
280 2053 315 2107 dc
328 2054 450 2124 Ecclesia
463 2059 539 2113 cadit
558 2060 693 2130 quotidie,
710 2061 822 2133 quaudo
848 2080 880 2117 ex
901 2065 1013 2135 gentili·
1053 2068 1125 2122 Nam
1141 2058 1256 2140 locustae
1270 2083 1361 2139 neque
1383 2071 1473 2129 rectos
1487 2082 1603 2137 gressus
1612 2052 1731 2133 liabent,
1745 2070 1778 2122 ut
1789 2085 1855 2145 que

211 2144 271 2196 tate
286 2140 400 2213 quidam
414 2153 614 2203 convertuntur
628 2151 663 2204 ad
683 2152 776 2217 sidem,
792 2153 849 2221 sire
865 2169 897 2206 cx
910 2170 1013 2224 paren·
1053 2155 1118 2210 dam
1132 2155 1272 2217 animalia,
1287 2172 1379 2227 neque
1395 2155 1516 2223 rolatum
1537 2159 1571 2209 ut
1585 2173 1665 2224 ares,
1678 2156 1746 2231 quia
1771 2156 1849 2211 disci·

212 2230 287 2285 tibus
302 2231 462 2288 chrlstiauis
477 2237 547 2302 nati,
565 2238 641 2293 tonte
651 2237 827 2310 baptismatis
842 2235 1011 2312 regeneras·
1073 2245 1112 2300 uli
1124 2229 1318 2317 hoereticorum
1350 2244 1391 2297 rel
1412 2243 1466 2337 ipsi
1484 2226 1610 2298 haeretici
1636 2226 1732 2320 neque
1756 2251 1853 2321 rectam

213 2324 270 2389 tur,
287 2326 315 2387 et
328 2318 438 2376 diabolo
454 2326 624 2396 renuntiant,
642 2333 670 2381 et
689 2320 818 2385 omnibus
833 2329 964 2401 operibus
984 2337 1012 2387 et
1053 2263 1158 2390 tabent
1171 2334 1265 2396 fidem,
1281 2338 1313 2387 nt
1323 2332 1425 2399 solent,
1440 2336 1469 2388 et
1480 2333 1683 2388 coelestiacum
1694 2333 1801 2410 sanctis
1811 2350 1854 2417 po·

214 2407 325 2481 pompis
345 2412 415 2481 ejus.
433 2413 464 2467 In
484 2416 589 2468 terram
608 2416 692 2479 cadit,
707 2417 759 2472 hoc
784 2423 836 2485 est,
853 2419 881 2472 in
901 2420 1012 2507 eosqui
1052 2407 1123 2485 iant,
1138 2422 1172 2479 de
1186 2422 1287 2495 quibus
1301 2420 1390 2476 isaias
1404 2406 1471 2475 dicit
1486 2423 1518 2489 (c.
1535 2421 1593 2488 cxl:
1611 2422 1744 2490 Ouisunt
1757 2420 1855 2507 r'stiuni

212 2484 318 2552 terreni
334 2491 408 2554 su'nt.
425 2501 487 2556 Non
503 2504 620 2559 enimin
635 2507 714 2574 coelo,
730 2507 758 2561 id
785 2511 827 2578 est
854 2504 883 2562 ln
906 2510 1011 2564 sanctis
1053 2514 1174 2569 otacher
1188 2496 1280 2565 coloret
1291 2515 1403 2582 tueque
1414 2516 1504 2565 rectos
1514 2498 1630 2581 gressus
1640 2495 1854 2587 operationis,ut

212 2582 381 2657 potestatem
395 2587 490 2646 habet.
1053 2617 1116 2656 cunr
1132 2599 1382 2665 psalmistadioerc
1390 2599 1499 2670 possint
1511 2617 1517 2652 :
1533 2599 1642 2655 Statuit
1652 2615 1742 2668 snpra
1752 2603 1854 2667 petron

247 2676 281 2730 tn
294 2678 360 2731 (tota
377 2685 414 2732 cst
426 2683 452 2734 ei
465 2682 549 2735 closis
560 2687 638 2751 putei
651 2686 752 2754 abussi.
767 2685 839 2750 Quid
862 2702 911 2757 per
932 2687 1012 2758 ubys·
1071 2691 1266 2752 affectasset
1295 2688 1399 2742 direxit
1422 2703 1530 2754 pressus
1549 2704 1622 2742 aneos
1651 2690 1737 2758 (Psat.
1754 2694 1851 2765 xxxrxt

213 2779 285 2832 sum,
298 2766 351 2820 nisi
366 2782 450 2852 prata
461 2769 646 2842 designantur
657 2774 742 2828 corda
756 2775 938 2847 reproborum
947 2793 1009 2847 pec·
1051 2706 1148 2845 gallus
1158 2777 1227 2831 darrt
1241 2777 1366 2847 locuste,
1380 2781 1408 2830 ct
1418 2775 1536 2830 virentia
1554 2792 1677 2848 quaeque
1691 2776 1853 2853 perrodunt,

212 2855 283 2918 catis
295 2856 444 2912 torrebrosa
454 2859 466 2912 l
478 2860 517 2914 De
532 2859 584 2932 hac
599 2861 699 2934 abysso
712 2864 815 2918 dicitur·
829 2864 859 2919 in
878 2865 980 2919 Genesi
1002 2884 1007 2918 ι
1054 2866 1167 2941 quintili
1175 2882 1225 2938 per
1228 2865 1394 2937 jactantiam
1403 2850 1590 2944 elevantur-,bt
1598 2864 1713 2920 animas
1721 2881 1852 2943 quaspos·

217 2944 339 3016 Tenebras
354 2952 434 3014 ernost
448 2951 640 3018 supersectam
655 2955 748 3021 ohpssi
765 2953 839 3020 (Gen.
857 2955 888 3023 1).
902 2953 1012 3027 Perpu·
1052 2946 1119 3011 sirnt
1134 2971 1194 3026 qum
1209 2942 1329 3018 virorem
1344 2953 1409 3008 tldei
1420 2940 1536 3021 habent,
1552 2959 1669 3033 nocant.
1692 2955 1725 3009 Et
1737 2946 1806 3007 dard
1819 2956 1851 3006 est

213 3038 291 3088 teum
306 3039 401 3090 autern
415 3035 537 3094 heretici
553 3040 759 3112 intelliguntur,
775 3044 839 3125 quia
862 3058 912 3097 sun
928 3036 1042 3114 prauae
1053 3045 1110 3097 illis
1120 3044 1317 3111 protestantium
1338 3042 1438 3120 liabent
1457 3045 1612 3111 scorpiones
1622 3029 1785 3110 potestatem
1802 3044 1847 3094 ter·

214 3122 342 3178 doctrina
356 3128 385 3178 et
394 3126 534 3196 profunda
547 3125 673 3184 homines
688 3131 717 3185 in
733 3131 789 3186 imn'
802 3139 883 3186 terrae
898 3131 1010 3186 demer-
1052 3129 1654 3207 ra.Potestasnocendiscorpionisinenudu
1665 3128 1850 3185 est.Perhanc

213 3217 294 3282 gunt.
311 3213 402 3269 Claris
413 3232 479 3270 rero
494 3218 570 3287 putei
590 3218 692 3290 abyssi,
704 3225 829 3289 potestas
844 3212 1011 3294 iutelligitur
1052 3221 1127 3275 enim
1142 3219 1261 3292 percutit
1276 3225 1304 3272 et
1318 3206 1581 3272 venena‘dillundit.
1609 3218 1729 3290 Scorpio
1750 3234 1849 3289 quoque

213 3296 326 3369 diaboli,
344 3303 391 3374 qui
404 3303 566 3360 dominatur
580 3307 727 3372 hereticis,
738 3310 853 3379 paganis
864 3314 892 3363 et
904 3310 1011 3364 caeteris
1053 3309 1082 3364 in
1095 3308 1166 3362 lacie
1192 3310 1234 3361 est
1259 3304 1388 3381 blundus,
1404 3305 1453 3359 sed
1475 3305 1583 3359 occulte
1604 3294 1699 3360 cauda
1718 3292 1842 3377 percutlt.

214 3378 384 3446 infidelibus.
398 3391 532 3464 Legimus
556 3396 631 3449 eninr
651 3397 725 3467 quod
741 3397 824 3451 Petro
849 3398 921 3452 datto
946 3404 1012 3469 sunt
1053 3397 1134 3453 Tales
1148 3399 1215 3450 sunt
1229 3394 1361 3457 haretici,
1378 3393 1425 3465 qui
1448 3393 1526 3448 salsis
1540 3408 1608 3447 vera
1629 3392 1811 3465 permiscant,
1827 3380 1850 3472 o}

213 3478 316 3550 clauos,
333 3478 413 3536 idest
428 3488 551 3553 potestas
561 3475 666 3557 ligandi
678 3491 706 3540 ct
716 3485 898 3541 solrondidta
909 3504 975 3557 ergo
984 3488 1012 3541 in
1053 3484 1161 3542 lucillus
1176 3483 1318 3539 auditores
1330 3481 1479 3555 decipiant,
1492 3483 1589 3553 sicque
1598 3475 1710 3538 veneno
1722 3478 1848 3537 maledo-

214 3566 268 3635 hoc
279 3567 337 3623 loco
348 3557 507 3651 clarisque
520 3571 587 3626 data
601 3579 644 3628 est
658 3574 909 3645 diabolo.potentia
924 3575 1009 3628 intel·
1054 3576 1151 3629 ctrinac
1165 3574 1308 3645 doclpiunt
1317 3564 1467 3643 sirnpiices,
1484 3561 1633 3642 dequibus
1650 3571 1799 3626 Psalmista
1808 3570 1847 3647 ait

214 3651 409 3733 ligitur·,quam
421 3666 530 3715 exercet
540 3661 568 3714 in
584 3662 726 3734 reprobae.
737 3663 803 3727 Quae
818 3662 859 3716 illi
871 3663 936 3717 datn
953 3654 1013 3735 osse
1053 3665 1217 3733 Sepulcrum
1239 3667 1335 3731 puteus
1354 3667 1392 3715 est
1416 3665 1515 3728 uultur
1533 3675 1631 3714 corum
1652 3662 1742 3731 (llorn¹
1757 3668 1805 3723 111).
1822 3659 1847 3712 Et

216 3734 318 3817 dicitur
332 3752 447 3819 propter
460 3749 520 3806 hoc.
539 3752 611 3821 quod
628 3768 684 3816 non
707 3757 750 3806 est
764 3736 868 3818 ablata,
884 3752 958 3805 sicut
968 3751 1012 3805 in·
1054 3768 1133 3806 sacra
1148 3751 1293 3823 Scriptura
1306 3749 1498 3820 testaturquia
1511 3748 1651 3828 propheta
1666 3749 1770 3803 docens
1781 3764 1847 3801 mon-

216 3823 350 3899 duratum
366 3842 409 3890 est
422 3853 470 3891 cor
484 3837 647 3905 Pharaonls,
668 3839 696 3893 id
711 3843 826 3894 estnon
845 3836 1011 3894 emollitum.
1054 3841 1176 3903 dacium,
1189 3841 1249 3921 ipse
1266 3843 1309 3893 cst
1322 3839 1426 3893 cauda.

252 3924 286 3978 Et
295 3928 404 3993 operuit
411 3931 527 3993 pineum
535 3929 710 3994 abusatQuia
725 3930 784 4000 ipse
794 3930 914 4003 inspirat
926 3927 1016 3983 here·
1093 3929 1125 3982 Et
1134 3930 1297 3999 preceptum
1305 3929 1406 3980 cstitlr's
1416 3941 1449 3978 nc
1460 3925 1588 3978 lederent
1598 3925 1699 3992 senum
1712 3928 1846 3992 terrajac-

216 4011 288 4079 ticis,
301 4020 333 4068 ut
342 4013 473 4069 tenebras
485 4030 541 4089 suae
556 4015 689 4084 doctrinas
709 4018 851 4089 proterant
878 4018 913 4072 ad
937 4016 1014 4073 dcci·
1056 4034 1107 4086 quc
1116 4032 1194 4070 ornnc
1205 4008 1302 4082 uiride,
1319 4030 1403 4082 neque
1415 4030 1521 4068 ornnem
1533 4014 1676 4079 arborem,
1687 4018 1846 4069 nt'sitontun

214 4099 348 4172 piendum
364 4119 434 4174 quos
444 4105 638 4181 possuntlpse
651 4105 703 4159 hoc
718 4105 793 4180 lacit,
810 4104 875 4177 quia
886 4121 919 4159 oo
929 4105 1012 4159 insti·
1056 4106 1179 4159 homines
1187 4103 1237 4181 uni
1247 4103 1530 4171 nonlroheutslqnurn
1540 4103 1628 4155 ltetr'n
1640 4104 1784 4170 frontibus
1791 4107 1845 4157 suis.

215 4187 300 4258 geute
316 4192 360 4247 tlt.
375 4180 438 4246 Sive
453 4209 503 4262 per
519 4192 624 4246 clavom
639 4210 787 4265 possumus
799 4192 957 4263 intelligere
967 4211 1014 4265 po·
1055 4193 1189 4265 Superius
1201 4192 1307 4246 dictum
1323 4182 1449 4262 estquod
1464 4205 1547 4259 omna
1562 4189 1662 4260 lenum
1676 4191 1768 4246 viride
1781 4206 1846 4246 com·

216 4277 334 4353 tentiam
350 4280 501 4344 carnalem,
516 4281 544 4333 id
560 4287 610 4344 cst,
629 4298 709 4350 reges
724 4288 753 4337 et
766 4282 904 4355 principes
928 4282 1169 4382 hujusDbusturn
1180 4286 1231 4346 est,
1248 4281 1360 4352 quodin
1370 4279 1413 4334 siri
1425 4279 1508 4357 tortia
1518 4281 1599 4350 parte
1613 4279 1794 4358 lntelligitur.
1807 4272 1846 4334 'u-

215 4364 319 4430 saeculi,
335 4384 404 4439 quos
420 4368 472 4422 sibi
488 4369 695 4440 conjungebant
720 4372 854 4437 heretici,
866 4372 933 4443 quia
957 4388 1013 4426 non
1053 4390 1089 4443 go
1104 4373 1149 4425 lric
1161 4371 1256 4425 fenum
1272 4370 1300 4439 in
1316 4362 1417 4424 bonam
1437 4366 1547 4440 partem
1567 4370 1693 4439 ponitur.
1711 4359 1845 4441 Significat

217 4452 354 4519 auderent
367 4460 447 4510 tanta
466 4460 494 4510 et
509 4454 577 4511 talia
594 4457 738 4529 loqui,nlsi
753 4460 899 4536 temporali
921 4465 1015 4536 essent
1055 4459 1129 4515 enirn
1146 4460 1290 4524 lactentes,
1303 4458 1350 4529 qni
1361 4475 1415 4511 non
1430 4448 1548 4529 possunt
1562 4473 1667 4528 capere
1680 4459 1801 4514 solidum
1814 4457 1847 4510 ci·

216 4546 342 4617 potentia
353 4544 428 4622 sulti.
440 4546 473 4600 Et
487 4547 608 4600 oscendtt
628 4537 723 4617 fumus
736 4550 821 4616 putei,
839 4546 929 4613 idest,
949 4562 1012 4618 pra·
1054 4549 1130 4613 bum,
1143 4548 1192 4603 sed
1211 4547 1296 4602 veluti
1311 4539 1454 4610 animalia,
1471 4536 1575 4600 litterae
1595 4544 1750 4618 superllcie
1768 4546 1847 4601 delec-

215 4632 313 4690 iorum
334 4635 528 4690 hereticorum
540 4635 668 4690 doctrina
679 4636 856 4709 manifestata
878 4641 928 4690 ost.
945 4636 1012 4708 Quae
1053 4643 1159 4692 tantur.
1176 4620 1283 4701 Quibus
1295 4634 1445 4706 Apostolus
1468 4635 1524 4689 alt:
1537 4636 1600 4688 Nou
1613 4640 1698 4703 potui
1720 4637 1792 4690 vohis
1814 4637 1846 4688 to·

215 4723 372 4780 benesumo
384 4730 573 4796 comparatur,
586 4723 652 4797 quia
668 4713 775 4780 lumine
786 4725 910 4779 raritatis
925 4731 1010 4790 caret,
1054 4730 1104 4796 qui
1116 4721 1196 4796 quusi
1218 4725 1423 4793 spirutuolihus.
1448 4723 1589 4792 seduense·
1612 4725 1779 4779 carnatibus
1797 4729 1846 4777 ton·

216 4818 245 4867 et
259 4814 332 4887 quod
350 4815 455 4870 sanctis
478 4816 507 4869 in
523 4813 665 4886 Scriptura
681 4830 761 4869 sacra
780 4814 873 4883 lumen
894 4814 1009 4885 prebet,
1054 4810 1137 4886 uuum
1152 4816 1323 4884 paraclisin
1339 4813 1446 4869 Christo
1461 4816 1504 4866 lac
1515 4805 1614 4880 potum
1626 4816 1702 4867 nohis
1716 4813 1787 4879 dedi,
1800 4827 1844 4865 non

216 4902 268 4955 hoc
279 4903 416 4959 haereticis
430 4905 582 4959 cecitatem
595 4904 728 4970 infundit,
746 4904 793 4974 qui
804 4904 888 4957 etiarn
902 4901 964 4957 aliis
977 4904 1012 4957 ll·
1052 4922 1140 4960 esrom
1155 4907 1179 4973 (Ι
1192 4905 1253 4958 Cor.
1266 4906 1317 4970 ιιι).
1333 4903 1422 4957 Omne
1437 4906 1532 4955 autem
1548 4901 1646 4968 viride,
1659 4901 1844 4974 intelliguntur

215 4987 259 5043 dei
276 4990 369 5046 lumen
391 4981 540 5048 obscurare
561 5010 617 5067 non
631 4998 750 5048 cessant.
764 4994 841 5048 Sr'cnt
855 4995 1011 5060 firrnussor-
1052 4994 1239 5067 proficientes,
1252 4991 1299 5063 qui
1316 4992 1376 5061 jarn
1390 4997 1507 5062 possunt
1527 4989 1735 5064 intelligerent
1757 5003 1843 5062 capere

216 5080 420 5147 nostraadque.
437 5081 544 5136 Fornax
566 5087 660 5137 autem
676 5099 779 5152 magna
802 5081 953 5135 norissima
968 5083 1011 5135 est
1052 5073 1342 5153 qnodtoannes'dlctt
1359 5082 1393 5133 In
1404 5081 1616 5175 principioerat
1633 5078 1838 5148 ocrbrnnltoan.

215 5166 334 5228 vexatio,
344 5171 470 5239 tempore
480 5171 636 5226 antichristi
650 5173 756 5237 tuturo,
766 5173 801 5226 de
813 5188 869 5242 qua
882 5170 1011 5224 videlicet
1051 5173 1080 5239 r).
1098 5171 1183 5224 Porro
1198 5169 1314 5223 arbores
1328 5167 1442 5239 perlecti
1456 5167 1560 5239 quique
1575 5171 1604 5220 et
1620 5166 1710 5221 fortes
1727 5176 1806 5238 atque
1818 5167 1840 5219 in

215 5257 310 5324 fumus
324 5255 525 5331 egredietur,id
538 5265 579 5313 est
593 5261 709 5315 adversa
719 5260 922 5330 doctrinaque
933 5237 1011 5312 mcn-
1050 5260 1105 5314 ssde
1129 5257 1237 5313 robusti
1258 5263 1332 5333 suut.
1358 5255 1489 5347 quoniam
1515 5255 1545 5311 hi
1569 5255 1640 5310 tales
1664 5257 1840 5311 tentationum

213 5351 257 5402 tes
271 5338 449 5434 pereuntium
464 5345 491 5399 in
506 5346 653 5426 caliginem
668 5355 769 5413 vertat,
786 5351 829 5404 cui
847 5350 940 5418 turnus
956 5364 1008 5419 pu·
1051 5353 1147 5402 ventos
1164 5346 1286 5417 perterre
1300 5352 1427 5417 possunt,
1439 5351 1467 5398 et
1481 5346 1563 5398 llrma
1576 5343 1733 5400 stabilitate
1748 5345 1840 5425 perdu-

217 5435 257 5492 tei
272 5436 461 5507 compausatur,
475 5433 542 5504 quin
557 5424 629 5489 sicut
641 5453 714 5491 nunc
730 5443 757 5491 et
772 5455 804 5492 co
824 5438 946 5510 amplius
964 5454 1008 5491 er·
1050 5438 1177 5492 rant.De
1198 5434 1476 5509 quibusPsalmista:
1494 5435 1620 5488 Plontott
1646 5439 1678 5488 r'n
1698 5437 1777 5489 (torno
1796 5435 1841 5488 Do·

214 5508 272 5595 ror,
285 5524 324 5582 ita
337 5530 406 5580 tunc
432 5518 619 5580 seminabitur
641 5524 676 5578 ab
703 5525 807 5597 impiis,
817 5527 892 5581 unde
916 5525 1006 5580 dicit:
1050 5525 1258 5594 rntnt,r'notrir's
1272 5522 1431 5578 domestici
1446 5525 1538 5576 nostri
1550 5520 1840 5592 florebunttPsatJn).
