3818 6104
173 220 209 305 l}
397 219 588 276 HAYMONlS
601 218 847 295 HnLaEttSTaT.
861 218 972 304 EPISO.
990 216 1069 289 ΟΒΡ.
1091 217 1183 290 PARS
1195 217 1217 271 1.
1234 246 1267 256 -
1283 217 1469 272 COMMENT.
1486 218 1578 273 BIBL.
1775 224 1809 282 44

169 345 472 441 papplpsdesignatur.
483 342 562 421 Diem
570 343 755 429 correptionis
763 343 886 426 appellat
895 348 966 406 tem·
973 339 1159 411 Acupabunt,
1176 357 1225 411 per
1240 357 1309 411 quos
1323 340 1473 417 perfectam
1493 360 1578 414 super
1592 361 1639 398 eos
1658 346 1808 416 captivita-

169 451 222 506 pus
237 451 292 507 quo
313 420 411 507 traditi
427 437 493 507 supt
507 429 635 485 hostibus
651 418 765 501 propter
780 435 892 501 peccata
904 447 964 496 sua,
1007 421 1062 483 tem
1079 435 1107 501 et
1122 437 1241 484 mortem
1256 429 1433 484 abundanter
1447 430 1589 496 inducam,
1602 434 1668 502 quia
1680 451 1737 488 non
1748 435 1809 489 suis

169 529 202 593 ut
216 522 264 595 qui
282 520 434 595 noluerant
450 519 509 573 Deo
530 519 635 577 servire
649 519 677 572 in
694 518 887 591 prosperitate,
905 535 966 593 cor·
1007 517 1122 578 riribus,
1139 518 1186 571 sed
1203 536 1265 572 mea
1280 519 1333 572 hoc
1344 519 1449 572 facient
1462 519 1664 589 indignatione.
1681 523 1806 577 Verbum

158 596 324 685 ‘reptionem
341 608 513 683 sustinerent
528 607 651 661 hostium
673 606 755 660 rariis
765 596 865 675 'afflicti
881 607 966 660 mise·
1006 606 1081 659 enim
1098 607 1250 670 effusionis,
1262 607 1422 675 largitatem
1437 612 1465 660 et
1480 609 1703 677 magnitudinem
1719 608 1808 666 reida

168 686 313 770 riisj'Qpa
327 697 455 769 videlicet
468 697 513 753 die
527 695 593 750 lacti
607 696 711 749 suntin
726 692 927 763 desolationem
939 700 967 749 et
1007 710 1061 766 qua
1085 695 1187 764 agitur,
1217 695 1364 765 siguificat.
1388 695 1462 748 Dicit
1481 713 1592 767 quoque
1615 699 1649 755 ad
1665 699 1806 768 principes

169 805 249 861 reges
263 774 419 869 etsubp'ecti
435 784 556 861 illorum,
574 783 685 858 quando
701 780 866 857 quibusdam
882 782 966 836 inter·
1006 781 1088 846 luda,
1102 783 1153 836 hoc
1173 787 1215 836 est
1231 783 1367 844 Ecclesiae,
1385 784 1459 853 quod
1475 800 1530 837 non
1545 785 1695 840 debuerint
1708 788 1806 841 exsul-

168 876 257 953 iectis,
276 876 383 944 caeteris
394 878 488 945 autem
499 872 527 925 in
542 860 731 959 captivitatem
743 869 878 941 abductis,
888 880 965 925 terra
1005 874 1108 928 tareet
1117 870 1298 941 reproborum
1309 872 1495 941 perditionem
1511 889 1591 927 suam
1603 875 1744 928 aestimare
1758 891 1805 928 sa·

168 982 266 1039 eorum
281 981 298 1033 a
313 948 371 1035 suis
385 959 539 1027 cultoribus
552 975 640 1013 vacua
653 959 798 1021 remansit.
813 960 867 1031 «ln
878 958 966 1012 tribu·
1006 958 1103 1021 tute-m,
1120 960 1167 1013 sed
1184 960 1276 1035 potius
1287 959 1419 1030 plangere
1435 961 1508 1031 quod
1524 961 1563 1014 illi
1577 962 1721 1032 perierint,
1743 978 1805 1018 me-

169 1054 221 1121 bus
236 1038 323 1127 Israel
336 1049 445 1123 ostendi
455 1047 570 1120 sidem.»
583 1046 767 1119 Septuaginta
779 1065 784 1100 :
797 1048 828 1101 Iu
836 1046 964 1101 tribubus
1006 1063 1097 1100 mores
1111 1064 1168 1101 suae
1182 1047 1358 1101 conditionis.
1376 1049 1455 1102 Unde
1469 1055 1497 1102 et
1507 1050 1656 1119 Apostolus
1670 1052 1806 1107 admonet

167 1126 256 1217 [srael
281 1116 520 1209 ostendi¹hdelia
535 1141 564 1189 et
590 1134 705 1211 ponitur
732 1134 771 1189 ibi
792 1133 965 1206 praeteritum
1006 1135 1077 1188 viros
1092 1135 1303 1199 ecclesiasticos,
1321 1151 1355 1189 ue
1370 1152 1456 1206 super
1468 1137 1602 1191 fractione
1620 1139 1805 1194 ludaicorum

167 1203 280 1307 teippps
288 1243 338 1301 pro
346 1226 450 1297 lutqro,
463 1218 629 1313 ostendip'ro
636 1224 791 1278 ostendam.
808 1225 847 1277 Ac
854 1223 877 1277 si
888 1221 963 1277 dice·
1004 1222 1161 1291 glorientur
1177 1239 1330 1288 ramorum,
1353 1225 1402 1278 sed
1416 1225 1505 1295 magis
1519 1226 1640 1280 timeant
1650 1242 1686 1280 ne
1701 1233 1730 1281 et
1748 1228 1804 1298 ipsi

165 1302 209 1387 ret
222 1304 318 1395 {puni
340 1298 467 1385 venerint
480 1328 523 1375 ea,
539 1326 600 1382 quae
624 1312 701 1382 prius
725 1310 835 1377 locutus
856 1327 917 1380 sum
934 1311 962 1365 in
1002 1311 1160 1381 fragantur.
1180 1312 1234 1366 Sed
1250 1313 1315 1383 quia
1329 1312 1610 1384 deinterituquidam
1624 1316 1805 1385 gaudentre.

165 1402 320 1481 pppphptis,
335 1401 481 1479 ostendam
492 1386 586 1481 sidem,
595 1399 623 1453 ld
633 1404 684 1465 est,
698 1396 791 1454 ssdelia
800 1398 885 1453 rerba
900 1415 961 1454 mea
1002 1397 1163 1468 proborum,
1174 1400 1310 1454 etidcirco
1320 1407 1396 1455 stare
1408 1419 1438 1456 se
1449 1408 1548 1472 putant
1558 1400 1581 1456 si
1595 1402 1643 1456 alii
1655 1411 1801 1470 corruant,

165 1474 387 1573 mapiiestaboet
396 1474 541 1575 vera,quia
555 1486 690 1559 quidquid
701 1487 736 1541 de
746 1504 841 1541 eorum
853 1488 962 1542 locutus
1003 1487 1119 1540 effundit
1132 1504 1216 1558 saper
1227 1506 1274 1542 eos
1289 1489 1618 1560 Dominusquasiaquam
1627 1491 1696 1544 iram
1706 1507 1800 1559 suam,

165 1598 227 1653 sum
236 1571 403 1663 perditione,
411 1562 596 1654 complebitiu·
603 1574 754 1648 opereSed
763 1575 922 1630 ethirretici
932 1576 961 1630 in
1003 1575 1067 1644 quia
1078 1576 1242 1647 plerumque
1252 1577 1375 1630 dumalii
1390 1577 1425 1631 de
1435 1579 1554 1632 aliorum
1568 1579 1648 1649 lapsu
1655 1581 1801 1647 letantur,

165 1646 261 1751 quaa
270 1672 298 1737 et
311 1658 340 1739 in
355 1645 454 1747 Respa,
465 1665 493 1719 id
508 1668 560 1729 est,
572 1663 601 1719 in
609 1671 719 1719 tumore
734 1662 861 1735 superba
871 1662 960 1718 scien·
970 1695 992 1755 B
1001 1662 1053 1732 ipsi
1062 1663 1193 1718 ineadem
1204 1665 1330 1719 incidunt
1342 1667 1479 1735 mala,pro
1488 1666 1590 1736 quibus
1604 1667 1666 1720 aliis
1680 1668 1802 1723 insulta·

162 1757 211 1827 t'ae
224 1758 379 1831 prorantar,
392 1756 458 1825 dum
473 1754 611 1813 excelsam
626 1768 656 1806 se
670 1759 771 1823 putant
793 1750 896 1805 habere
917 1768 960 1806 sa·
988 1744 1078 1818 baut,
1101 1769 1133 1806 ac
1149 1769 1200 1822 per
1213 1753 1265 1806 hoc
1285 1753 1356 1807 iram
1377 1754 1427 1807 Dei
1442 1755 1598 1808 incurrunt.
1613 1757 1803 1812 Transierunt

160 1844 305 1925 pqentiam,
322 1842 415 1917 ibique
430 1840 505 1895 idola
515 1840 620 1907 colunt,
634 1838 661 1909 id
675 1827 729 1903 est,
741 1841 812 1894 falsa
825 1839 958 1911 dogmata
999 1837 1083 1893 etiam
1094 1842 1106 1895 J
1111 1841 1166 1894 uda
1181 1841 1319 1911 principes
1333 1843 1479 1905 terminos,
1495 1858 1564 1913 quos
1579 1851 1736 1913 posuerunt
1746 1862 1800 1915 pa-

161 1952 223 2011 qaae
237 1932 272 2009 de
286 1950 337 2011 spp
351 1929 771 2011 cordetinxeruntvenepantur.
780 1930 957 2000 Quapropter
997 1934 1054 1981 tres
1068 1925 1174 1993 eorum,
1188 1930 1299 2000 quando
1310 1930 1461 1986 immutant
1473 1932 1617 1985 mendacio
1636 1931 1796 2000 veritatem,

159 2020 321 2101 praecipitur
336 2019 376 2093 eis
392 2023 424 2093 qt
437 2034 491 2081 uon
506 2017 616 2071 silentio
633 2017 737 2070 malum
754 2033 835 2071 suum
848 2007 952 2088 tegant,
996 2021 1025 2069 et
1038 2017 1114 2071 aliud
1129 2017 1283 2088 praedicant
1301 2035 1386 2089 quam
1402 2019 1436 2072 ab
1459 2020 1592 2090 apostolis
1615 2029 1796 2091 acceperunt.

159 2108 208 2177 sed
224 2108 333 2201 publice
346 2105 453 2183 attactis
462 2104 648 2165 manifestent.
665 2103 836 2175 Etjubentur
846 2105 954 2160 ululare
1032 2103 1236 2158 «Calumniam
1252 2106 1362 2175 patiens
1375 2106 1521 2176 Ephraim,
1537 2109 1642 2162 fractus
1654 2110 1795 2178 jndicio.»

60 2202 65 2211 '
157 2199 188 2255 in
202 2183 353 2279 Retlraven,
371 2182 543 2271 quae'domqs
556 2192 663 2246 inutilis
678 2200 768 2256 sonat,
785 2193 839 2246 hoc
852 2202 904 2259 est,
924 2195 954 2248 in
994 2192 1119 2261 Populus
1141 2192 1313 2248 Israeliticus
1329 2196 1419 2249 adhuc
1435 2196 1464 2249 in
1478 2196 1583 2250 duritia
1597 2197 1689 2250 cordis
1700 2214 1797 2268 perse·

156 2285 216 2371 spis¹
236 2282 368 2361 cerdibas
390 2272 451 2355 quae
471 2281 548 2353 prius
569 2296 619 2351 per
642 2286 748 2349 rectam
770 2280 853 2347 tidem
872 2286 954 2336 erant
994 2296 1093 2352 verens
1108 2279 1219 2335 dicebat
1232 2298 1262 2336 se
1271 2283 1391 2337 fractum
1403 2284 1518 2353 judicio,
1530 2285 1661 2354 etiniquc
1671 2286 1796 2356 opprimi

156 2346 263 2457 Beihel,
280 2369 308 2426 id
323 2376 365 2427 est
378 2369 478 2425 domus
498 2367 559 2436 Dei,
573 2356 627 2437 'sed
639 2368 697 2438 jam
712 2383 763 2439 per
774 2368 898 2423 diversos
912 2386 954 2424 er·
994 2366 1271 2431 abhostibus,dicens
1283 2390 1288 2423 ι
1300 2373 1437 2435 Quoniam
1444 2389 1496 2426 nos
1503 2389 1643 2442 exgenere
1650 2373 1795 2441 Abraham

154 2448 233 2534 rores
248 2458 358 2539 inutilia
372 2457 530 2535 factasunt,
544 2455 862 2527 quibusbenecongruit,
877 2459 952 2529 quod
993 2459 1075 2512 amici
1091 2458 1140 2513 Dei
1156 2460 1361 2527 descendimus
1375 2461 1516 2532 pejoribus
1530 2460 1615 2527 vobis,
1625 2462 1734 2527 hocest,
1751 2464 1796 2517 in-

153 2551 296 2627 Rethareq
317 2534 490 2627 'osbergum
505 2530 652 2616 Berijamin
667 2545 752 2599 tuisse
768 2540 950 2600 memoratur.
992 2545 1164 2602 circumcisis
1180 2553 1208 2602 et
1226 2549 1394 2617 idololatris,
1416 2551 1583 2621 penitusque
1609 2551 1694 2605 ahoi
1713 2551 1794 2606 cultu

151 2636 301 2710 Benjamin
314 2622 752 2709 quippe'interprot'aturdexter,
769 2639 798 2687 et
811 2633 952 2705 significat
992 2635 1091 2690 alienis
1112 2636 1185 2691 tradi
1206 2654 1261 2691 non
1277 2639 1479 2692 debuissemus.
1497 2639 1674 2693 Calumniam
1688 2640 1795 2712 quippe

150 2726 307 2799 santhShd
322 2727 475 2799 detlesstm.
488 2723 517 2778 id
532 2729 583 2791 tsi,
598 2724 633 2776 ad
650 2720 950 2795 coelestisregnipros-
992 2725 1115 2796 appellat
1125 2725 1305 2780 strictionem
1322 2725 1357 2780 ab
1373 2727 1500 2780 hostibus
1521 2727 1546 2784 ei
1564 2726 1682 2793 illatam,
1703 2744 1793 2799 quam

148 2800 299 2889 paritatem
314 2820 456 2879 venturos,
471 2799 518 2883 qui
533 2819 648 2891 propter
660 2809 764 2882 gaudia
777 2818 882 2866 aeterna
892 2830 952 2866 om·
991 2814 1151 2875 sustineret,
1169 2814 1289 2869 fractum
1314 2831 1343 2869 se
1356 2815 1466 2869 dicebat
1476 2815 1590 2883 jndicio,
1604 2817 1657 2870 hoc
1672 2823 1723 2882 est,
1745 2818 1792 2873 in-

148 2881 360 2997 nia'praas‘enpis
373 2886 445 2956 'vitae
465 2886 612 2955 commoda
626 2906 690 2971 post
702 2884 817 2954 dorsum
834 2900 948 2966 habent,
987 2903 1064 2971 juste
1081 2909 1110 2956 et
1124 2902 1184 2957 sine
1198 2903 1294 2974 aliqua
1316 2905 1399 2973 culpa
1416 2903 1558 2959 fatebatur
1572 2921 1601 2957 se
1611 2905 1789 2960 damnatum.

148 2992 216 3077 quia
228 2999 327 3063 cuncta
341 2994 514 3079 postponunt
533 2978 718 3050 transeirntia,
743 2988 866 3043 dicentes
884 2962 979 3066 cum·C
990 2991 1188 3056 Quamobrem,
1204 2998 1305 3046 utnon
1322 2978 1382 3046 sine
1392 3008 1476 3046 causa
1487 2995 1792 3063 cognoscatsehocsu·
1807 3053 1811 3059 ,

147 3056 282 3171 apostolo
298 3064 307 3147 :J
319 3078 411 3134 Unum
424 3083 467 3137 est
480 3077 553 3159 quod
565 3082 640 3159 retpo
657 3074 859 3140 obliviscentes,
875 3086 904 3132 et
918 3079 947 3132 in
989 3077 1263 3147 stinere,subditur,‹
1274 3081 1405 3150 quoniam
1417 3077 1584 3150 capitabire
1592 3087 1654 3151 post
1660 3083 1789 3147 sordeam

146 3167 289 3257 apteriora
300 3186 351 3238 nos
365 3165 555 3240 extendentes,
564 3165 751 3236 sequimurad
759 3163 886 3233 bravium
897 3181 947 3220 su·
987 3169 1027 3220 Ac
1040 3168 1063 3221 si
1077 3167 1182 3221 diceret
1200 3186 1205 3220 :
1222 3168 1284 3222 Non
1304 3168 1408 3223 idcirco
1431 3169 1529 3223 traditi
1550 3175 1617 3222 sunt
1635 3171 1787 3237 Chaldaeis,

144 3277 239 3338 perpe
254 3252 417 3339 vocationis.
433 3250 567 3309 Haeretici
587 3268 651 3318 vero
668 3258 731 3337 post
745 3259 855 3325 tergum
871 3253 945 3308 lien·
987 3256 1060 3324 quod
1077 3257 1211 3326 iustiores
1233 3257 1346 3318 suerint,
1364 3258 1411 3328 qui
1434 3274 1482 3311 eos
1505 3266 1714 3328 oppresserunt,
1736 3261 1789 3315 sed

142 3340 234 3433 jaspin
248 3353 324 3423 sunt,
358 3344 404 3419 uia
415 3342 463 3421 illa
477 3360 538 3419 quae
553 3343 583 3406 in
598 3339 727 3425 praesenti
748 3348 815 3396 sunt
829 3342 895 3409 rita,
916 3346 945 3398 et
986 3343 1051 3414 quia
1061 3343 1432 3414 Judaeiquondampopulus
1442 3347 1786 3416 meus,medeseruerunt,

144 3426 233 3519 sancti
248 3364 514 3515 despegiuihaben't,
524 3430 900 3501 desiderabiliterappetunt,
916 3436 944 3485 et
986 3438 1015 3485 et
1028 3439 1174 3501 coeperunt
1187 3432 1265 3486 abire
1284 3438 1347 3503 post
1360 3434 1465 3497 sordes,
1483 3435 1535 3487 hoc
1549 3440 1600 3498 est,
1618 3442 1682 3505 post
1695 3436 1784 3495 idola.

144 3520 348 3599 delectabiliter
355 3527 521 3599 sequuntur,
530 3524 618 3581 totam
632 3535 711 3590 spem
726 3535 806 3572 suam
817 3519 946 3573 intrans·
986 3519 1066 3574 Unde
1076 3520 1242 3574 sordibuset
1253 3520 1440 3578 immunditiis
1450 3523 1786 3595 comparantur,ideoqua

142 3588 236 3689 itqpiis
257 3613 341 3693 relius⁴
366 3611 486 3698 positam
509 3606 652 3673 habentes,
667 3613 695 3661 et
711 3605 760 3682 qui
776 3606 853 3677 prius
868 3605 945 3660 ride·
983 3609 1090 3677 justam
1104 3608 1188 3662 infert
1197 3610 1376 3673 sententiam,
1389 3610 1540 3665 ostendens
1554 3626 1602 3664 eos
1615 3610 1718 3666 idcirco
1734 3621 1800 3669 ομ

144 3683 247 3779 bantur
261 3719 322 3759 esse
336 3698 480 3773 Ephraim,
496 3694 524 3751 id
539 3702 582 3751 est
594 3696 717 3757 ubertas,
730 3710 793 3748 rum
801 3694 945 3748 advenerit
986 3696 1122 3750 lumniam
1137 3697 1285 3762 sustinere,
1302 3703 1331 3751 et
1350 3697 1425 3750 tradi
1438 3698 1592 3769 pejoribus,
1612 3700 1679 3768 quia
1698 3703 1784 3772 coepit

141 3762 409 3879 dissicerreptionis,
425 3774 511 3840 idest
527 3782 636 3856 judicii,
652 3788 736 3837 erunt
750 3783 778 3835 in
798 3779 945 3836 desolatio·
985 3783 1118 3855 Ephraim
1140 3787 1205 3853 (hoc
1226 3792 1269 3839 est
1288 3786 1467 3852 llieroboain)
1480 3785 1558 3841 abire
1571 3794 1635 3858 post
1647 3788 1732 3855 idola,
1754 3796 1785 3846 et

143 3866 334 3969 qemqpando
342 3872 488 3955 exspoliati
499 3870 579 3928 bonis
588 3869 832 3941 omnibus,qu·rbus
839 3869 942 3940 pollere
983 3872 1073 3926 Deum
1087 3873 1290 3944 derelinquere.
1303 3873 1367 3944 Ipse
1381 3874 1457 3928 enim
1469 3890 1571 3931 aureos
1583 3875 1730 3938 fabricavit
1744 3880 1783 3932 vi·

143 3959 321 4049 videbantur,
341 3962 411 4036 nudi
429 3968 457 4020 et
475 3961 553 4025 vacui
569 3958 627 4034 igni
641 3960 790 4015 tradentur
804 3959 942 4013 inexstin-
981 3961 1066 4020 tulos,
1076 3977 1146 4033 quos
1156 3966 1252 4033 postea
1264 3963 1382 4033 populus
1392 3963 1527 4017 adoravit.
1544 3964 1579 4017 Et
1592 3963 1628 4019 de
1641 3966 1782 4022 hereticis

143 4048 251 4137 gqibili.
267 4045 345 4130 Tupc
358 4055 443 4125 etiem
454 4038 624 4114 Dominusin
633 4048 813 4104 damnatione
826 4047 971 4130 illorumD
983 4050 1147 4105 manifestus
1162 4058 1204 4105 est
1218 4066 1327 4115 sensus,
1344 4051 1418 4121 quod
1441 4052 1661 4122 sophismatibus
1674 4055 1733 4109 suis
1752 4062 1783 4121 et

143 4142 227 4225 tidem
238 4134 377 4219 ostendet,
393 4145 420 4197 id
435 4148 487 4207 est,
502 4139 586 4196 verba
599 4155 651 4193 sua
666 4137 760 4193 fidelia
772 4142 800 4191 et
814 4154 879 4191 vera
894 4136 940 4192 de·
981 4142 1042 4193 arte
1057 4139 1201 4194 dialectica
1212 4140 1403 4211 oppresserint
1413 4141 1575 4200 Ecclesiam.
1584 4141 1638 4196 Sed
1651 4157 1715 4196 cum
1725 4143 1780 4198 hoc

143 4212 321 4308 iiiqqstrabit,
338 4249 400 4303 cum
416 4232 468 4307 hoc
478 4226 551 4315 quod
568 4227 602 4281 de
616 4227 728 4281 illorum
744 4225 859 4279 interitu
874 4233 939 4281 aute
979 4226 1114 4292 fecerunt,
1130 4244 1185 4282 non
1201 4229 1369 4282 munditiam
1383 4245 1457 4283 verae
1470 4229 1545 4295 lldei,
1563 4229 1613 4283 sed
1625 4231 1721 4284 sordes
1736 4249 1781 4287 η.

142 4304 321 4403 predixerat,
342 4336 425 4392 opere
447 4314 606 4387 complevit.
625 4314 706 4383 Quod
728 4328 783 4366 non
797 4314 888 4366 solum
903 4312 939 4368 ad
980 4319 1105 4385 quuntur
1127 4316 1275 4369 mendacii.
1304 4316 1357 4380 Qui
1376 4331 1440 4370 cum
1455 4332 1485 4369 se
1499 4316 1647 4372 damnatos
1656 4319 1780 4376 viderint

141 4392 297 4487 haereticos,
305 4398 358 4481 ¹sed
371 4407 407 4461 ad
418 4421 515 4479 ornnes
525 4398 693 4474 generaliter
704 4399 838 4472 reprobos
847 4404 938 4472 potest
978 4416 1041 4456 cum
1053 4402 1163 4457 diabolo
1175 4408 1204 4457 et
1216 4404 1324 4474 angelis
1333 4403 1538 4473 ejus,ridentur
1546 4404 1778 4463 sibicalumniam

142 4480 199 4585 lippi
209 4490 436 4576 illeotllessisssstel
450 4478 557 4562 referti·
977 4488 1044 4560 pati,
1059 4497 1088 4545 et
1101 4490 1130 4545 in
1144 4509 1175 4545 se
1188 4492 1306 4546 fractam
1321 4507 1383 4546 esse
1395 4490 1493 4562 judicii
1505 4493 1663 4551 veritatem.
1677 4495 1776 4565 Sedet

148 4566 162 4579 ἠ
178 4560 361 4677 {fictil'qupt
370 4583 510 4664 principes
519 4579 592 4637 luda
602 4577 682 4663 quasi
691 4579 867 4633 assumentes
877 4583 936 4633 ter·
976 4577 1011 4632 de
1025 4580 1155 4635 omuibus
1168 4580 1294 4652 reprobis
1306 4581 1449 4636 sciendum
1459 4587 1509 4635 est.

139 4650 285 4757 minutia.»
301 4654 355 4756 Qui
365 4674 432 4747 llere
443 4668 644 4733 debueratis&
655 4683 736 4722 suum
747 4666 882 4738 populum
892 4682 935 4722 co·
1013 4688 1025 4719 s
1042 4669 1076 4723 Et
1097 4685 1149 4739 ego
1170 4670 1250 4740 quasi
1266 4670 1342 4724 tinea
1357 4668 1500 4741 Ephraim,
1517 4676 1547 4725 et
1560 4672 1641 4742 quasi
1654 4674 1775 4742 putredo

137 4747 257 4853 lioptaii,
275 4773 308 4835 ut
322 4746 485 4835 recederent
506 4758 541 4814 ab
562 4756 700 4812 idolorum
717 4755 836 4822 cultura,
852 4760 880 4810 et
898 4771 934 4810 ne
974 4755 1070 4809 domui
1082 4757 1163 4810 luda.
1180 4779 1193 4805 ι
1206 4756 1295 4810 Tinea
1308 4756 1429 4811 comedit
1442 4758 1775 4830 vestimentum,putredo

136 4852 191 4946 ipsi
204 4832 308 4931 alatilia,
316 4853 497 4925 sustinerent,
509 4855 654 4919 coepsslunl
662 4843 871 4915 gaudere,qu0d
887 4861 934 4914 pa·
974 4850 1068 4898 auam
1080 4846 1122 4899 rel
1132 4845 1220 4899 caries
1238 4847 1316 4916 ligna
1330 4848 1478 4915 consumit,
1494 4853 1592 4918 estque
1605 4848 1635 4902 in
1649 4847 1694 4904 his
1707 4862 1774 4906 per.

138 4936 464 5021 teq·etsibiterraeorum
474 4939 508 4992 ad
520 4932 719 5010 possidendum
731 4931 932 5001 latius,etsacti
974 4932 1016 4987 his
1035 4948 1134 4988 sensus
1154 4947 1160 4981 t
1178 4935 1257 4988 Sicut
1270 4936 1347 4991 tinea
1359 4938 1499 4991 consumit
1514 4937 1721 5004 vestimentum,
1744 4944 1774 4994 et

136 5028 204 5123 qq'pt
217 5031 298 5113 qpasi
309 5035 485 5107 assumentes
494 5024 631 5091 terminos
646 5020 766 5085 Israelis,
783 5024 932 5075 transeun·
973 5023 1093 5093 putredo
1107 5023 1149 5076 rel
1161 5023 1251 5076 caries
1265 5024 1382 5093 lignum,
1396 5025 1631 5096 quodutnrmque
1645 5040 1696 5095 per
1707 5043 1771 5097 spa·

133 5137 177 5195 tes
190 5128 261 5191 fines
275 5119 421 5191 substatia,
436 5115 530 5186 regnis
541 5112 681 5184 qnondam
700 5124 932 5181 eorum,regnum
973 5111 1044 5164 tium
1055 5112 1086 5164 tlt
1099 5112 1244 5181 temporis,
1261 5112 1300 5165 ita
1315 5128 1366 5183 ego
1386 5119 1416 5166 et
1429 5113 1506 5182 prius
1520 5113 1616 5167 decem
1632 5118 1661 5168 et
1672 5120 1772 5183 postea

132 5192 215 5271 suum
239 5218 268 5267 et
290 5194 494 5281 possessionem
518 5200 636 5255 dilatare
651 5199 803 5269 cupientes.
824 5198 929 5262 Quam·
971 5199 1080 5253 duabus
1102 5199 1230 5254 tribubus
1252 5201 1335 5271 longo
1357 5207 1483 5273 tempore
1507 5201 1703 5272 poenitentiam
1721 5204 1771 5260 tri·

130 5304 226 5383 ohreqp
239 5297 383 5373 sqbditur:
394 5278 409 5343 ι4
422 5295 513 5363 Super
527 5305 573 5344 eos
588 5285 728 5353 effundam
740 5286 819 5358 quasi
825 5302 928 5359 aquam
969 5285 1067 5352 buens,
1077 5304 1179 5359 eosque
1191 5290 1226 5344 ad
1238 5291 1358 5344 salutem
1372 5305 1536 5359 provocans,
1552 5290 1727 5347 damnationi
1736 5292 1768 5346 il·

128 5364 201 5469 irem
216 5362 319 5463 meam,
338 5383 391 5455 rid
401 5385 547 5450 estsuper
557 5376 631 5460 ipsos
639 5369 778 5449 principes
788 5375 861 5429 luda
879 5392 926 5430 ve·
968 5376 1009 5429 los
1025 5378 1145 5433 tradam.
1168 5378 1221 5434 Ubi
1237 5379 1392 5433 notandum
1413 5379 1488 5449 quod
1501 5379 1577 5433 tinea
1591 5380 1712 5436 retertur
1731 5382 1768 5439 ad

128 5455 208 5563 alepi
226 5473 383 5561 Rabplopii,
396 5479 425 5541 ct
438 5470 478 5526 ita
492 5485 540 5524 eos
555 5465 633 5541 quasi
652 5479 731 5557 aqua
745 5463 867 5535 impetus
882 5479 927 5519 oc·
966 5465 1109 5536 Ephmim,
1124 5468 1243 5537 putredo
1267 5472 1362 5523 autem
1377 5467 1415 5523 ad
1433 5466 1550 5526 domum
1572 5467 1655 5525 tuda.
1677 5469 1748 5528 Tine
