3818 6104
184 280 238 343 tit
410 274 600 336 Hannonis
614 275 858 336 HALBHHSffl'.
875 279 987 336 EPlSG.
1003 277 1082 334 OPP.
1099 276 1192 336 PARS
1206 278 1229 336 l.
1247 313 1279 325 -
1296 278 1483 341 00thssssss
1501 282 1595 340 BIBL.
1748 290 1784 349 tit

183 411 218 463 ui
231 407 422 477 aeelperemus
443 404 478 458 ah
493 405 534 459 eis
552 408 685 473 qratiam,
701 404 728 458 ld
744 411 787 459 est
801 406 981 461 donatiouem
991 406 1014 466 Α
1024 419 1086 458 rum
1104 405 1218 459 reiectio
1227 407 1358 475 gaudeat,
1376 416 1402 462 et
1413 407 1569 477 domestica
1580 407 1734 468 suiilrlentia
1747 433 1786 472 non

186 513 270 580 quam
286 495 327 549 illi
341 492 586 564 gratlsdobant,et
599 497 876 548 communicationem
887 496 982 549 minis-
1024 491 1141 546 luboret.
1169 493 1330 549 Notandum
1350 502 1382 566 ut
1397 496 1442 564 hic
1457 496 1601 551 distinctio
1616 498 1660 575 sit,
1675 499 1717 563 uhi
1732 503 1785 568 dicit.

186 588 252 641 terii
263 585 334 653 qunti
348 586 379 649 tlt
392 585 423 635 tn
439 587 555 641 sanctos,
570 582 617 652 qui
633 586 699 635 sunt
714 581 928 652 Hierosolymis.
1024 580 1072 632 sed
1095 597 1126 634 ex
1147 582 1307 652 aequalitate
1327 602 1332 635 ι
1354 585 1390 638 tn
1411 588 1543 657 prasenti
1558 589 1684 654 tempore,
1697 587 1787 657 idestiu

221 674 254 728 m
264 688 321 727 non
336 673 407 724 siout
418 671 599 738 speravimus,
614 670 659 721 sod
672 671 825 736 serrietipsos
839 671 981 735 desierunt,
1024 668 1078 721 hac
1094 670 1158 724 rita.
1176 676 1265 724 restra
1281 673 1457 726 obtendantia
1479 675 1595 726 illoram
1613 663 1730 743 'inopiam
1747 696 1788 748 sup

184 762 213 818 td
223 764 340 823 estmoe
353 757 480 811 leserunt
488 756 561 810 sieut
573 756 729 817 timuimus,
742 757 981 827 quandoprimum
1021 760 1105 825 pleat,
1120 765 1150 810 ut
1166 765 1189 812 ot
1204 761 1320 813 illoram
1335 761 1523 819 obtrudantia.
1538 778 1603 849 quae
1621 763 1740 835 spiritalis
1752 775 1788 831 est,

184 867 236 906 nos
255 851 410 921 posuerunt
431 845 461 898 in
476 859 616 898 carcerem
633 862 639 897 :
654 861 768 915 sperare
781 845 855 900 enim
870 845 916 899 hio
932 862 983 917 ρο·
1025 845 1053 898 in
1062 846 1179 916 jejuniis
1192 853 1221 900 et
1234 847 1417 908 orationibus,
1438 853 1532 903 restra
1553 841 1653 918 iuopia
1665 855 1699 919 stt
1711 857 1790 922 supple·

183 938 241 994 suit
255 952 306 1008 pro
320 935 421 989 timore
433 933 506 987 aaut
521 937 551 986 et
564 933 591 986 ln
608 932 725 1002 Virgilio
742 932 862 988 habetur
879 953 885 987 :
1024 939 1158 991 maritum.
1182 935 1209 988 id
1235 943 1287 994 est.
1304 941 1336 990 ut
1351 936 1423 1007 quod
1440 936 1534 990 minus
1556 937 1681 992 hamatis
1696 940 1719 993 in
1732 941 1791 1012 rehqs

261 1033 330 1082 Hune
342 1045 384 1091 ego
396 1031 416 1078 si
431 1029 496 1103 potui
509 1033 604 1077 tantum
615 1042 708 1090 sperare
722 1030 838 1099 notorem,
1023 1021 1319 1097 spiritalibus.inipsis
1329 1024 1454 1078 habeatis
1465 1032 1495 1079 et
1510 1026 1584 1096 quod
1595 1026 1634 1080 illi
1649 1043 1702 1082 non
1715 1028 1793 1084 haben

182 1131 235 1189 pre
248 1131 282 1168 eo
297 1112 369 1183 quod
392 1117 435 1164 est
449 1109 549 1165 timere
564 1123 570 1157 ι
585 1112 712 1177 prinmm
735 1108 874 1163 dederunt
887 1126 917 1164 sa
931 1111 982 1164 ltn-
1022 1111 1052 1164 in
1065 1111 1274 1181 temporalibus,
1292 1129 1339 1167 vos
1354 1112 1393 1166 eis
1404 1107 1580 1179 ministretis,
1596 1121 1628 1169 ut
1646 1119 1693 1184 piot
1704 1120 1793 1186 aquali·

183 1199 411 1263 mtuo,ueniendo
421 1198 456 1252 ad
467 1197 561 1254 tidem.
575 1204 603 1250 et
610 1197 775 1266 corrigendo
786 1213 896 1252 errores
904 1215 979 1263 suos,
1023 1204 1064 1252 tas
1077 1200 1150 1254 inter
1164 1217 1212 1254 vos
1227 1208 1256 1254 et
1270 1201 1342 1259 illos.
1359 1202 1458 1256 dantes
1470 1218 1518 1256 uos
1534 1202 1591 1256 illis
1603 1188 1676 1273 quod
1694 1197 1742 1275 nou
1758 1205 1794 1259 ha·

183 1293 281 1346 deinde
296 1291 383 1347 notis,
401 1286 547 1342 subdendo
567 1301 597 1338 se
613 1292 710 1339 nostro
733 1286 904 1356 magisterio,
930 1289 979 1349 tta,
1022 1288 1098 1348 beot,
1115 1289 1209 1360 stipsi
1225 1289 1301 1343 vohis
1316 1291 1389 1361 quod
1410 1307 1466 1344 non
1490 1290 1611 1355 habetis,
1633 1309 1680 1346 ros
1694 1293 1729 1347 illi
1742 1300 1795 1347 tan·

183 1378 305 1435 subaudi
318 1377 458 1430 dederunt
468 1390 499 1427 se
513 1391 545 1427 ex
556 1380 615 1426 toto
634 1373 763 1435 Domino,
779 1380 807 1427 et
821 1374 901 1428 nohis
915 1373 981 1428 suh·
1023 1377 1139 1446 poralia,
1151 1385 1180 1431 et
1194 1378 1246 1455 ipsi
1259 1377 1336 1432 vohis
1351 1384 1464 1437 eterna.

185 1467 237 1521 diti
251 1467 366 1519 suerunt
382 1481 387 1515 ι
403 1467 436 1515 ιιι
448 1477 608 1528 saperemus
622 1461 844 1531 ritumquanuo
854 1461 932 1515 iilum
946 1462 981 1514 ad
1059 1468 1113 1533 Oai
1126 1471 1257 1528 sinaitam,
1274 1466 1408 1521 subaudis
1426 1468 1549 1545 collegit,
1574 1485 1629 1522 non
1645 1471 1796 1524 abundarit:

183 1572 236 1609 aas
255 1553 391 1616 misimus,
412 1557 442 1603 ut
455 1553 594 1617 perficeret
608 1552 638 1602 in
659 1551 732 1602 nohis
750 1553 873 1616 qratiam
888 1553 979 1615 istane,
1022 1559 1047 1606 et
1061 1556 1111 1621 qai
1121 1556 1401 1626 modicumcollegit,
1414 1573 1469 1610 non
1484 1560 1648 1611 minoravit.
1659 1559 1797 1613 Hoosemn

184 1642 326 1714 largitatis
340 1651 367 1693 et
377 1639 712 1709 eleemosynreutsponte
722 1637 838 1691 mittatis
849 1637 987 1692 tratribus
1022 1642 1088 1694 dum
1105 1642 1227 1695 litteram
1240 1643 1345 1697 dictum
1363 1650 1405 1697 est
1417 1644 1452 1697 de
1464 1660 1577 1698 manna.
1590 1645 1663 1699 Ham
1677 1664 1735 1700 cum
1749 1664 1797 1735 pre

185 1733 232 1804 qui
247 1737 314 1786 sunt
337 1727 538 1798 Hierosolymis
563 1726 634 1779 bona
657 1727 834 1797 temporalia,
851 1727 923 1781 sicut
935 1727 981 1781 isti
992 1713 1141 1799 ssceplsset
1155 1731 1290 1785 Dominus
1303 1748 1353 1802 per
1367 1732 1478 1802 singula
1490 1733 1583 1803 capita
1597 1732 1709 1810 plenum
1722 1752 1797 1806 gomor

183 1820 273 1904 gratis
287 1824 317 1872 et
332 1823 431 1888 sponte
446 1815 576 1870 mittunt.
1023 1819 1126 1888 colligi,
1141 1836 1203 1889 quae
1221 1825 1264 1873 est
1284 1836 1415 1874 nieusura
1439 1827 1496 1875 tres
1513 1822 1651 1876 sextarios
1665 1822 1795 1896 contineas,

219 1910 280 1964 Non
295 1909 376 1976 qaiasi
389 1907 530 1972 imperans
545 1906 614 1968 diro,
633 1902 767 1957 subaudis
785 1904 862 1967 talia,
878 1906 923 1958 aad
932 1921 982 1988 per
1023 1907 1136 1976 quidam
1152 1908 1325 1978 eollegerunt
1339 1909 1411 1986 plus,
1430 1909 1544 1979 quidam
1563 1910 1667 1964 minus.
1686 1911 1736 1965 Sed
1751 1929 1793 1967 cun

183 2000 307 2052 otiorum
321 1994 537 2047 solticitudinem
551 1995 634 2045 otiam
649 1998 743 2045 uestra
754 1994 901 2046 alteritatis
910 1996 982 2060 inpe-
1023 2003 1228 2065 praeparassent
1242 1996 1294 2050 sihi
1309 1997 1386 2050 eibos
1401 1997 1429 2051 in
1445 1998 1656 2053 mortariorum
1671 2000 1794 2070 pistillo,et

183 2089 264 2140 ntutn
282 2085 384 2137 tonum
397 2081 585 2147 comprobans,
603 2079 630 2131 id
645 2085 697 2140 est,
711 2085 743 2133 ut
751 2080 929 2150 perlatorum
941 2080 982 2134 in·
1023 2083 1069 2136 ille
1083 2084 1131 2152 qui
1146 2085 1208 2154 plus
1231 2084 1391 2155 collegerat,
1414 2092 1442 2139 et
1457 2086 1505 2155 qui
1526 2087 1632 2152 minus,
1650 2104 1729 2142 unam
1741 2105 1793 2142 nen

183 2171 357 2243 dulgentiam
372 2167 529 2240 approbare
544 2168 646 2237 possim
657 2168 758 2222 bonum
772 2169 914 2238 ingenium
925 2185 982 2222 ves·
1023 2187 1117 2225 suram
1134 2158 1312 2242 postmodum
1330 2173 1515 2243 reperierunt,
1531 2175 1647 2244 plenum
1659 2177 1792 2253 scilicetgo

183 2269 235 2318 trae
248 2258 404 2319 eharitatis,
418 2263 450 2310 ut
464 2256 486 2310 si
501 2255 548 2309 isti
561 2261 639 2309 unu
659 2256 798 2310 miserunt
811 2256 859 2342 qui
874 2273 982 2339 paupe·
1023 2276 1093 2313 mor.
1112 2258 1285 2330 Spiritaliter
1298 2269 1393 2314 autem
1410 2261 1455 2316 hic
1468 2262 1529 2316 vult
1543 2265 1700 2328 ostendere,
1714 2255 1767 2335 quia'
1775 2264 1791 2318 si

183 2368 229 2406 ree
243 2355 317 2412 sunt,
335 2365 382 2402 vos
401 2347 482 2416 plura
497 2345 625 2398 mittatis.
1024 2354 1091 2402 sunt
1104 2348 1160 2402 duo
1175 2350 1312 2413 homines,
1326 2365 1399 2403 unus
1411 2350 1497 2413 dives,
1511 2359 1540 2405 at
1549 2352 1623 2405 alter
1635 2353 1791 2423 pauperiieet

220 2440 302 2496 Heitis
316 2439 390 2490 enim
405 2438 529 2503 qratiam
554 2435 667 2487 ltonnni
689 2436 778 2486 ιιιιιινι
791 2435 854 2486 iesu
867 2435 979 2495 illinisti,
1024 2436 1100 2490 dives
1115 2437 1203 2490 multa
1224 2438 1374 2507 possideat,
1396 2443 1424 2492 et
1438 2439 1590 2493 distribuat
1601 2441 1678 2510 plura
1690 2440 1790 2512 paupert·

185 2543 269 2600 quam
285 2525 361 2579 nohis
376 2522 503 2577 eontulit,
518 2523 621 2576 Omnia
635 2521 706 2575 bona
720 2538 781 2592 quie
796 2522 920 2576 humano
932 2538 982 2592 ge·
1023 2526 1075 2578 bus
1085 2541 1168 2596 quam
1184 2542 1300 2596 pauper,
1318 2542 1372 2580 uon
1388 2534 1482 2581 tamen
1492 2533 1609 2598 superat
1618 2529 1692 2583 illius
1699 2523 1790 2583 eleemo-

183 2616 244 2672 neri
259 2615 326 2669 data
340 2617 415 2676 sunt,
431 2611 524 2682 gratia
537 2611 587 2665 Dei
607 2617 659 2675 est,
675 2626 809 2678 quoniam
833 2627 893 2664 ouen
908 2612 982 2664 clines
1022 2629 1094 2684 syna
1115 2614 1247 2684 pauperis
1263 2613 1433 2694 largitatem,
1454 2615 1504 2669 sed
1527 2615 1691 2688 plerumque
1712 2617 1789 2671 donum

183 2710 257 2768 osset,
272 2703 426 2759 secundum
441 2700 627 2764 diuinitatem,
643 2699 789 2770 possidens
803 2700 900 2752 omnia
917 2715 981 2752 cum
1023 2717 1138 2772 parrum
1156 2702 1286 2773 pauperis
1300 2687 1389 2773 inagis
1404 2711 1448 2757 est
1457 2712 1603 2783 acceptum
1613 2706 1678 2768 Deo,
1686 2705 1789 2777 quamdi·

182 2797 277 2858 Patre,
293 2799 403 2865 propior
415 2809 469 2856 uos,
483 2797 618 2845 stomnes
632 2791 790 2859 eredentes,
805 2807 904 2857 epenns
922 2791 982 2857 iac·
1023 2790 1087 2843 ultis
1103 2807 1248 2860 magnum,
1265 2792 1331 2861 quia
1347 2807 1453 2862 pauper
1467 2792 1502 2846 de
1512 2792 1585 2847 victu
1597 2810 1649 2848 suo
1663 2795 1754 2855 tribuit
1761 2792 1789 2847 dl·

184 2891 227 2940 tus
242 2891 291 2948 est,
304 2888 334 2938 et
348 2898 464 2953 pauper,
480 2881 620 2934 intantum
637 2885 668 2933 ut
686 2895 742 2932 non
762 2878 887 2936 haberet.
907 2877 981 2949 quod
1023 2894 1069 2930 ves
1082 2895 1114 2931 ex
1129 2880 1172 2933 his
1185 2879 1287 2949 quibus
1301 2880 1520 2950 superabundat.
1537 2869 1616 2946 Quod
1633 2881 1788 2954 comprobarit

183 2975 289 3029 habent
303 2973 409 3043 vulpes,
426 2975 456 3024 ut
471 2972 550 3037 illias
565 2972 660 3038 inopia
675 2985 720 3037 pos
732 2971 828 3022 divitas
842 2971 941 3031 essetis,
953 2967 982 3021 in
1025 2967 1159 3026 Dominus
1173 2969 1201 3020 in
1218 2969 1591 3039 Evangelioquandovidens
1605 2972 1786 3043 multaingoro

184 3064 253 3118 ooelo
269 3080 275 3114 :
292 3060 422 3116 attactus
437 3063 481 3112 est
495 3057 587 3117 homo,
598 3062 685 3110 utnos
700 3056 803 3109 taceret
818 3056 893 3119 deos,
901 3058 982 3127 juxta
992 3025 1013 3083 0
1023 3055 1183 3135 phylauium
1193 3072 1211 3108 a
1224 3057 1364 3122 divitibus,
1379 3045 1406 3111 et
1418 3058 1500 3112 vidua
1515 3059 1573 3113 Deo
1587 3044 1786 3130 diminuta.quod

185 3151 260 3223 quod
283 3166 334 3237 per
359 3149 537 3202 psalmistam
560 3145 628 3199 dicit
645 3162 650 3196 ε
668 3146 722 3211 tipo
746 3146 807 3197 diei
826 3162 833 3196 :
852 3146 900 3198 Dii
919 3147 981 3198 estis
1023 3151 1066 3197 est
1080 3144 1231 3215 quadrans,
1250 3145 1279 3199 id
1294 3150 1336 3199 est
1354 3151 1454 3215 quarta
1468 3163 1532 3216 pars
1542 3146 1660 3213 denarii,
1670 3135 1785 3218 uixiq'm,

183 3241 380 3311 (stamme),
716 3232 720 3238 '
926 3254 945 3269 -
1023 3239 1099 3294 xxii:
1123 3234 1208 3286 Viduo
1228 3235 1282 3288 har
1302 3237 1464 3302 plusquam
1483 3251 1576 3288 omnes
1594 3239 1679 3305 misit,
1697 3232 1785 3308 quiaiili

218 3330 252 3385 Hi
262 3330 411 3383 consitium
426 3328 457 3379 in
472 3325 520 3378 troc
535 3325 578 3384 rio,
594 3321 729 3375 subaudis
742 3323 845 3391 utejus
861 3337 981 3392 paupere
1023 3321 1112 3374 multa
1127 3321 1179 3374 sibi
1191 3322 1378 3384 retinuerunt,
1390 3323 1438 3376 illa
1450 3340 1515 3377 vero
1525 3329 1617 3378 totum
1628 3312 1784 3391 suum'rictou

181 3425 270 3474 tatem
287 3414 446 3471 imitemini.
464 3415 517 3468 Hoc
530 3414 603 3465 enim
619 3412 691 3464 nohis
704 3413 773 3462 uim
787 3415 833 3474 est,
847 3400 982 3463 subaudis
1024 3408 1108 3472 misit,
1125 3409 1194 3462 nihil
1208 3409 1259 3463 sihi
1277 3411 1401 3464 retinens
1419 3429 1425 3463 ε
1442 3412 1497 3465 Cor
1508 3427 1641 3483 nauaque,
1653 3419 1681 3467 et
1690 3407 1784 3473 nonsuh

182 3510 275 3563 tacere
290 3505 362 3577 quod
378 3504 449 3557 dico.
463 3505 512 3569 qui
528 3517 583 3554 eron
597 3502 684 3552 sottum
701 3501 800 3575 fiunem,
812 3499 858 3550 soii
872 3503 895 3550 et
915 3500 982 3552 tutto
1023 3499 1155 3551 stantiam
1172 3505 1271 3568 pensat
1287 3499 1371 3562 Deus,
1389 3516 1439 3553 nec
1461 3496 1613 3571 perpendit
1632 3497 1783 3572 quantumin

182 3598 296 3665 sopistis
314 3596 348 3647 ab
369 3609 445 3645 unito
467 3593 570 3658 priore,
595 3588 652 3640 sive
675 3585 710 3638 ab
734 3601 808 3638 anno
827 3585 976 3655 preter-ito.
1022 3588 1083 3656 ejus
1097 3604 1223 3648 inuuere,
1239 3588 1287 3641 sed
1299 3605 1331 3641 ex
1346 3594 1451 3658 quanto
1467 3605 1563 3643 amore
1582 3590 1735 3660 proferatur.

182 3685 270 3740 Erant
282 3681 369 3752 aliqui
384 3679 459 3750 apud
473 3679 534 3731 illos
547 3676 593 3747 qui
606 3675 777 3728 voluntatem
794 3664 906 3746 quidem
928 3673 979 3727 ha·
1056 3678 1193 3742 Quoniam
1216 3677 1432 3730 exhortationem
1456 3679 1567 3744 quidem
1582 3669 1710 3747 'suscepit
1725 3693 1739 3730 a
1754 3689 1783 3727 ne

180 3772 304 3827 buerunt
326 3767 431 3837 aliquid
456 3766 567 3819 mittere
586 3763 719 3817 iratribus
742 3762 977 3831 Hierosolymam,
1020 3778 1104 3833 quam
1120 3763 1196 3817 vobis
1212 3763 1391 3817 ministravit.
1587 3755 1603 3767 ⁴

181 3860 228 3915 sed
243 3857 313 3912 nihil
327 3855 392 3910 inde
405 3854 540 3908 lecerunt.
557 3852 644 3906 ream
657 3857 686 3904 et
699 3850 746 3904 alii
760 3850 806 3921 qui
823 3850 980 3921 aliquidin-
1055 3853 1183 3905 Misimus
1197 3869 1261 3906 oum
1276 3857 1335 3916 itio,
1350 3852 1378 3906 id
1393 3858 1436 3907 est
1446 3868 1510 3907 cum
1519 3853 1595 3918 rito,
1605 3855 1718 3923 tratrem
1728 3851 1782 3919 ruint

182 3950 218 4004 de
230 3948 366 4002 iecerunt.
377 3944 425 3999 sed
438 3943 471 3997 ad
482 3942 612 3997 offertum
625 3956 681 3994 non
696 3926 978 4010 perduxeruntQuos
1021 3941 1082 3992 tarn
1097 3945 1135 3993 est
1148 3943 1179 3993 in
1190 3941 1337 4008 Euonpetio
1347 3957 1398 4025 per
1412 3958 1504 3995 omnm
1516 3944 1650 3996 ecclesias.
1666 3941 1741 4008 Lucas
1750 3926 1781 4023 qul

181 4054 279 4093 omnes
291 4037 422 4091 hortatur
437 4033 519 4087 modo
535 4031 630 4085 disens
646 4048 651 4081 z
669 4030 728 4083 Hoe
750 4028 827 4083 vobis
850 4029 918 4083 utile
938 4033 981 4082 est
1020 4032 1049 4080 et
1072 4026 1176 4082 Lucius
1198 4028 1282 4082 tacito
1303 4029 1349 4083 hic
1369 4028 1482 4083 nomine
1502 4029 1680 4101 intelligitur,
1695 4027 1733 4100 qui
1742 4026 1781 4094 jam

181 4128 273 4182 lacere
287 4124 335 4195 qui
348 4123 419 4177 velle
433 4121 567 4193 coepistis,
583 4125 611 4172 et
625 4119 673 4188 qui
686 4135 717 4171 ex
733 4123 813 4187 parte
829 4117 942 4174 fecistis.
1021 4115 1200 4186 Evangelium
1217 4117 1404 4188 conscriptum
1420 4116 1542 4171 habebut
1553 4104 1678 4180 miritlre,
1694 4109 1783 4188 quodie:

214 4210 608 4277 Hunenaroettactoperfioite‚
625 4206 715 4271 idest,
727 4206 978 4276 operandimplete.
1019 4204 1139 4275 gehatur
1153 4222 1203 4276 per
1211 4222 1308 4260 ornnes
1319 4206 1460 4264 ecclesias.
1476 4212 1506 4260 et
1518 4206 1634 4278 insuper
1646 4208 1782 4274 hotusapos¹

215 4301 246 4357 Hi
267 4301 342 4352 enim
364 4300 492 4350 volsinios
511 4297 639 4360 prompta
654 4293 839 4362 etparataad
855 4293 979 4349 dandum
1022 4293 1154 4356 totorum,
1167 4310 1221 4364 quo
1237 4293 1332 4348 labore
1352 4294 1388 4348 ab
1403 4294 1535 4350 omnihus
1555 4295 1684 4352 fidelibus
1700 4289 1781 4363 laudet!

183 4392 231 4453 ast,
246 4386 397 4440 secundum
407 4383 437 4435 ui
450 4386 558 4449 ooeepta
573 4385 610 4433 est
624 4381 698 4447 quod
711 4380 941 4440 aasensobauois
952 4387 980 4438 et
989 4333 1012 4410 Η
1021 4381 1150 4436 habehat.

183 4479 241 4543 dat,
250 4491 307 4530 aon
321 4473 471 4527 meandum
486 4471 515 4524 id
529 4470 600 4538 quod
615 4485 670 4522 aaa
682 4470 770 4528 hahet,
784 4469 915 4540 quianon
927 4487 979 4524 va·
1056 4473 1117 4525 Non
1139 4474 1228 4525 sotum
1250 4477 1342 4526 autom
1366 4471 1535 4527 laudabatur
1556 4491 1607 4545 per
1619 4489 1710 4529 omnes
1721 4465 1784 4524 eodo·

181 4567 221 4622 let
235 4563 306 4620 illud
319 4562 388 4621 dare
402 4559 476 4631 quod
491 4554 729 4624 nonnusquam
747 4545 821 4610 velit.
840 4558 897 4614 Hoe
917 4556 980 4628 qui·
1021 4558 1087 4618 sias,
1110 4560 1155 4613 sed
1172 4565 1195 4612 et
1215 4561 1363 4614 ordinatus
1384 4567 1421 4614 eu
1448 4576 1534 4614 eomes
1555 4550 1588 4616 ae
1607 4562 1696 4617 socius
1714 4558 1783 4612 nott!

126 4646 155 4732 i,
182 4655 246 4711 dem
261 4651 337 4741 apud
355 4648 484 4706 homines
507 4651 559 4706 est,
579 4653 711 4699 aeterum
727 4643 801 4715 apud
816 4645 905 4698 Deum
919 4645 981 4714 ipsa
1018 4649 1261 4714 peregrinationis.
1615 4629 1618 4633 ⁷
1641 4628 1644 4632 A

179 4745 310 4800 noluntas
324 4739 618 4796 bonaremunemtur.
1057 4737 1210 4790 hesitantes
1232 4742 1257 4791 et
1278 4743 1399 4792 sonantes
1422 4739 1470 4792 hoe
1494 4754 1527 4792 ue
1542 4741 1605 4808 quis
1619 4755 1664 4794 uos
1684 4727 1783 4804 ιιιίιιριιιι

216 4835 373 4896 Noomin,
389 4827 524 4884 subaudis
540 4824 602 4878 ideo
617 4822 687 4876 talia
700 4821 842 4892 ριιιεείρίο,
862 4827 893 4875 ιιι
913 4823 979 4875 aliia
1021 4829 1049 4878 et
1072 4824 1259 4895 reprehendat
1278 4824 1309 4879 in
1325 4827 1377 4881 hac
1394 4817 1582 4896 plenitudine,
1602 4826 1726 4882 subaudis
1740 4819 1784 4874 tu·

181 4924 217 4974 sit
231 4923 363 4982 remissio,
381 4919 407 4972 id
428 4924 479 4982 est,
496 4912 669 4969 abundantia
681 4918 710 4965 et
722 4911 912 4982 nohtgerium,
933 4912 979 4965 aaa
1020 4913 1101 4967 trinae
1123 4918 1152 4966 et
1178 4914 1387 4977 miraculorum,
1408 4931 1467 4982 qna
1490 4917 1674 4969 ministratur
1690 4930 1705 4968 a
1723 4905 1783 4981 notit,

181 5023 216 5060 en
228 5009 393 5074 aqataiitota,
419 5005 555 5059 subaudis
576 5003 629 5057 hoe
648 5000 756 5055 dehetis
777 5004 878 5065 taeere,
902 4999 978 5055 verbi
1019 5001 1147 5055 videlieet
1163 5017 1198 5055 ne
1213 5004 1275 5073 quis
1290 5010 1384 5073 posset
1402 5003 1496 5057 dicere
1513 5019 1519 5052 :
1535 5003 1610 5058 Bene
1624 5003 1784 5074 quidemn&

180 5094 291 5166 gratia:
308 5094 361 5157 Qui
374 5092 458 5147 hahet
468 5100 579 5147 eentum
593 5091 706 5154 solidos,
722 5087 978 5160 quinquagintesa·
1019 5090 1093 5143 dieat
1118 5091 1230 5151 Paulus,
1258 5091 1409 5155 Barnabas,
1434 5091 1610 5159 Timotheus,
1627 5081 1741 5161 sociique
1754 5093 1785 5135 θ’

182 5199 245 5238 eum
273 5182 402 5241 retineat,
428 5179 631 5250 qulnquaginta
651 5179 746 5233 mittat
773 5178 817 5234 his
842 5178 979 5248 quisunt
1019 5194 1081 5231 num
1097 5179 1589 5250 etmilliamiraculapervirtutem
1603 5165 1786 5247 uomioipot·

181 5269 394 5341 Hierosolymis.
411 5269 462 5322 l'el
481 5283 512 5321 en
531 5268 690 5337 equalium
715 5273 749 5322 ut
764 5267 869 5338 aliquid
885 5267 979 5319 mittat
1019 5266 1105 5322 eluunt.
1122 5267 1169 5321 sed
1186 5267 1214 5320 in
1232 5267 1284 5321 hoo
1299 5284 1354 5321 non
1371 5268 1631 5339 heneagunt‚quiu
1645 5254 1786 5323 nonhabet

179 5360 246 5422 illis,
265 5365 293 5414 et
306 5356 412 5427 aliquid
426 5356 546 5410 retineat
565 5355 600 5407 ad
623 5372 690 5409 suos
712 5372 884 5426 suouurnque
898 5371 975 5408 usus.
1019 5369 1114 5407 euram
1141 5362 1301 5409 sanatorum
1327 5373 1483 5426 pauperum
1508 5356 1555 5426 qui
1579 5363 1647 5411 sunt
1661 5344 1787 5431 Hierosoll·

181 5450 307 5506 Hilarem
323 5444 460 5516 siquidem
475 5444 601 5496 datorem
614 5441 906 5510 benevelentiadeeet,
918 5460 979 5514 quse
1019 5443 1084 5503 mis,
1099 5443 1173 5497 sicut
1186 5445 1232 5498 alii
1248 5444 1367 5515 apostoli
1382 5443 1496 5506 habent,
1511 5451 1540 5498 et
1552 5445 1625 5499 sicot
1641 5443 1722 5498 Paulo
1738 5447 1788 5511 pri·

182 5539 317 5596 desuem
330 5537 470 5606 temperet
482 5529 643 5602 largitatem
667 5536 700 5585 ut
720 5531 980 5603 deilleatpeupe·
1021 5537 1134 5603 mptum
1157 5539 1201 5589 est
1222 5538 1252 5589 et
1274 5532 1410 5589 Bernaba
1433 5531 1469 5587 ah
1491 5534 1637 5606 apostolis,
1653 5514 1789 5609 quoted
