3840 6098
234 263 287 324 207
478 260 666 316 aattton‘ls
683 255 924 311 llliLllEitSTA'l'.
944 252 1057 307 EPlSC.
1074 252 1152 305 OPP.
1170 252 1261 307 PARS
1274 253 1284 307 I
1301 285 1333 293 -
1349 254 1534 310 COMMENT.
1552 254 1642 309 BIBL.
1817 253 1872 315 208

271 390 437 448 «Dominus
448 392 543 460 justus
553 388 581 440 ia
593 384 685 438 medio
697 380 916 452 ejusmoulariet
926 378 1029 448 iniqni—
1038 378 1063 436 A
1074 392 1135 438 ma,
1151 377 1185 430 ad
1202 376 1302 430 bonam
1320 377 1403 431 ritum
1419 395 1619 450 praeparamur,
1636 381 1803 452 resurgitin
1819 399 1871 438 no-

233 488 332 544 tatam,
347 499 360 533 a
375 479 423 532 sed
447 478 577 530 restituet
597 474 636 526 illi
660 471 733 541 quod
756 473 888 522 meretur.
908 488 920 517 o
937 467 1027 527 lirae,
1072 464 1113 517 bis
1128 466 1264 520 Christus.
1281 466 1352 529 Quia
1368 467 1442 520 enim
1455 468 1615 539 ipseraput.
1632 475 1660 522 et
1676 486 1774 524 carnes
1789 471 1872 527 electi

234 586 317 624 mane
332 588 356 630 u,
372 568 399 621 id
414 572 457 619 est
470 564 625 621 nuzraileste,
641 583 650 610 ι
667 558 803 626 judicium
816 572 898 609 suum
913 555 990 607 dabit
1001 555 1030 607 in
1072 553 1197 607 membra
1211 557 1272 622 ejus
1287 560 1361 618 sunt,
1380 562 1455 609 recte
1470 562 1499 609 et
1521 558 1657 611 commori
1676 564 1705 611 et
1725 575 1874 613 conresur-

234 658 336 721 1ucem‚
351 663 380 710 et
393 672 447 709 non
463 651 657 706 abscondetur.
673 646 795 700 Nescit-it
810 651 903 697 autem
917 643 1029 712 iniquus
1070 656 1137 709 gere
1153 641 1256 695 dicitur
1269 641 1401 697 membris
1413 644 1481 698 suis.
1498 645 1570 698 sicut
1586 651 1613 699 et
1628 646 1781 700 consedere
1795 646 1820 700 ei
1840 647 1872 701 in

232 745 433 800 confusionem.
450 763 459 791 ι
475 743 508 794 Et
523 741 580 792 haec
595 736 660 789 lecit
672 742 702 788 ut
716 740 845 803 correpta
859 731 955 783 civitas
966 747 1029 783 con·
1069 729 1170 782 throno
1184 731 1254 798 ejus,
1278 731 1359 799 juxta
1374 732 1447 802 quod
1472 733 1499 785 in
1524 734 1691 805 Apocalypsi
1713 735 1844 805 promisit
1861 753 1867 788 :

232 839 389 889 verteretur
409 831 444 884 ad
467 827 575 890 melius,
592 824 641 878 sed
656 823 743 877 lsrael
757 819 873 875 nescivit
887 817 1027 873 conlusio·
1072 835 1082 865 r
1096 815 1148 878 Qui
1168 817 1275 881 vicerit,
1293 817 1392 872 faciam
1404 820 1482 873 illum
1498 821 1596 875 sedere
1607 823 1635 875 in
1646 823 1749 876 throno
1761 839 1834 878 meo.
1855 843 1867 874 i

231 937 306 976 nem.
1068 903 1104 957 Et
1116 905 1284 974 Apostolus:
1300 926 1311 956 r
1328 907 1535 963 conviviticavit
1550 918 1577 964 et
1593 912 1744 967 consedere
1758 929 1809 966 nos
1824 912 1867 967 fe·

268 1028 281 1063 a
298 1006 456 1079 Disperdidi
474 1008 582 1075 gentes,
603 1007 632 1055 et
646 998 773 1068 dissipati
789 1001 854 1050 sunt
868 995 963 1065 anguli
983 1010 1027 1048 ea·
1067 991 1147 1046 citio
1162 994 1331 1048 crelestibus.
1345 1015 1357 1048 a
1377 997 1472 1052 Potest
1484 1004 1513 1052 et
1528 1000 1567 1053 sic
1585 1001 1683 1071 accipi.
1701 1019 1714 1053 c
1731 980 1868 1073 Exspecta

229 1114 302 1152 rum.
330 1096 462 1150 Desertae
487 1092 538 1146 feci
559 1091 618 1143 rias
640 1104 746 1151 eornm,
767 1087 833 1141 dum
849 1101 904 1138 non
920 1090 963 1137 est
979 1083 1026 1152 qui
1068 1081 1153 1134 mein
1168 1081 1213 1135 die
1229 1085 1442 1139 resurrectionis
1455 1103 1550 1152 meaa»
1569 1089 1620 1143 hoc
1636 1096 1688 1154 est,
1696 1090 1725 1144 in
1738 1096 1866 1161 tempore

228 1191 364 1241 transeat.
385 1183 523 1238 Desolatae
535 1186 601 1233 sunt
611 1177 739 1231 civitates
754 1190 920 1236 eorum,non
936 1189 1026 1226 rema·
1066 1169 1207 1223 novissimi
1220 1171 1331 1240 judicii,
1354 1175 1466 1243 quaudo
1484 1193 1581 1230 omnes
1596 1184 1752 1248 resurgent,
1768 1185 1799 1232 et
1812 1194 1864 1250 ego

229 1281 314 1330 neate
326 1273 394 1335 viro,
411 1286 503 1338 neque
524 1268 581 1321 ullo
601 1264 767 1320 habitatore.
790 1262 853 1317 Dixi
873 1264 1025 1314 :Attamen
1066 1273 1129 1310 curn
1142 1258 1273 1312 membris
1287 1261 1357 1313 meis
1372 1264 1583 1331 resurgentibus
1596 1272 1863 1336 resurgam‚ettunc

227 1361 340 1417 timebis
352 1376 408 1421 mc,
418 1354 747 1426 suscipiesdisciplinam‚
760 1358 788 1404 et
798 1367 854 1403 non
865 1349 966 1420 peribit
977 1350 1026 1402 lia·
1065 1347 1311 1416 congregabuntur
1323 1355 1466 1419 genteset
1481 1354 1647 1423 colligentur
1661 1372 1757 1426 regna,
1773 1356 1802 1409 id
1821 1360 1864 1409 est

228 1449 381 1504 bitaculum
402 1448 473 1515 ejus.
484 1450 597 1514 propter
620 1441 715 1494 omnia
735 1440 764 1493 in
790 1439 891 1510 quibus
915 1437 1023 1490 visitavi
1065 1439 1218 1504 potestates
1232 1437 1335 1502 saeculi,
1348 1439 1390 1491 vel
1402 1441 1528 1511 magistri
1540 1459 1735 1512 perversorum
1748 1442 1864 1514 dogma·

227 1555 300 1595 eam.
316 1538 516 1591 Verumtamen
530 1531 651 1585 diluculo
666 1534 822 1598 surgentes.
838 1530 1024 1596 corruperunt
1064 1527 1135 1575 tum·

227 1642 324 1679 omnes
338 1622 519 1694 cogitationes
531 1636 604 1673 suas.
621 1639 633 1668 r
652 1618 723 1680 Quia
738 1615 854 1685 (inquit)
869 1615 1022 1685 perplagas
1104 1629 1116 1659 o
1131 1612 1164 1664 Et
1177 1612 1316 1666 ellandam
1332 1632 1474 1685 superras
1484 1617 1703 1689 indignationem
1715 1638 1820 1685 meam.
1836 1627 1865 1677 et

225 1731 282 1768 non
298 1712 376 1782 potui
389 1712 452 1764 illos
465 1708 604 1776 corrigere
618 1706 690 1759 volui
702 1705 800 1757 saltem
814 1713 844 1756 ut
857 1719 906 1773 por
920 1702 1023 1756 benefr-
1033 1683 1056 1742 Β
1065 1716 1175 1753 omnem
1188 1700 1256 1753 iram
1270 1702 1372 1755 luroris
1384 1706 1447 1759 mei.
1462 1707 1576 1776 »Super
1586 1725 1632 1762 eos
1641 1710 1687 1780 qui
1696 1711 1790 1765 minus
1802 1728 1862 1782 pec·

225 1803 267 1855 cia
279 1804 517 1855 converterentur,
530 1803 558 1849 et
566 1801 682 1864 agerent
692 1793 893 1863 penitentiam.
908 1791 1023 1858 Disper-
1063 1795 1206 1853 caverunt,
1228 1791 1382 1845 ellunditur
1405 1794 1562 1866 indignatio
1579 1796 1699 1862 Domini,
1717 1800 1765 1868 qui
1786 1800 1860 1854 desi·

224 1889 282 1944 didi
297 1905 364 1958 ergo
381 1895 480 1958 gentes
502 1884 564 1947 tibi,
582 1883 694 1937 eluda.
714 1880 877 1943 contrarias
898 1878 1020 1932 desolari
1061 1887 1186 1946 guantur
1201 1894 1250 1946 per
1263 1885 1372 1947 gentes
1385 1881 1437 1944 Qui
1450 1900 1513 1936 vero
1525 1892 1652 1954 putentes
1665 1888 1770 1942 suntin
1787 1890 1860 1943 malo

223 1977 349 2031 civitates
369 1982 483 2046 propter
500 1979 539 2034 te,
568 1979 596 2025 et
619 1971 676 2024 vias
691 1986 787 2023 earum
804 1969 854 2022 feci
870 1968 967 2033 invias,
989 1972 1021 2021 ut
1062 1971 1091 2016 ct
1105 1965 1305 2029 haeresiarchae,
1318 1984 1403 2038 super
1413 1986 1459 2023 eos
1467 1972 1620 2026 effunditur
1629 1975 1719 2028 omnis
1734 1976 1776 2030 ira
1786 1977 1860 2032 sure·

222 2067 317 2120 nullus
330 2081 379 2136 per
394 2080 441 2117 eas
454 2061 596 2116 transiret.
615 2061 648 2113 Et
657 2067 718 2130 post
728 2060 786 2112 haee
796 2057 857 2111 misi
869 2057 1019 2127 prophotas
1061 2053 1100 2106 ris
1109 2053 1229 2107 Domini.
1248 2072 1260 2103 o
1272 2055 1302 2107 ln
1313 2055 1376 2125 igne
1386 2058 1460 2111 enim
1472 2060 1524 2112 zeli
1538 2063 1592 2114 mei
1603 2063 1785 2119 devorabitur
1800 2083 1859 2120 om·

222 2155 271 2225 qui
292 2159 446 2212 monerent,
464 2157 493 2204 et
517 2150 551 2203 ad
575 2148 769 2220 poeaitentiam
783 2154 811 2200 te
827 2151 1015 2216 provocarent.
1060 2143 1104 2196 nis
1116 2149 1201 2199 terra.
1217 2161 1227 2192 r
1242 2141 1268 2194 id
1284 2147 1472 2217 estquidquid
1491 2154 1636 2204 terrenum
1651 2158 1703 2217 est,
1713 2153 1786 2207 etad
1800 2171 1858 2209 ear·

221 2242 285 2297 Feci
299 2242 358 2297 haec
377 2240 471 2295 omnia
491 2247 520 2293 ut
537 2238 650 2291 timeres
663 2252 707 2289 me
723 2241 751 2289 et
769 2234 925 2303 susciperes
938 2233 1019 2286 disci·
1059 2231 1103 2284 nis
1119 2247 1202 2301 opera
1217 2231 1346 2300 pertinet.
1363 2235 1435 2306 Ergo
1447 2239 1519 2308 quod
1532 2240 1660 2310 superius
1669 2242 1794 2296 minatus
1804 2248 1856 2308 est,

221 2330 338 2401 plinam,
353 2329 432 2394 Quod
445 2330 469 2381 si
484 2327 605 2388 fecisses,
622 2342 677 2379 noa
702 2324 805 2394 periret
826 2322 1018 2377 habitaculam
1059 2336 1114 2373 non
1131 2327 1173 2373 est
1183 2320 1368 2383 crudelitatis,
1382 2326 1431 2379 sed
1450 2327 1659 2395 misericordiae,
1675 2347 1738 2385 cum
1755 2331 1789 2385 ad
1805 2332 1857 2386 boc

219 2419 343 2479 tuumjd
355 2423 398 2472 est
412 2417 671 2486 templumpropter
685 2413 791 2466 seelera
804 2428 865 2480 qnae
877 2427 1015 2480 gesseras.
1058 2409 1214 2479 indignatio
1228 2414 1257 2462 et
1270 2409 1348 2464 luror
1366 2413 1528 2481 effunditur,
1546 2423 1578 2471 ut
1591 2424 1676 2485 terra,
1693 2419 1722 2473 id
1736 2425 1780 2474 est
1795 2437 1858 2492 pec·

220 2509 285 2562 llaec
300 2507 419 2562 Domino
434 2505 562 2568 iaciente,
579 2504 618 2556 illi
633 2502 712 2573 quasi
728 2502 762 2554 de
777 2500 917 2554 industria
936 2504 964 2552 ot
984 2516 1016 2552 ex
1058 2505 1186 2552 catorum
1202 2496 1302 2567 rubigo
1317 2509 1459 2557 exuratur.

219 2596 399 2650 contentione
413 2611 495 2648 mane
510 2589 898 2658 surrexerunt.utimplerent
914 2587 1017 2656 eogita-
1097 2609 1107 2637 τ
1125 2589 1197 2651 Quia
1216 2596 1282 2645 lunc
1294 2593 1407 2646 reddam
1429 2593 1539 2663 POPUHS
1554 2593 1660 2649 labium
1674 2596 1805 2664 elssclssfflv
1826 2604 1858 2653 Ut

218 2685 308 2739 tiones
322 2700 397 2744 suas,
410 2683 458 2754 qui
474 2681 608 2735 lestinare
628 2678 784 2733 debuerant
796 2684 827 2730 ut
842 2676 966 2728 redirent
981 2674 1014 2728 acl
1057 2684 1156 2731 vocent
1166 2695 1263 2733 omnes
1278 2681 1429 2736 innomine
1447 2683 1567 2742 Domini,
1584 2689 1612 2737 et
1626 2685 1752 2739 serviant
1764 2687 1790 2741 ei
1804 2687 1858 2741 ltu·

217 2775 316 2838 Deum,
335 2781 457 2829 econtra
470 2771 673 2825 festinaverunt
683 2775 714 2821 ut
725 2765 910 2835 malumqaod
921 2769 1014 2817 mente
1057 2781 1134 2818 mero
1151 2784 1217 2821 uno.
1236 2787 1249 2821 i>
1265 2770 1346 2827 Tam.
1366 2770 1467 2841 inquit,
1491 2771 1577 2825 idest
1596 2788 1658 2826 cum
1674 2773 1859 2844 deposuerint

217 2869 500 2932 conceperant‚opere
509 2865 634 2929 agerent.
647 2855 832 2911 Possuntluec
843 2853 1014 2923 tropologice
1056 2870 1166 2908 errores
1177 2859 1371 2923 suos,roddam
1384 2859 1549 2913 illislabium
1562 2861 1857 2924 electumidestanti-

216 2951 315 3005 referri
330 2950 366 3003 ad
382 2948 542 3011 Ecclesiam,
558 2964 619 3017 quae
644 2951 720 2998 recte
744 2949 858 2997 roratur
872 2941 1012 3007 columba,
1057 2959 1142 3012 quum
1159 2946 1341 3001 consessionis
1357 2964 1425 3001 mere
1440 2949 1592 3021 eloquium.
1609 2950 1668 3004 Hoc
1682 2958 1779 3006 autem
1790 2954 1855 3018 erit,

216 3039 283 3108 quia
293 3035 539 3108 simplicesetsine
552 3032 748 3087 malitiuhabet
760 3032 866 3085 tideles.
881 3031 936 3084 Sed
947 3030 1014 3100 quia
1055 3048 1117 3085 cum
1144 3036 1298 3089 secundum
1324 3038 1487 3106 Apostolum
1513 3038 1541 3092 in
1558 3038 1670 3094 nomine
1687 3042 1754 3096 lesu
1773 3059 1856 3098 omne

216 3125 291 3179 intra
304 3142 367 3179 eam
382 3131 458 3188 sunt,
474 3123 822 3194 quiconfitenturnossose
832 3119 1014 3182 Deurn,factis
1054 3137 1128 3189 genu
1138 3123 1853 3199 llecteturcoelostium,terrestrium,etinternorum

215 3220 310 3268 autem
331 3221 444 3284 negant,
462 3213 558 3282 quales
573 3216 640 3264 sunt
661 3208 785 3262 haeretici
801 3214 829 3261 et
845 3207 910 3260 maii
933 3206 1012 3260 Chri·
1055 3215 1083 3263 et
1097 3212 1188 3266 onmis
1201 3214 1298 3283 lingua
1316 3216 1559 3286 confiteaturquia
1571 3218 1707 3273 Dominus
1716 3221 1798 3275 lesus
1809 3229 1853 3278 est

215 3303 308 3365 stiani,
327 3302 390 3356 ideo
403 3301 526 3355 dicitur:
545 3318 557 3349 o
575 3299 640 3352 llaec
656 3313 710 3350 non
725 3296 833 3350 audivit
846 3311 940 3347 vocem
961 3296 1013 3348 Du·
1055 3300 1082 3353 in
1100 3302 1190 3369 gloria
1213 3303 1262 3356 Dei
1285 3304 1393 3357 Patris:
1408 3305 1460 3358 hoc
1475 3310 1518 3358 est
1536 3306 1631 3360 enim:
1650 3326 1662 3359 o
1680 3309 1812 3364 Serviant
1825 3311 1852 3366 ei

214 3393 313 3448 mini.»
323 3393 411 3463 Cujus
422 3391 490 3444 mali
501 3389 639 3460 principes
651 3386 860 3455 etjudices,lroc
870 3385 1014 3438 estdocto·
1053 3387 1172 3443 humero
1187 3407 1252 3455 uuo,
1275 3412 1285 3440 v
1302 3392 1328 3446 id
1339 3399 1382 3447 est
1392 3394 1451 3464 pari
1459 3393 1605 3448 devotione
1612 3397 1713 3466 jugum
1724 3398 1856 3454 domina-

213 3498 259 3536 res
270 3487 298 3536 et
313 3480 451 3551 magistri,
467 3478 659 3532 assimilantur
675 3473 801 3528 leonibus
817 3479 846 3527 et
866 3473 938 3543 lapis
951 3490 1013 3527 ves·
1053 3475 1138 3529 tionis
1154 3479 1213 3546 ejus
1229 3496 1322 3538 suave.
1335 3488 1362 3535 et
1376 3498 1446 3535 onus
1457 3484 1519 3551 ejus
1533 3484 1592 3537 lere
1607 3486 1807 3556 suscipientes.

213 3570 341 3641 pectinis.
359 3569 465 3622 Horum
483 3568 550 3621 rias.
566 3565 592 3618 id
615 3570 657 3618 est
673 3579 771 3634 pravas
792 3562 915 3615 actiones
930 3562 1013 3615 dissi·
1093 3584 1103 3611 α
1119 3565 1200 3619 Ultra
1212 3568 1487 3640 fluminuAEthiopiae
1503 3572 1787 3644 indesupplicesmei,
1804 3578 1857 3632 tilii

213 3663 262 3726 pat
275 3656 422 3712 Dominus.
432 3662 460 3708 et
474 3653 566 3715 urbes,
584 3652 611 3705 id
623 3657 665 3704 est
679 3649 876 3704 conlidentiam
891 3665 973 3718 quarm
984 3649 1014 3701 in
1056 3653 1245 3723 dispersorum
1262 3674 1388 3712 meorum
1399 3659 1527 3713 deferent
1541 3677 1643 3716 munus
1655 3663 1733 3718 mihi.
1749 3684 1761 3717 a
1778 3665 1856 3721 Ordo

212 3749 305 3819 pravis
328 3746 506 3817 dogmatibus
532 3744 644 3803 liabent.
669 3743 802 3796 destruet.
830 3741 1010 3794 Dalrtetiam
1056 3741 1203 3795 verborum
1215 3751 1259 3796 est
1278 3745 1396 3799 :Olilia
1412 3748 1602 3816 dispersorum
1624 3766 1760 3819 meorum,
1777 3753 1858 3808 ultra

209 3837 347 3907 judicium
356 3852 438 3890 suum
454 3836 482 3888 iu
498 3835 598 3898 larem,
614 3831 693 3885 linita
709 3836 788 3884 nerle
804 3830 887 3897 liujus
902 3831 1007 3883 saeculi.
1052 3827 1323 3900 lluminaAEtlriopiae
1334 3834 1461 3887 delerent
1472 3852 1582 3889 inuans.
1603 3837 1855 3909 Filiamdispcrso·

212 3926 247 3981 Et
267 3941 324 3979 non
348 3924 534 3979 abscondetur
545 3938 608 3975 cum
624 3920 737 3990 exigere
753 3918 869 3988 eoeporit
887 3934 902 3971 a
922 3919 1008 3972 servis
1051 3931 1112 3968 rum
1130 3923 1209 3971 vocat
1222 3919 1410 3991 Si'ssstthiJaffiv
1427 3924 1567 3992 diffindam
1583 3925 1678 3989 fillstfflv
1694 3943 1778 3998 (luam
1789 3929 1852 3998 lam

211 4015 388 4069 commissam
405 4007 898 4084 pecuniam,ettnncdissipabuntur
913 4008 1009 4077 anguli
1050 4021 1120 4075 pene
1135 4007 1163 4060 in
1179 4013 1237 4061 toto
1253 4008 1320 4062 orbe
1338 4010 1517 4081 disperserat.
1544 4012 1594 4066 Est
1613 4020 1706 4068 autem
1721 4031 1824 4072 sensus
1842 4036 1850 4075 :

211 4102 351 4162 eorum‚id
362 4109 404 4155 ast
414 4101 677 4171 praraevoluptatcs
694 4113 711 4149 a
726 4095 908 4149 rectoitinere
923 4095 1009 4149 decli·
1051 4095 1073 4150 O
1089 4095 1187 4159 lsrael,
1203 4114 1218 4151 o
1234 4099 1383 4169 Synagoga
1398 4101 1538 4170 quondam
1550 4101 1615 4165 alia,
1633 4118 1707 4156 nunc
1720 4104 1853 4176 dispersa

212 4190 378 4245 nantegspd
388 4189 452 4242 licet
463 4189 520 4242 haee
530 4187 643 4243 iaciant.
660 4192 755 4237 tamen
765 4200 820 4236 aon
834 4184 937 4237 recedit
956 4185 1010 4238 Do·
1050 4191 1079 4238 et
1090 4186 1240 4255 captivata,
1256 4189 1321 4241 licet
1337 4190 1514 4244 aemulatione
1524 4190 1666 4256 crucieris,
1683 4198 1711 4246 et
1721 4193 1850 4250 inrideas

212 4278 305 4331 minus
321 4276 356 4330 ab
372 4294 414 4336 ea.
427 4276 475 4330 sed
486 4275 619 4329 admonet
629 4279 659 4326 ut
669 4273 788 4325 timeant
799 4288 863 4324 eum
877 4280 906 4325 et
920 4273 1008 4326 susci·
1020 4303 1041 4364 υ
1050 4274 1133 4329 saluti
1147 4275 1285 4344 gentium,
1298 4282 1392 4330 tamen
1411 4284 1439 4331 te
1455 4279 1568 4332 nolente
1579 4278 1614 4332 de
1629 4278 1771 4352 AEtlriopia
1784 4283 1851 4347 (hoc

212 4367 292 4437 piant
306 4364 492 4434 disciplinam.
511 4363 612 4415 Verum
628 4362 693 4432 quia
705 4362 800 4431 justus
811 4367 862 4420 est,
876 4377 931 4414 non
946 4378 1009 4431 par·
1050 4370 1101 4426 est,
1116 4363 1315 4432 degentilitato
1327 4366 1446 4435 peccatis
1461 4366 1542 4436 nigra
1557 4372 1585 4420 et
1595 4367 1760 4424 infidelitate
1771 4376 1851 4427 tene·

210 4455 249 4508 cit
262 4453 448 4525 peccantibus,
461 4452 509 4506 sed
521 4452 645 4505 restituit
655 4451 728 4521 quod
745 4456 898 4503 merentur.
1048 4449 1139 4516 brusa)
1149 4452 1276 4506 delerent
1289 4453 1358 4507 mihi
1372 4471 1498 4510 munera.
1512 4455 1546 4508 Et
1557 4472 1630 4509 nunc
1649 4457 1746 4529 regina
1761 4459 1847 4526 Saba,

250 4543 456 4614 quapropter
468 4548 599 4611 exspecta
614 4556 667 4603 me,
685 4538 752 4592 dicit
766 4538 948 4602 Darantasia
961 4539 1006 4592 die
1047 4538 1073 4592 id
1089 4541 1271 4610 estgentium
1294 4541 1426 4609 Ecclesia,
1452 4544 1545 4597 veniet
1565 4546 1663 4601 audire
1678 4547 1848 4617 sapientiam

208 4629 421 4687 resurrectionis
438 4628 541 4684 meseia
551 4626 899 4697 intur·um,quiajurlicium
912 4642 1004 4681 meum
1045 4627 1102 4680 veri
1118 4629 1282 4683 Salomonis.
1295 4630 1366 4684 llinc
1377 4638 1405 4685 et
1416 4631 1566 4687 Psalmista
1579 4652 1585 4687 :
1600 4636 1762 4708 rAEthiopia
1771 4654 1849 4708 prte-

207 4728 240 4776 ut
254 4736 421 4792 congregem
432 4726 540 4790 gentes,
557 4724 586 4770 et
597 4717 727 4787 colligam
742 4732 838 4785 regna.
854 4738 864 4763 ι
880 4716 1006 4769 iudaeiet
1046 4717 1139 4770 veniet
1154 4734 1254 4771 marrus
1274 4720 1334 4788 ejus
1351 4720 1417 4774 Deo.
1438 4741 1448 4771 ι
1464 4722 1594 4777 Flumina
1606 4724 1752 4797 AEthiopire
1762 4727 1847 4796 juxta

207 4811 296 4865 nostri
310 4810 488 4880 judaizantes
504 4807 538 4861 ad
551 4815 680 4877 tempora
690 4804 856 4858 antichristi
869 4805 921 4858 hoc
932 4806 1004 4858 refe·
1046 4804 1169 4859 litteram
1185 4807 1280 4860 Nilum
1291 4807 1367 4873 dicit,
1376 4809 1423 4878 qui
1437 4810 1466 4863 in
1479 4817 1587 4880 septem
1602 4813 1719 4867 llumina
1729 4814 1843 4870 deduci·

207 4906 283 4954 runt.
306 4899 411 4952 Putant
434 4896 509 4950 enirn
524 4894 621 4948 abillo
636 4893 821 4947 coadunanda
835 4910 896 4946 esse
910 4894 1004 4947 omma
1046 4893 1297 4963 turSpiritualiter
1311 4897 1586 4969 llurninaAEtbiopiae
1598 4901 1848 4973 populisuntgen·

207 4987 305 5043 mundi
319 5002 415 5056 regna,
427 4985 540 5038 seduno
552 4983 611 5051 ejus
625 4980 753 5052 irnperio,
771 4987 798 5034 et
811 4987 878 5034 tunc
893 4998 958 5047 una,
976 4982 1004 5035 id
1046 4981 1126 5045 tium,
1143 4982 1189 5052 qui
1209 4983 1327 5038 Domino
1343 4984 1468 5041 victimas
1490 4987 1647 5057 gratiarum
1663 4996 1692 5044 et
1705 4989 1847 5048 sacrificia

207 5083 250 5131 est
259 5076 376 5129 Hebraea
393 5073 489 5142 lingua
503 5088 600 5125 omnes
615 5069 742 5122 homines
757 5070 908 5131 locuturos,
930 5071 1004 5125 sicut
1044 5069 1109 5123 srdei
1123 5086 1156 5123 ac
1168 5070 1260 5125 devoti
1276 5074 1396 5144 pectoris
1409 5074 1581 5130 detulerunt.

206 5173 272 5219 ante
287 5162 422 5218 diluvium
437 5160 499 5212 tuit.
513 5160 570 5212 Nos
583 5174 656 5217 reru.
673 5157 786 5212 beatum
800 5159 1001 5229 llicronymum
1081 5178 1093 5212 o
1108 5158 1141 5213 In
1156 5159 1200 5213 dic
1217 5180 1241 5223 a.
1251 5161 1351 5231 inquit,
1361 5180 1374 5214 o
1387 5162 1465 5224 itta.»
1484 5164 1511 5217 id
1528 5172 1571 5219 est
1585 5166 1614 5220 in
1629 5171 1765 5238 tempore,
1776 5189 1844 5228 cum

204 5259 363 5323 sequentes,
385 5248 420 5301 ad
442 5255 571 5316 tempora
600 5246 653 5299 ista
681 5252 835 5300 reteramus
860 5245 999 5303 Ecclesiae.
1041 5249 1168 5318 gentium
1185 5250 1613 5317 credideritmultitudo,un0n
1631 5256 1842 5315 confunderis»

207 5341 366 5411 «Exspecta
376 5353 420 5390 me
430 5337 541 5406 linquit)
558 5335 587 5388 iu
602 5335 646 5388 die
664 5336 877 5390 resurrectionis
893 5353 997 5402 meae»
1040 5345 1081 5396 tu,
1098 5354 1114 5391 o
1130 5339 1187 5391 fllia
1209 5339 1398 5409 dispersorum
1419 5358 1557 5396 meorum.
1585 5351 1606 5397 ι’
1621 5345 1713 5416 Super
1731 5352 1843 5406 cunctis

203 5430 290 5486 idest
312 5442 437 5500 prapara
459 5432 487 5478 tu
509 5424 545 5477 ud
561 5431 672 5495 tempus
687 5424 899 5478 resurrectionis
920 5442 998 5480 mese.
1041 5427 1284 5481 adinventionibus
1294 5428 1470 5499 tuisqnibus'
1476 5432 1658 5501 praevaricata
1669 5450 1699 5488 es
1708 5435 1738 5489 in
1754 5453 1841 5502 me.»

203 5518 365 5580 cumcuim
379 5522 444 5591 post
457 5520 572 5590 peccata
582 5520 610 5570 et
622 5513 698 5579 vitia,
708 5529 770 5590 qnae
780 5515 1000 5569 suntmorsani·
1040 5515 1168 5586 eligendo
1195 5516 1360 5586 barabbam,
1385 5524 1415 5574 et
1437 5518 1489 5575 Dei
1502 5520 1605 5578 Filium
1623 5523 1818 5597 crucifigendo
1834 5547 1841 5585 :
