3840 6098
85 271 119 328 ll
582 270 791 327 ENARRATIO
809 269 849 325 IN
868 267 960 324 OSEE
979 269 1212 328 PROPHETAM.
1686 280 1722 340 42

84 398 177 454 Deum
189 402 402 469 cognoscerent,
411 396 441 451 id
453 400 505 462 cst,
517 395 707 468 intelligerent
720 393 916 452 eumsolumA
926 393 1111 466 accipiuntur,
1126 396 1174 468 qui
1195 397 1224 451 in
1244 397 1382 453 idolorum
1397 403 1464 453 sunt
1474 416 1570 457 errore
1582 405 1721 473 generati,

85 503 149 542 esse
163 485 320 541 colendum.
336 486 382 540 Sic
391 485 466 540 enim
478 485 621 539 diciturde
632 485 696 539 uliis
704 485 767 539 Heli
782 485 884 539 :Porro
925 482 982 537 sive
997 501 1066 555 quos
1085 485 1242 556 perignem
1264 486 1396 541 ducentes
1415 487 1497 542 idolis
1511 497 1721 548 consecrarunt.

85 576 138 629 filii
154 576 216 629 Heli
235 574 287 628 filii
307 574 394 628 Belial
416 590 472 627 non
494 573 697 643 cognoscebant
719 573 882 627 Dominum.
928 572 1037 627 «Hunc
1055 572 1198 628 devorabit
1217 592 1264 630 eos
1283 576 1387 630 mensis
1401 594 1464 631 cum
1480 579 1604 648 partibus
1624 580 1720 638 suis.»

84 663 230 734 Principes
253 679 364 734 quoque
386 663 550 732 dogmatum
569 678 765 733 perversorum
785 662 824 728 (id
843 666 887 714 est
927 662 1008 728 Quia,
1025 663 1125 732 inquit,
1142 664 1195 717 hoo
1208 664 1342 729 iecerunt,
1359 682 1414 719 non
1434 667 1522 721 multo
1539 675 1602 738 post
1613 675 1724 741 tempo-

83 751 244 814 haereticos}
269 757 297 807 ct
316 746 450 822 populum
471 750 629 821 subjectum
649 750 703 804 scit
718 751 802 814 Deus,
819 750 887 820 quia
926 766 966 816 re,
983 750 1031 803 sed
1046 751 1297 820 impraesentiarum
1308 753 1487 810 advenientes
1500 755 1725 829 hostes,hssyrii

84 841 184 895 omnia
197 856 295 895 eorum
316 856 402 911 opera
425 845 454 893 et
471 840 547 909 ipsas
566 839 751 909 cogitationes
764 838 885 892 occultas
926 838 1055 892 videlicet
1068 844 1152 909 atque
1166 840 1298 907 Chaldaei,
1310 833 1522 898 et'devorabunt
1531 861 1579 898 eos
1591 862 1655 899 cum
1666 845 1724 899 suis

83 930 256 994 considerat,
272 929 397 1000 nihilque
412 933 456 982 est
469 928 543 998 apud
559 928 622 981 illos
636 927 710 997 quod
724 943 788 981 eum
799 925 887 998 possit
926 926 1062 996 partibus,
1083 927 1136 982 hoc
1159 934 1210 992 ost,
1232 946 1296 983 cum
1319 930 1377 984 suis
1402 933 1632 1002 possessionibus,
1654 950 1724 1004 quas

84 1018 186 1073 latere.
203 1019 237 1072 Et
244 1018 310 1089 quia
323 1033 374 1089 per
383 1033 498 1088 pravam
513 1032 612 1070 eorum
626 1016 781 1069 doctrinam
795 1015 886 1085 subje-
926 1020 1001 1068 sorte
1013 1020 1042 1069 ct
1055 1015 1179 1070 funiculo
1191 1024 1368 1088 acceperunt.
1383 1020 1463 1073 Unde
1476 1027 1504 1074 et
1519 1022 1592 1075 LXX
1601 1026 1726 1076 transtu·

85 1107 127 1160 cti
139 1123 249 1177 quoque
264 1107 390 1177 ipsorum
410 1105 595 1159 contaminati
617 1109 692 1170 sunt,
707 1120 763 1159 non
779 1102 886 1157 dabunt
925 1102 1020 1157 lerunt
1035 1120 1041 1155 ε
1056 1103 1206 1158 Devorabit
1220 1121 1268 1159 eos
1288 1105 1387 1176 rubigo
1405 1124 1467 1162 cum
1482 1108 1593 1163 hederis
1605 1109 1674 1164 suis.
1689 1110 1725 1164 Et

85 1211 154 1249 suas
164 1195 347 1265 cogitationes
357 1198 389 1248 ut
400 1193 593 1265 poenitentiam
603 1198 698 1263 agant,
709 1198 737 1246 et
750 1193 786 1245 ad
795 1192 884 1246 Deum
926 1197 969 1245 est
982 1208 1081 1247 sensus
1096 1211 1102 1244 ε
1120 1193 1173 1246 Per
1186 1191 1311 1263 singulos
1326 1210 1436 1249 menses
1451 1196 1540 1250 hostis
1553 1196 1725 1263 adveniet,et

84 1289 272 1348 revertantur,
291 1283 357 1354 quia
371 1282 474 1353 spiritu
487 1281 679 1336 fornicatiouis
689 1280 796 1335 seducti
807 1286 883 1344 sunt,
925 1286 1025 1334 cuncta
1040 1298 1101 1351 quae
1116 1282 1151 1335 ad
1167 1299 1214 1336 cos
1229 1282 1372 1353 pertinent
1385 1282 1513 1351 vastabit,
1521 1285 1651 1357 ipsosque
1658 1300 1724 1356 par-

84 1372 181 1443 quiin
199 1371 292 1427 medio
305 1372 419 1427 illorum
432 1376 569 1437 versatur,
582 1370 703 1442 ideoque
723 1370 813 1424 Deum
828 1384 884 1423 non
916 1369 979 1423 ‘tim
990 1369 1147 1436 interficiet,
1165 1371 1307 1441 partimin
1326 1371 1519 1442 captivitatem
1534 1373 1627 1427 ducet.
1643 1372 1725 1437 Quod

83 1465 269 1532 cognoscunt.
595 1445 598 1450 ’
928 1458 1049 1529 qualiter
1063 1458 1167 1513 sactum
1182 1459 1229 1525 sit,
1244 1459 1362 1513 historia
1376 1459 1440 1513 libri
1455 1461 1561 1530 Regum
1577 1465 1606 1516 et
1620 1460 1726 1516 Parali-

126 1546 883 1620 0Etrespondebitarrogantialsraelinfaciemejus.·
927 1561 1066 1617 pomenon
1080 1547 1264 1609 demonstrat.
1281 1565 1342 1619 quoe
1357 1547 1486 1603 eumdem
1508 1549 1642 1621 populum
1667 1566 1725 1606 non
1834 1580 1840 1585 -

83 1638 267 1708 arrogantia,
283 1637 312 1691 id
322 1642 375 1702 est,
386 1635 518 1706 superbia
532 1635 619 1690 lsrael
628 1634 690 1698 luit,
706 1650 762 1705 qua
774 1638 887 1688 tumens
927 1636 1024 1701 semel,
1040 1651 1092 1690 nec
1101 1635 1153 1702 bis,
1169 1637 1218 1691 sed
1232 1637 1360 1708 pluribus
1374 1636 1478 1692 vicibus
1492 1639 1664 1708 captivatum
1683 1655 1726 1694 re·

83 1730 187 1780 contra
196 1726 294 1792 Deum,
304 1724 443 1780 culturam
458 1724 517 1793 ejus
531 1722 705 1794 despexit,ut
715 1722 744 1775 in
753 1720 886 1776 creatoris
896 1700 918 1759 Β
927 1723 990 1777 fert.
1009 1724 1063 1778 Sed
1079 1724 1202 1779 haeretici
1220 1725 1401 1795 suspicantur
1414 1726 1488 1796 quod
1502 1726 1531 1780 in
1544 1725 1726 1783 multitudine

84 1814 224 1885 injuriam
246 1813 323 1868 idola
339 1819 488 1868 veneratus
503 1817 555 1866 est.
572 1812 637 1865 Hac
649 1811 809 1880 arrogantia
824 1811 885 1879 ejus
927 1812 1128 1866 sacrificiorum
1138 1829 1254 1866 suorum
1269 1813 1620 1882 placentDeum,etJudas
1633 1814 1726 1883 (idest

84 1901 269 1975 respondebit
277 1902 307 1956 in
315 1901 413 1956 taciem
424 1900 611 1971 ejus‚quando
620 1897 886 1970 meritoiniquitatis
926 1901 1114 1970 ecclesiastici)
1140 1901 1214 1972 quod
1241 1900 1369 1956 faciendo
1398 1901 1590 1975 eleemosynas
1609 1909 1724 1974 peccata

83 1997 202 2063 propter
211 1991 350 2046 idolorum
365 1990 504 2044 culturam
517 1988 645 2042 tradetur
663 1986 827 2058 captivitati,
850 2002 885 2040 ne
926 2004 977 2042 sua
990 1986 1172 2050 redimant,in
1183 1987 1284 2058 quibus
1291 1994 1467 2059 permanent,
1476 2005 1630 2044 cumomue
1640 1989 1726 2045 sacri·

83 2080 225 2135 habeatur
237 2079 458 2150 impunitus,sed
464 2076 630 2131 humilietur
641 2075 676 2130 ab
686 2075 814 2130 hostibus
824 2075 885 2145 ejus
926 2075 1019 2130 licium
1029 2075 1240 2146 praeteritamon
1249 2077 1397 2147 praesentia
1403 2078 1509 2132 scelera
1523 2077 1723 2136 deleresoleat.

84 2169 273 2224 contumacia.
293 2168 348 2222 «Et
357 2167 443 2222 lsrael
456 2171 485 2221 et
499 2165 632 2236 Ephraim
646 2170 729 2219 ruent
744 2164 772 2219 in
784 2164 886 2235 iniqui·
926 2165 961 2219 Et
974 2163 1072 2234 utique
1084 2164 1156 2218 tales
1168 2165 1258 2219 Deum
1272 2181 1329 2219 non
1339 2165 1495 2230 inveniunt,
1503 2165 1571 2237 quia
1580 2166 1725 2223 auferetur

84 2263 146 2311 tate
161 2273 222 2323 sua,
240 2275 252 2307 v
267 2257 320 2310 hoc
335 2259 387 2319 est,
404 2258 433 2309 et
450 2254 568 2326 populus
592 2252 732 2323 subjectus
751 2258 780 2306 et
793 2268 882 2322 reges,
927 2258 956 2306 et
979 2253 1075 2323 procul
1096 2253 1208 2308 recedet
1232 2253 1267 2308 ab
1293 2254 1344 2308 eis.
1364 2255 1588 2311 Praeraricantur
1615 2260 1721 2322 autem,

85 2346 137 2415 qui
149 2362 198 2400 eos
213 2346 248 2399 ad
261 2344 400 2399 idolorum
411 2343 550 2397 culturam
558 2341 773 2405 inclinaverunt,
780 2339 887 2410 pariter
927 2342 1039 2413 quando
1053 2342 1104 2396 Dei
1120 2342 1421 2413 negliguntpraecepta,
1434 2349 1462 2397 ct
1471 2344 1726 2414 alienosgenerant

84 2439 222 2488 conuent
242 2440 271 2487 et
287 2430 516 2496 infirmabuntur,
536 2436 569 2484 ut
591 2430 638 2501 qui
657 2429 742 2482 sortes
756 2434 838 2482 erant
856 2427 885 2482 in
926 2430 999 2485 tilios
1013 2447 1063 2502 per
1078 2447 1164 2502 opera
1178 2430 1324 2486 diabolica.
1339 2431 1460 2504 Ideoque
1476 2432 1602 2504 quotidie
1616 2439 1645 2488 et
1661 2434 1724 2489 siu-

85 2522 203 2586 scelere,
224 2522 329 2576 infirmi
350 2525 487 2591 cogantur
501 2519 592 2573 redire
606 2518 641 2572 ad
661 2518 760 2571 Deum.
780 2536 791 2567 ι
813 2517 886 2571 Ruet
925 2519 1044 2590 gulatim
1059 2521 1230 2575 damnantur
1243 2521 1375 2576 cuiusuis
1389 2519 1586 2591 partibus,hoc
1598 2528 1725 2589 est,cum

86 2611 175 2665 etiam
189 2609 424 2665 Judaseumeis.»
436 2609 471 2680 lq
483 2608 528 2663 his
538 2607 629 2662 verbis
643 2606 801 2661 ostenditur
811 2605 886 2675 quod
926 2609 1082 2680 malisque
1096 2615 1214 2679 egerunt
1228 2609 1359 2680 operibus
1367 2610 1402 2663 ad
1410 2609 1557 2664 interitum
1570 2615 1724 2683 properant

86 2705 117 2753 et
139 2697 230 2753 trihus
251 2698 324 2771 luda
344 2699 404 2769 jam
427 2701 495 2751 tunc
511 2696 620 2751 colebat
642 2695 726 2759 idola,
743 2693 885 2748 nonenim
926 2701 1036 2751 aeternse
1051 2697 1249 2751 damnationis.
1766 2685 1771 2693 ’

85 2787 143 2842 hoc
156 2787 256 2852 solum,
270 2785 483 2858 inquit,eveniet
496 2785 584 2839 lsrael
597 2789 624 2839 et
636 2783 779 2855 Ephraim,
795 2781 884 2848 idest,
963 2803 977 2837 ι
992 2786 1121 2856 Plangite
1134 2784 1251 2840 buccina
1260 2786 1290 2839 in
1305 2784 1411 2854 Gabaa,
1426 2784 1495 2840 tuba
1508 2786 1538 2840 in
1552 2785 1650 2850 Rama,
1663 2786 1726 2841 ulu-

86 2876 188 2930 decem
201 2875 330 2930 tribubus
349 2880 377 2929 et
388 2873 501 2945 regibus
524 2890 631 2938 earum,
653 2878 685 2927 ut
702 2872 843 2927 ducantur
856 2870 884 2924 in
926 2873 983 2928 late
997 2874 1028 2928 in
1042 2875 1193 2930 Bethaven.
1203 2895 1216 2927 »
1232 2873 1353 2928 Buccina
1367 2891 1400 2928 ex
1412 2890 1500 2928 cornu
1512 2873 1724 2932 animantiam·

87 2964 289 3036 captivitatem,
303 2979 401 3019 verum
414 2963 499 3017 etiam
510 2961 607 3027 ludas,
622 2962 650 3015 id
662 2962 783 3026 est,duae
795 2959 886 3013 tribus
926 2979 1010 3017 curvo
1024 2963 1065 3028 lit,
1083 2962 1150 3017 tuba
1165 2968 1260 3017 autem
1279 2979 1312 3016 ex
1330 2979 1385 3017 aere
1400 2963 1445 3017 vel
1467 2967 1584 3034 argento
1609 2963 1638 3017 in
1662 2963 1724 3035 lege

88 3069 153 3123 quae
175 3053 332 3123 regnabant
352 3053 382 3107 in
396 3051 582 3115 Hierusalem,
604 3054 757 3121 sequentur
766 3048 887 3120 captivo-
928 3052 990 3106 fieri
1002 3051 1172 3122 praecipitur,
1184 3056 1388 3122 concrepatque
1398 3051 1426 3105 in
1441 3050 1521 3105 bellis
1536 3051 1607 3106 etin
1621 3051 1726 3106 solem-

87 3158 154 3196 rum
167 3141 294 3213 vestigia,
304 3146 461 3213 utquorum
474 3140 578 3194 imitati
586 3145 653 3194 sunt
662 3137 888 3209 scelerapatian·
928 3139 1074 3195 nitatibus.
1098 3139 1194 3194 Gahaa
1214 3145 1242 3194 et
1264 3139 1357 3195 Rama
1379 3139 1507 3194 civitates
1526 3146 1593 3195 sunt
1606 3139 1636 3194 iu
1650 3137 1727 3195 tribu

86 3235 139 3285 tur
150 3236 179 3284 et
188 3247 310 3302 poenam.
336 3229 391 3284 Sed
411 3235 439 3284 et
459 3228 597 3284 hereticis
615 3244 666 3281 sua
681 3226 844 3296 arrogantia
858 3225 887 3279 in
929 3228 1079 3299 Beniamin
1094 3227 1147 3282 sihi
1160 3227 1267 3283 vicinae.
1279 3228 1344 3282 Hac
1357 3234 1401 3282 est
1414 3227 1517 3286 Gabaa,
1531 3229 1561 3282 in
1576 3244 1632 3299 qua
1642 3233 1727 3283 natus

88 3319 192 3374 faciem
204 3319 366 3389 respondet,
383 3319 494 3389 quando
507 3334 557 3390 pro
572 3316 703 3388 superbia
712 3333 768 3387 qua
776 3331 888 3387 semper
929 3321 972 3370 est
986 3317 1063 3371 Saul.
1080 3317 1169 3371 Rama
1179 3323 1274 3371 autem
1286 3317 1407 3387 ipsaest,
1420 3333 1504 3388 quam
1519 3333 1567 3371 rex
1582 3317 1669 3371 lsrael
1678 3333 1727 3372 co-

88 3424 121 3462 se
134 3407 207 3463 scire
222 3407 322 3461 altiora
333 3408 450 3477 jactant,
467 3418 494 3461 et
518 3405 646 3476 magistri
658 3409 687 3458 et
701 3405 829 3475 discipuli
848 3404 888 3458 si·
928 3409 1011 3458 natus
1026 3411 1069 3459 est
1082 3421 1228 3476 occupare,
1239 3405 1311 3460 sicut
1321 3405 1350 3459 in
1360 3405 1469 3474 Regum
1481 3404 1592 3475 legitur,
1607 3405 1728 3460 utclau·

86 3497 149 3550 mul
161 3500 302 3550 corruent.
317 3496 332 3550 J
335 3495 404 3550 udas
419 3510 538 3566 quoque,
554 3494 583 3548 id
598 3499 642 3548 est
651 3493 692 3546 vir
701 3492 889 3547 ecclesiastica
929 3491 1009 3547 deret
1020 3493 1125 3548 exitum
1141 3500 1169 3547 et
1182 3494 1332 3548 introitum
1344 3493 1515 3548 tribuiJudae
1526 3497 1554 3548 et
1565 3493 1724 3564 Beniamin.

87 3584 218 3639 doctrina
232 3583 388 3649 institutus,
396 3583 444 3655 qui
454 3598 571 3653 corpore
581 3582 704 3654 quidem,
716 3597 772 3635 non
781 3586 885 3646 mente,
929 3583 1015 3636 Porro
1030 3582 1171 3636 Bethaven
1184 3582 1213 3636 in
1228 3581 1303 3636 tribu
1316 3591 1358 3636 est
1370 3581 1514 3653 Ephraim,
1531 3597 1592 3652 quae
1607 3586 1727 3637 antevo-

87 3672 119 3726 in
131 3671 399 3738 Ecclesiamauet,et
408 3669 845 3725 eamdemcumhaereticishabet
858 3669 887 3723 in
928 3675 989 3724 cota
1006 3675 1048 3724 est
1064 3670 1169 3725 Bethel.
1184 3670 1257 3738 Quia⁸
1271 3687 1337 3741 ergo
1352 3670 1528 3741 praemiserat
1541 3671 1670 3741 superius
1680 3670 1728 3725 de·

87 3775 187 3815 errore
205 3759 361 3823 scientiam,
377 3759 537 3831 frustraque
553 3758 887 3813 nomenecclesiasticum
928 3774 990 3812 cem
1014 3758 1140 3813 tribuum
1168 3764 1197 3813 et
1223 3759 1344 3814 duarum
1377 3759 1577 3830 captivitatem,
1599 3759 1725 3816 dicens:

87 3847 315 3918 confitetur,ipse
323 3864 434 3919 quoque
443 3863 506 3902 cum
517 3846 654 3901 haereticis
660 3845 819 3918 puniendus
828 3851 884 3903 est.
931 3848 1040 3901 «Nunc
1054 3847 1197 3902 devorabit
1215 3864 1263 3902 eos
1278 3847 1383 3902 mensis
1401 3865 1465 3902 cum
1484 3847 1612 3920 partibus
1628 3848 1697 3913 suis,
1714 3867 1727 3901 ι

127 3955 141 3987 ι
153 3934 188 3990 ln
200 3934 332 4007 gregibus
350 3935 450 3991 suiset
462 3936 492 3990 in
504 3935 641 3990 armentis
655 3934 713 3989 suis
734 3934 836 3988 vadent
853 3932 889 3987 ad
929 3935 1060 3991 hortatur
1071 3953 1118 3991 eos
1128 3936 1208 4006 quasi
1212 3937 1271 4007 jam
1282 3936 1406 3991 instante
1412 3936 1502 3990 vicina
1510 3937 1681 4008 captivitate,
1696 3943 1730 3993 ut

89 4024 274 4096 quarendum
284 4023 478 4089 Dominum,et
490 4040 548 4079 non
557 4022 709 4077 invenient.
722 4041 735 4075 v
752 4022 811 4076 Hoc
829 4026 888 4076 tam
929 4031 1062 4079 resonent
1071 4024 1195 4079 buccinis
1206 4029 1234 4078 et
1243 4024 1328 4090 tubis,
1341 4024 1520 4080 cohortantes
1530 4042 1559 4079 se
1569 4025 1689 4080 invicem
1697 4027 1729 4082 iu

89 4112 125 4167 de
140 4112 470 4185 decemtribubus,quam
480 4118 509 4168 et
521 4114 631 4169 duabus
645 4111 733 4182 accipi
744 4116 846 4183 potest.
855 4111 889 4165 Et
929 4130 1108 4168 communem
1122 4114 1239 4168 luctum.
1255 4113 1289 4167 Et
1303 4117 1346 4167 est
1357 4129 1455 4186 sensus
1470 4131 1476 4166 :
1491 4113 1586 4169 Nolite
1604 4120 1729 4171 vestram

89 4218 192 4256 sensus
207 4207 271 4257 est:
288 4203 359 4256 (lum
381 4202 471 4274 pressi
493 4202 600 4256 fuerint
613 4201 648 4255 ab
662 4199 789 4254 hostibus
801 4199 1120 4294 Israechaptivitatem
1135 4201 1236 4256 humili
1250 4218 1315 4256 voce
1329 4202 1442 4269 dellere,
1462 4202 1511 4257 sed
1522 4202 1647 4258 buccinis
1662 4220 1730 4259 con·

90 4297 119 4345 et
132 4291 269 4361 Ephraim
278 4291 412 4360 etJudas,
427 4298 496 4347 tuuc
509 4308 572 4347 sera
581 4290 746 4362 poenitentia
756 4289 833 4343 ducti
847 4305 890 4343 va·
931 4297 1042 4362 crepate
1057 4298 1086 4345 et
1101 4290 1185 4354 tubis,
1209 4295 1240 4344 ut
1254 4308 1352 4346 omncs
1366 4291 1484 4345 audiant
1497 4292 1545 4364 qui
1566 4291 1594 4346 in
1609 4292 1729 4348 circuitu

90 4379 160 4433 deut
180 4379 217 4433 ad
243 4381 425 4451 quaerendum
443 4380 596 4435 Dominum
611 4379 640 4433 in
653 4378 711 4432 suis
727 4376 890 4431 muneribus
930 4386 1005 4434 sunt·
1020 4380 1072 4434 Cui
1086 4379 1182 4434 sensui
1192 4378 1262 4434 bene
1272 4378 1411 4450 congruit,
1429 4381 1503 4451 quod
1517 4380 1622 4446 Gabaa,
1639 4381 1729 4448 collis,

89 4468 256 4540 gestientes,
277 4486 342 4524 cum
367 4468 556 4523 oblationibus
574 4468 696 4539 placare,
713 4482 796 4536 quem
812 4465 890 4536 prius
931 4469 1135 4522 Ramaexcelsa
1146 4468 1542 4541 interpretatur.Diciturerg0
1553 4469 1592 4524 eis
1605 4487 1610 4523 :
1625 4490 1636 4519 ι
1649 4469 1731 4524 Plau·

67 4596 70 4600 -
90 4558 268 4612 ostenderant
290 4558 574 4630 praevaricationibus.
598 4557 652 4611 Sed
673 4571 730 4610 uon
748 4554 891 4609 invenient
929 4557 988 4627 gite
999 4555 1114 4611 buccina
1125 4556 1154 4610 in
1165 4555 1271 4621 Gabaa,
1283 4556 1351 4611 tuba
1361 4557 1389 4610 in
1401 4557 1523 4623 Rama.»
1538 4559 1620 4613 idest
1631 4575 1730 4614 ascen·

91 4662 168 4712 eum,
184 4648 261 4717 quia,
281 4646 478 4702 recedentibus
501 4647 556 4701 illis
575 4663 593 4700 a
610 4643 809 4709 cultu-divino,
830 4643 890 4713 ipse
931 4644 989 4699 dite
1004 4645 1034 4699 in
1046 4649 1156 4699 montes
1168 4650 1197 4699 et
1211 4645 1306 4708 colles,
1315 4645 1443 4716 celsaque
1453 4660 1520 4700 voce
1529 4647 1630 4701 delleta
1638 4647 1730 4701 immi·

90 4754 203 4810 quoqne
217 4736 304 4793 abeis
318 4738 442 4794 recessit.
458 4737 539 4793 Unde
554 4744 583 4792 et
596 4735 735 4800 subditur,
749 4752 763 4788 ι
779 4733 890 4788 ablatus
933 4739 1046 4787 nentem
1054 4732 1131 4787 vobis
1141 4733 1340 4804 captivitatem.
1353 4752 1365 4784 r
1376 4734 1488 4788 Ululate
1499 4735 1620 4789 etiamin
1629 4735 1731 4790 Betha-

91 4826 273 4881 astabitis.»
289 4827 353 4881 Νοιι
367 4843 433 4898 ergo
448 4831 615 4897 presentem
626 4841 691 4878 eum
707 4823 831 4878 sentient
841 4823 891 4876 ad-
933 4838 995 4887 ven,
1012 4840 1025 4874 v
1042 4820 1089 4875 ubi
1109 4826 1153 4876 est
1168 4838 1240 4876 unus
1259 4838 1292 4875 ex
1306 4821 1400 4875 vitulis
1415 4822 1520 4883 aureis,
1543 4839 1593 4894 pro
1610 4839 1731 4894 quorum

88 4914 223 4984 jutorem,
239 4930 291 4969 nec
304 4915 363 4970 suis
376 4931 440 4970 eum
451 4919 586 4987 poterunt
595 4915 706 4985 placare
718 4911 890 4979 muneribus,
933 4910 1112 4966 veneratione
1140 4910 1223 4964 modo
1250 4909 1351 4981 captivi
1379 4911 1528 4966 tradentur
1557 4911 1732 4968 habitatores

93 5003 250 5073 praesertim
264 5020 328 5058 cnm
344 5004 494 5058 Psalmista
507 5003 582 5058 dicat
598 5004 678 5057 :Non
688 5001 839 5072 suscipiam
857 5001 892 5055 de
934 5000 1003 5069 ejus.
1016 4999 1050 5053 Et
1063 4998 1178 5070 pulchre
1193 4996 1316 5062 additur,
1331 5015 1345 5049 v
1358 5003 1421 5069 post
1433 5004 1545 5070 tergum
1558 5004 1640 5055 tuum
1654 5001 1741 5057 Ben·'

94 5089 178 5145 domo
192 5096 242 5146 tua
255 5092 374 5161 vitulos3
385 5097 435 5147 et:
452 5091 587 5164 Nunquid
605 5088 780 5146 manducabo
794 5105 893 5144 carnes
929 5087 1062 5157 jamin.»
1089 5085 1142 5141 Ubi
1168 5086 1243 5141 enim
1267 5086 1357 5140 tribus
1376 5087 1474 5141 finitur
1496 5088 1654 5160 Beniamin,
1673 5105 1732 5145 nou

93 5184 251 5247 taurorum,
266 5186 319 5236 etc,
934 5176 1030 5247 procul
1045 5182 1088 5229 est
1101 5175 1160 5229 haec
1173 5174 1269 5228 civitas
1286 5174 1399 5229 condita
1412 5175 1441 5229 in
1454 5175 1530 5230 tribu
1542 5177 1686 5249 Ephraim,
1701 5177 1733 5235 iu

131 5268 196 5323 rIn
219 5269 339 5324 Domino
359 5268 532 5341 praevaricati
551 5274 626 5335 sunt,
645 5286 656 5319 ι
681 5272 749 5321 tunc
776 5266 891 5331 scilicet,
934 5263 1088 5337 posteriore
1097 5263 1202 5317 scilicet
1216 5269 1295 5333 parte
1310 5263 1397 5333 ipsius
1412 5264 1568 5334 Benjamin.

94 5356 207 5427 quando
228 5373 280 5428 pro
299 5358 356 5412 Deo
374 5357 450 5412 idola
472 5357 597 5412 venerati
612 5361 688 5422 sunt,
706 5373 720 5407 ι
738 5355 804 5426 quia
821 5355 894 5409 lilios
972 5373 983 5404 ι
1003 5350 1135 5423 Ephraim
1151 5351 1179 5405 in
1190 5351 1391 5405 desolationem
1412 5352 1466 5406 erit
1479 5353 1508 5406 in
1523 5353 1568 5408 die
1582 5354 1732 5410 correctio·

94 5444 202 5498 alienos
215 5450 386 5515 genuerunt,
398 5464 411 5499 a
423 5446 476 5500 hoc
490 5450 543 5510 est,
557 5445 650 5516 juncti
661 5443 892 5510 idolis‚nonDeo,
934 5442 1005 5495 nis.»
1024 5439 1056 5494 ln
1071 5440 1197 5494 hocloco
1221 5438 1355 5511 Ephraim
1380 5440 1495 5495 nomine
1518 5445 1576 5495 tam
1598 5458 1678 5513 reges
1697 5442 1732 5497 de

92 5532 144 5587 aed
157 5531 333 5589 doemonibus
347 5533 420 5589 tilios
433 5539 603 5606 genuerunt.
617 5533 709 5589 Alieni
723 5531 826 5605 quippe
843 5529 895 5587 ulii
936 5531 1023 5602 stirpe
1033 5529 1094 5599 ejus
1103 5527 1296 5600 procedentes,
1307 5544 1392 5600 quam
1400 5533 1429 5584 et
1436 5529 1599 5601 ipsedecem
1607 5528 1733 5585 tribuum

217 5630 497 5698 arnoncxvu.
1590 5623 1609 5688 ²
