3818 6104
328 273 519 333 nxeosuto
534 277 573 333 IN
589 276 667 333 EPP.
684 277 713 333 S.
728 275 848 332 PAULI.
865 302 898 316 -
913 274 953 332 ΙΝ
968 272 1080 331 nuiss.
1096 269 1126 328 11
1139 272 1190 328 AB
1202 272 1284 330 COR.
1573 266 1626 328 684

109 396 186 464 bne,
202 397 315 470 qnando
325 399 415 454 oravit
424 399 538 455 dicens:
553 403 646 469 Pater,
661 404 785 470 clarifice
794 402 819 461 Α
827 415 914 465 mum,
926 397 1044 472 sepeliat
1055 405 1210 469 mortuum,
1218 404 1247 453 et
1257 398 1286 452 in
1298 397 1543 452 hisomnibusuon
1553 410 1628 466 quae·

111 500 191 542 uum.
204 486 239 542 Et
249 488 327 543 venit
336 504 387 543 uox
397 488 432 543 de
441 489 663 550 coelo,clamans:
678 491 711 545 st
726 493 784 545 cle·
825 493 870 543 rat
884 487 994 543 laudem
1010 487 1174 553 humanam,
1200 487 1249 542 sed
1275 487 1323 543 Dei
1348 486 1470 557 gratiam
1486 497 1493 533 :
1508 500 1565 539 non
1579 483 1629 537 bo-

124 575 258 631 snbaudis
272 580 399 647 tempore
410 577 588 649 baptismatis
601 585 630 633 et
641 579 671 633 in
690 585 785 634 monte
826 576 948 632 minibus
970 576 1090 647 placere.
1112 574 1162 630 sed
1185 576 1235 631 Dei
1258 575 1404 647 preceptis
1421 573 1544 629 obeiire.
1561 573 1626 626 uec

109 662 238 737 liscipnlis
250 682 257 717 :
270 670 296 718 et
308 667 464 732 aurifluabo
475 666 559 721 tertia
573 666 650 721 diea
667 667 786 722 mortuis
827 665 986 737 quicunque
999 664 1106 730 iecerit,
1123 665 1181 719 Deo
1195 663 1377 728 ministrabit,
1387 668 1416 719 et
1429 658 1628 718 merebiturab

109 750 161 807 ido.
175 753 272 808 Etnon
282 755 430 824 solumpro
446 754 508 809 aliis
518 754 665 810 exauditus
675 762 726 822 est,
737 756 786 811 sed
827 755 877 810 illo
890 754 989 809 audire
1002 770 1066 808 cum
1080 753 1177 807 electis
1192 771 1199 807 :
1217 754 1348 821 Ouandiu
1363 754 1464 819 fecistis
1478 754 1531 806 uni
1545 751 1628 805 echis

109 840 204 895 rosuis
216 840 442 912 persecutoribus
454 843 612 914 proquibus
623 845 788 915 orasitpen·
830 843 957 898 minimis
971 844 1050 906 meis
1069 843 1142 896 mibi
1155 843 1258 909 [scistis
1277 841 1381 902 suarii.
1397 844 1473 908 xxv).
1490 840 1524 893 ln
1538 841 1630 893 mutto

109 944 190 984 cruce
203 947 209 982 ε
220 932 309 991 Pater,
319 932 428 984 dimitte
437 934 790 1001 iltis,quiuneseiuntquod
827 935 974 1001 patientia.
993 929 1133 986 Patientia
1147 935 1200 995 est,
1219 944 1275 984 non
1290 928 1408 983 delicere
1420 928 1494 983 inter
1512 927 1630 981 adversa

110 1019 185 1073 'Luc
197 1016 288 1088 xxrsr).
301 1018 390 1073 linita
402 1018 476 1073 enim
491 1020 580 1075 millia
593 1027 656 1092 post
670 1023 732 1093 aius
744 1038 790 1076 as·
830 1020 916 1091 bajus
927 1019 1021 1075 saculi
1032 1035 1131 1090 :quam
1138 1018 1300 1073 hahuerunt
1309 1020 1399 1072 sancti
1410 1015 1630 1088 martyresNon

109 1121 150 1161 em
164 1123 198 1161 ex
212 1107 257 1161 his
276 1106 504 1178 praedicationem
523 1111 716 1181 apostolorum
730 1127 791 1166 cre·
831 1109 860 1164 in
876 1125 970 1180 parra,
985 1108 1087 1185 inquit,
1103 1123 1194 1180 neque
1208 1107 1237 1161 in
1252 1106 1362 1161 modica
1373 1105 1519 1177 patientia,¹
1539 1103 1629 1159 sedin

109 1198 132 1249 t.
143 1195 258 1250 Audiuit
267 1213 378 1268 quoque
388 1197 467 1252 illurn
477 1198 506 1252 in
514 1198 560 1252 die
570 1199 669 1253 salutis
677 1199 790 1270 generis
831 1199 921 1254 multa
936 1197 1117 1252 exhibeamus
1124 1196 1312 1267 nosmetipsos
1321 1195 1395 1249 sicut
1408 1195 1459 1250 Dei
1472 1192 1628 1251 ministros.

109 1282 194 1354 ,qnia
205 1283 343 1338 tertiadie
352 1284 460 1339 devicto
470 1285 568 1340 mortis
582 1285 711 1358 imperio,
723 1302 789 1342 eum
830 1286 972 1341 Patientia
983 1302 1095 1357 quoque
1115 1289 1158 1340 est
1175 1283 1315 1356 patienter
1331 1283 1405 1337 l'erre
1420 1281 1628 1353 delinquentes,

109 1369 136 1425 is
153 1371 304 1425 revocarit.
325 1373 404 1428 Sicut
421 1375 571 1429 retulimus
585 1375 640 1429 ista
655 1374 689 1429 ad
705 1384 791 1447 caput
831 1376 902 1431 sicut
914 1375 1014 1430 beatus
1028 1374 1180 1447 Apostolus
1193 1372 1352 1429 sustinebat
1369 1371 1530 1427 corinthios
1547 1389 1552 1423 :
1569 1368 1628 1440 qui,

109 1460 297 1527 selectorum,
312 1461 399 1516 idest
414 1462 449 1517 ad
465 1463 620 1530 Christum,
635 1464 789 1519 referamus
831 1470 980 1537 postquam
994 1464 1029 1519 ad
1045 1464 1128 1520 iidem
1142 1467 1287 1527 venerant,
1303 1461 1339 1517 ad
1354 1461 1422 1516 uitia
1437 1459 1556 1532 pristina
1566 1462 1633 1513 sunt

109 1548 135 1605 td
156 1549 283 1605 membra
304 1550 403 1622 ipsius.
427 1552 550 1624 Tempus
571 1560 718 1626 accepturu
733 1572 789 1626 quo
830 1553 944 1620 racemi,
959 1569 1030 1626 quos
1044 1552 1194 1624 aliquando
1209 1551 1320 1614 blande,
1337 1548 1489 1622 aliquando
1503 1545 1632 1619 improbe

109 1636 116 1692 i
137 1653 298 1710 possumus,
323 1646 352 1695 et
378 1640 439 1695 diss
459 1641 488 1695 in
504 1658 561 1713 qua
575 1643 695 1698 salutem
710 1643 790 1698 nobis
830 1643 976 1715 corripuit,
992 1658 1138 1713 quousque
1152 1641 1291 1696 revocavit
1304 1656 1352 1696 eos
1367 1639 1402 1694 ad
1418 1638 1513 1695 fldem.
1528 1638 1563 1693 In
1578 1639 1632 1691 tri-

109 1742 124 1781 n
139 1742 292 1799 procurare
306 1729 440 1794 valemus,
457 1729 492 1785 ab
505 1730 619 1786 exordio
638 1732 1030 1814 Dominicaeflbutctionibus,
1047 1731 1182 1785 subaudis
1194 1730 1283 1785 simus
1297 1729 1327 1783 in
1338 1729 1428 1782 multa
1441 1725 1587 1798 patientia,
1603 1729 1633 1780 et

109 1814 196 1871 tionis
210 1821 263 1880 est,
275 1817 324 1871 sed
335 1818 455 1873 maxime
465 1819 501 1873 ab
511 1821 572 1890 ejus
585 1822 790 1877 resurrectione
830 1819 1012 1877 exhibeamus
1025 1835 1077 1874 nos
1092 1819 1165 1874 sicut
1183 1818 1234 1874 Dei
1253 1817 1406 1872 ministros.
1424 1818 1457 1872 in
1474 1816 1632 1869 tribulatio-

109 1903 131 1958 d
145 1904 220 1959 diem
232 1905 332 1975 judicii
346 1923 401 1977 quo
415 1913 544 1979 tempone
558 1925 609 1981 per
623 1909 696 1965 bona
705 1928 791 1982 opera
831 1911 912 1964 nibus
935 1909 1013 1970 dicit,
1034 1908 1063 1962 id
1082 1913 1126 1964 est
1142 1908 1172 1962 in
1191 1907 1275 1972 sarna,
1288 1905 1346 1973 siti,
1361 1903 1498 1970 nuditate,
1512 1903 1632 1973 aliisque

109 2008 140 2048 ns
147 1994 333 2065 acceptabiles
342 2011 404 2050 esse
415 1996 474 2051 Deo
486 1998 611 2063 Patri,et
618 1998 728 2070 placere
737 2000 789 2065 illi,
831 1997 1038 2053 afflictionibus.
1061 1999 1097 2053 In
1121 1997 1336 2051 necessitutibus.
1353 1993 1513 2048 Necessitas
1527 1990 1632 2046 dicitur

109 2083 213 2138 mudiri
224 2083 260 2137 ab
272 2083 330 2138 illo.
346 2085 457 2157 Deque
473 2091 600 2159 tempore
616 2088 701 2144 etiam
714 2090 791 2161 Apo·
832 2104 865 2142 eo
877 2086 952 2157 quod
967 2085 997 2141 in
1011 2102 1078 2140 nece
1090 2085 1127 2140 sit
1141 2085 1243 2156 posita,
1264 2083 1294 2138 id
1309 2087 1353 2139 est
1368 2083 1397 2137 in
1416 2079 1541 2153 periculo
1554 2095 1631 2135 mor-

109 2169 194 2226 ubdit
213 2189 220 2224 :
237 2173 303 2227 Eece
324 2189 401 2228 nunc
421 2179 526 2243 tempus
549 2179 720 2246 acceptabile,
736 2196 791 2234 eece
830 2175 878 2243 tis,
903 2174 952 2229 ubi
974 2174 1103 2247 praecipit
1124 2173 1275 2246 Apostolus
1295 2170 1459 2244 patientiam
1472 2184 1585 2223 seruare
1597 2170 1630 2222 in

109 2262 260 2315 ¹assistatis.
276 2261 398 2332 Tempus
420 2263 590 2335 acceptabile
601 2266 637 2320 ad
652 2267 792 2337 poeniten·
832 2265 980 2332 anpustiis.
997 2262 1097 2319 Omnis
1110 2262 1268 2333 indigentia
1282 2265 1311 2316 et
1324 2258 1430 2332 inopia,
1446 2256 1578 2329 angustia
1588 2272 1634 2310 uo-

109 2347 791 2426 endamritapriesensestusqueaddiemJ'udicii‚
833 2358 923 2409 catur.

109 2436 226 2508 pellatur
235 2443 264 2492 et
273 2437 333 2492 dies
347 2440 457 2502 salutis,
472 2441 501 2495 in
515 2457 571 2512 qua
581 2442 662 2497 nobis
671 2445 791 2499 salutem
869 2443 901 2496 In
913 2443 1012 2510 ptapis,
1025 2445 1057 2495 in
1070 2441 1234 2495 carceribus.
1250 2439 1329 2510 Saepe
1343 2437 1433 2510 plagis
1446 2436 1589 2507 virgarum
1604 2438 1633 2489 at

109 2538 129 2578 n
141 2540 292 2596 possumus
303 2527 466 2597 promereri,
479 2530 613 2599 quoniam
626 2538 692 2603 apta
705 2533 791 2587 estad
832 2530 991 2601 gladiorum
1005 2545 1093 2584 caesus
1108 2534 1152 2584 est
1161 2528 1321 2600 Apostolus,
1333 2543 1407 2598 sape
1425 2526 1512 2581 etiam
1527 2524 1556 2578 in
1570 2539 1633 2578 car-

109 2610 178 2667 lum.
201 2613 243 2667 De
264 2630 320 2686 qua
334 2615 380 2670 die
394 2616 461 2671 dicit
475 2618 610 2674 Dominus
626 2638 632 2672 ε
647 2622 793 2675 imbutate
834 2619 944 2674 ceribus
963 2624 1091 2673 retrusus
1108 2623 1153 2672 est
1173 2634 1223 2689 pro
1247 2616 1351 2671 christi
1368 2614 1491 2682 nomine,
1512 2612 1560 2668 ubi
1575 2627 1632 2666 non

109 2716 175 2756 reem
199 2703 302 2756 bebetis
327 2705 414 2767 (ioan.
439 2712 498 2776 xrs).
516 2708 587 2762 Huic
601 2709 657 2764 diei
668 2710 795 2766 succedit
834 2707 1070 2763 cessavitdonum
1085 2706 1137 2762 Dei
1156 2704 1317 2778 predicare,
1336 2707 1497 2774 contempta
1517 2717 1569 2755 sua
1585 2716 1632 2755 aa·

109 2786 198 2844 nebrre
222 2790 328 2846 scilicet
346 2798 458 2849 aeteruae
473 2796 673 2865 damnationis,
688 2800 718 2853 in
737 2815 794 2869 qua
833 2796 1160 2852 lute.Admonetautem
1174 2810 1238 2849 cum
1249 2790 1633 2864 multapatientia,sineces·

109 2882 182 2933 otest
195 2879 306 2949 operari
322 2879 394 2936 sicut
401 2882 536 2938 Dominus
545 2886 631 2941 dicit:
649 2888 723 2942 Venit
739 2903 793 2942 noc
834 2887 903 2940 sitas
925 2884 1010 2940 fuerit
1032 2884 1099 2938 talia
1121 2884 1180 2955 pati
1203 2899 1254 2955 pro
1272 2897 1369 2937 amore
1381 2878 1486 2936 Christi
1499 2883 1528 2933 et
1541 2878 1632 2933 salute

109 2971 562 3039 ncmopoteritoperarilloannxl.
579 2974 615 3029 Et
627 2974 701 3030 idem
716 2978 792 3048 Apo·
832 2975 952 3029 fratrum
968 2979 1140 3037 nostrorum,
1156 2971 1251 3044 qualia
1262 2971 1323 3043 ipse
1337 2969 1472 3025 sustinuit
1488 2983 1578 3039 usque
1596 2966 1633 3021 ad

109 3055 184 3111 num
195 3061 301 3125 tempus
309 3059 448 3127 tammus,
455 3077 601 3129 operemur
611 3066 683 3132 quod
691 3066 792 3120 bonum
802 3069 824 3129 c
835 3063 1060 3118 decollationem.
1086 3065 1119 3118 ln
1138 3061 1317 3116 seditionibus
1331 3059 1419 3114 simus
1432 3057 1462 3113 in
1477 3058 1567 3112 multa
1582 3072 1633 3128 pa-

112 3146 178 3214 nt).
193 3145 276 3200 Modo
286 3146 361 3201 enim
372 3163 428 3202 non
437 3165 587 3220 possumus
597 3152 633 3206 ad
647 3153 794 3224 indulgen·
833 3151 1108 3208 tientia.Seditiones
1118 3151 1231 3223 proprie
1240 3150 1276 3205 sd
1285 3148 1359 3205 ciues
1369 3147 1521 3221 pertinent,
1529 3151 1559 3201 et
1567 3151 1635 3200 sunt

109 3232 211 3288 otlrere
226 3244 396 3306 peccatores,
420 3238 503 3293 modo
525 3241 650 3296 valemus
666 3241 793 3298 obtinere
833 3241 974 3296 tumultus
995 3247 1025 3296 et
1048 3239 1276 3295 conturbationes
1297 3239 1356 3294 sire
1380 3236 1586 3292 contentiones.
1601 3237 1636 3290 in

124 3339 132 3375 ε
147 3322 214 3394 quia
236 3325 389 3379 secundum
412 3328 486 3397 quod
501 3331 638 3401 propheta
652 3331 738 3386 dicit:
761 3334 794 3388 ln
837 3332 986 3387 laboribus.
1000 3331 1103 3385 Paulus
1116 3329 1261 3402 apostolus
1274 3345 1332 3383 non
1342 3327 1432 3382 solum
1445 3324 1593 3381 laborabat
1604 3323 1635 3378 in

133 3426 218 3466 nemo
240 3412 421 3468 confitebitur
441 3416 498 3471 Deo
517 3417 553 3472 sd
577 3419 687 3474 veniam
708 3421 793 3492 (Psoi.
835 3419 1043 3492 predicatione,
1058 3419 1106 3474 sed
1122 3419 1206 3474 adam
1220 3417 1352 3473 inlabere
1366 3431 1502 3471 manuum
1517 3413 1636 3469 desuda·

109 3501 207 3556 tenim
222 3502 398 3572 paenitentia,
412 3505 461 3559 sed
477 3523 540 3561 sera
553 3514 582 3563 et
595 3508 687 3562 tarda.
836 3508 885 3564 bat
899 3525 905 3565 :
917 3507 992 3565 unde
1006 3507 1059 3563 sibi
1071 3508 1176 3563 victum
1191 3513 1220 3562 et
1233 3507 1365 3562 restitum
1380 3503 1543 3576 acquirebat
1554 3502 1584 3556 in
1597 3502 1636 3555 ia·

109 3591 246 3644 tridentes
257 3593 346 3644 uttam
361 3595 544 3659 offensionem.
554 3596 797 3670 Oitensioproprie
836 3598 905 3653 bore
918 3597 1025 3653 seilicet
1037 3596 1242 3652 scenofactoria
1256 3595 1336 3664 artis,
1343 3610 1379 3649 ne
1387 3592 1480 3664 gravis
1494 3590 1636 3646 essetsuis

109 3676 226 3741 adalam,
243 3679 335 3746 ruina,
352 3682 396 3735 rel
415 3681 561 3753 impeditio
575 3685 655 3756 pedis
672 3703 678 3738 :
699 3686 749 3740 sed
767 3686 797 3741 in
838 3685 1022 3750 auditoribus,
1038 3685 1062 3740 si
1078 3685 1113 3739 ab
1128 3685 1169 3738 eis
1183 3683 1290 3755 aliquid
1303 3683 1452 3754 acciperet,
1473 3685 1568 3735 certus
1581 3679 1636 3733 hoc

109 3782 184 3838 npro
198 3767 342 3823 somnone
357 3771 479 3825 maxime
493 3773 608 3844 ponitur
623 3792 629 3828 :
643 3775 797 3841 Simus,in·
837 3775 890 3830 sibi
906 3776 1040 3847 prolicere
1053 3773 1128 3846 apud
1142 3773 1242 3828 Deum.
1263 3775 1297 3827 In
1312 3773 1419 3840 cipitiis
1432 3769 1521 3824 simus
1535 3766 1634 3823 dediti.

109 3854 191 3910 amini
200 3856 300 3911 dantes
312 3859 398 3913 ullam
411 3860 602 3928 offensionem,
614 3862 641 3916 id
658 3868 701 3918 est
715 3879 796 3918 occa·
837 3867 901 3936 lpse
914 3880 971 3918 non
983 3863 1075 3919 solum
1088 3862 1134 3917 die
1147 3878 1204 3917 non
1226 3860 1354 3916 cessabat
1374 3876 1392 3914 a
1414 3859 1509 3914 labora
1524 3874 1576 3912 nec
1589 3872 1635 3911 re-

119 3945 255 4016 peccsudi
265 3951 317 4001 aut
330 3947 360 4002 in
374 3949 467 4015 verbo,
484 3956 534 4005 aut
548 3951 579 4006 iu
594 3968 685 4022 pravae
696 3968 797 4024 opera·
838 3951 1008 4024 quiescebat,
1025 3952 1073 4006 sed
1093 3951 1179 4005 etiam
1194 3955 1306 4004 tantum
1328 3955 1391 4003 erat
1408 3946 1545 4002 sollicitus
1562 3946 1637 4003 circa

109 4033 232 4105 nampio,
249 4036 446 4092 relneminem
466 4039 686 4096 scandalizemus
700 4042 729 4096 in
742 4042 797 4096 ali·
839 4041 961 4098 cilicium
976 4040 1029 4096 sibi
1042 4039 1207 4110 deligatum,
1221 4043 1253 4093 nt
1266 4053 1319 4092 nec
1333 4042 1415 4092 nocte
1429 4037 1636 4090 cessaretsuta

109 4123 199 4176 mone
212 4122 255 4177 vel
264 4123 356 4193 iacto;
373 4132 404 4180 ut
418 4142 475 4181 non
488 4131 661 4198 vituperetur
675 4134 798 4186 ministe·
839 4128 1045 4202 praedicatione,
1063 4134 1113 4184 aut
1136 4127 1172 4182 ab
1194 4127 1249 4181 alio
1265 4142 1367 4198 opere;
1381 4125 1457 4180 unde
1471 4123 1593 4194 legimus
1606 4121 1636 4176 in

109 4214 232 4264 ostrum.
248 4211 287 4265 Ex
306 4229 427 4283 persona
445 4230 496 4268 sua
510 4216 636 4288 loquitur
648 4219 798 4289 Apostolus
839 4218 959 4274 Actibus
976 4218 1178 4290 apostolorum,
1203 4215 1271 4286 quia
1289 4231 1374 4284 usque
1387 4215 1425 4268 sd
1437 4213 1559 4267 mediam
1571 4227 1637 4266 uoc-

109 4313 183 4370 uque
192 4300 418 4370 praedicatorum,
429 4304 552 4374 iungens
566 4321 596 4359 se
615 4321 679 4360 cum
698 4306 831 4404 Corin·D
841 4314 893 4363 tem
908 4323 991 4362 suum
1002 4322 1155 4361 scribonem
1160 4307 1302 4375 protrusit
1314 4302 1445 4376 (Actus),
1461 4300 1574 4374 quando
1585 4300 1638 4355 Eu·

109 4385 279 4442 linisterium
295 4389 508 4459 praedicatorum
522 4393 698 4465 vituperatur
714 4402 799 4467 atque
839 4398 950 4470 tyehus,
967 4396 1016 4469 qui
1027 4391 1390 4467 interpretaturamens,de
1402 4391 1486 4447 tertio
1496 4390 1638 4446 coenaculo

109 4474 191 4530 ruitur
202 4490 209 4525 τ
220 4477 325 4547 siquod
337 4479 800 4554 praedicantverbisagendumde-
841 4486 949 4553 cecidit,
969 4501 1003 4540 eo
1016 4484 1090 4556 quod
1102 4484 1250 4556 negligens
1264 4489 1337 4538 esset
1354 4483 1384 4537 in
1398 4480 1491 4536 studio
1505 4478 1638 4536 audiendi

109 4564 270 4637 toperibus,
286 4566 364 4621 aliud
378 4568 507 4625 videlicet
520 4572 705 4643 praedicantes
715 4573 743 4626 in
749 4589 800 4644 pu·
840 4573 955 4628 verbum
968 4573 1028 4629 Dei.
1044 4575 1078 4628 In
1086 4576 1207 4642 jejuniis
1217 4572 1305 4627 simus
1314 4571 1464 4642 patientes.
1479 4567 1637 4639 Aliquando

109 4654 219 4710 anund
233 4662 349 4724 egeam
358 4657 387 4710 in
402 4660 509 4714 occulto
523 4674 529 4709 τ
545 4659 761 4717 bonadocentas
770 4663 800 4718 in
840 4661 1006 4728 voluntarie,
1016 4661 1168 4734 aliquando
1177 4654 1637 4731 insitusjeJ'unabat,etneuentris

109 4743 159 4810 nlo,
172 4743 270 4814 turpia
283 4744 311 4798 in
326 4746 448 4801 conclavi
462 4755 619 4819 operantes.
840 4768 925 4807 causa
938 4751 1132 4818 inclinaretur,
1146 4750 1204 4805 Deo
1217 4748 1324 4819 gratias
1336 4746 1447 4817 agebat.
1468 4744 1547 4799 Sicut
1560 4742 1637 4796 enim

109 4833 271 4898 nomnibus,
282 4831 418 4889 subaudis
428 4838 532 4891 nostris
540 4838 648 4893 actibus
658 4844 688 4896 et
696 4839 797 4911 serbis,
841 4839 982 4896 medicina
994 4839 1138 4904 archiatri,
1153 4838 1182 4892 id
1197 4842 1241 4893 est
1253 4834 1356 4891 summi
1379 4832 1490 4899 medici,
1512 4847 1639 4887 necessa·

109 4934 176 4974 imus
188 4924 218 4973 et
225 4935 416 4992 praeparemus
429 4941 477 4979 nos
492 4930 562 4981 sieut
577 4929 626 4982 liei
644 4932 797 4986 ministros.
840 4931 883 4985 ria
906 4935 949 4986 est
971 4929 1132 4986 vulneribus
1148 4946 1154 4981 :
1169 4927 1210 4982 ita
1230 4925 1330 4980 animae
1353 4928 1457 4978 nostrie
1479 4922 1639 4977 necessaria

109 5007 196 5065 nister
210 5012 263 5074 est,
277 5010 325 5080 qui
336 5011 394 5066 Deo
405 5013 509 5069 militat
522 5025 551 5069 et
560 5017 799 5075 Deoserritreubo
840 5026 906 5075 sunt
917 5019 1036 5091 ieiunia.
1183 5023 1186 5029 '

109 5114 137 5153 aa
155 5097 298 5152 armatu
321 5098 401 5155 bonas
425 5104 607 5173 operationis.
635 5106 800 5180 Quicunque
877 5108 909 5163 ia
924 5110 1048 5162 castitate
1064 5102 1166 5158 mentis
1181 5106 1211 5157 et
1228 5100 1362 5174 corporis.
1377 5101 1499 5156 eastitas
1514 5099 1640 5173 corporis

109 5186 143 5242 lei
156 5185 287 5241 minister
296 5189 356 5243 vult
365 5206 435 5252 essa,
454 5193 511 5247 Deo
528 5193 613 5249 debet
626 5195 655 5249 in
670 5197 800 5253 omnibus
840 5203 892 5263 est,
904 5195 1119 5251 immaculateet
1128 5191 1274 5264 impollute
1288 5190 1424 5246 custodiri
1436 5191 1472 5245 sb
1485 5191 1562 5246 omni
1574 5189 1640 5246 libi·

109 5275 730 5353 rare,utinomnibusquaeagitcognoscatur
743 5285 800 5339 veri
841 5285 915 5340 dinis
932 5283 1125 5339 delectatione.
1150 5281 1272 5336 castitas
1293 5280 1406 5346 mentis,
1426 5279 1576 5351 integritas
1597 5286 1641 5334 est

109 5367 244 5430 secultor.
254 5369 330 5424 verbi
341 5371 445 5441 gratia,
457 5377 488 5424 ut
501 5371 600 5426 doceat
614 5372 744 5439 inscium,
755 5391 802 5444 pa·
843 5374 908 5428 fidei
922 5375 988 5444 quia
1001 5373 1049 5425 illa
1064 5387 1129 5426 reru
1143 5376 1187 5425 est
1196 5370 1311 5425 castitas
1330 5387 1391 5442 que
1406 5386 1456 5424 nec
1471 5376 1564 5424 niente
1578 5369 1640 5439 pol-

109 5459 269 5527 surientem,
293 5465 371 5532 potet
392 5459 544 5528 sitientem,
563 5461 663 5515 vestiat
681 5461 800 5528 nudum,
843 5463 940 5517 luitur.
955 5460 1102 5515 Valetium
1113 5462 1145 5514 in
1158 5462 1284 5514 castitate
1298 5458 1376 5525 dicit,
1391 5458 1421 5513 id
1434 5463 1477 5513 est
1490 5454 1640 5511 insinceri·

109 5547 313 5620 iatslgentem,
325 5549 440 5621 colligat
453 5550 803 5622 vagantem,risitetinlir-
842 5554 901 5606 tate
921 5554 950 5608 et
970 5548 1135 5621 integritate
1156 5547 1234 5604 verbi
1253 5547 1305 5605 liei
1323 5547 1411 5605 simus
1425 5544 1523 5611 dediti,
1538 5547 1640 5601 utnon

1673 5684 1727 5747 d
