3818 6104
139 251 191 313 703
367 249 557 310 HAYMONIS
572 247 817 307 HALBERSTAT.
834 246 948 306 amsa.
965 248 1044 308 OPP.
1062 250 1154 309 PARS
1168 249 1192 316 1,
1210 279 1242 295 ··
1260 250 1446 309 COMMENT.
1463 251 1554 308 BIBL.
1720 248 1766 309 llll

137 379 168 436 in
183 383 294 434 tantum
308 379 405 434 dilexit
419 395 480 443 nos.
499 383 531 433 ut
543 378 645 432 Filium
659 390 741 430 suum
755 375 1168 446 unigenitumAremissionem
1181 381 1360 449 peecatorum
1376 393 1426 449 per
1439 376 1576 448 Spiritum
1590 381 1716 431 candum
1725 393 1783 434 no*

137 469 218 524 daret
232 470 382 540 procebis,
394 470 466 522 sicut
479 469 695 522 etiamloannes
710 465 776 518 dicit
788 465 847 520 :Sic
865 467 936 519 Deus
977 464 1019 519 bis
1030 466 1120 525 daret.
1137 466 1280 520 sedetiam
1297 467 1432 536 mysteria
1443 465 1615 536 cognitionis
1625 482 1681 520 sua
1696 465 1783 537 nubig

138 559 234 611 ditarit
251 560 398 622 sitiendam,
415 562 445 610 nt
460 558 636 623 anr'penitrnn
649 556 753 607 Filium
767 555 935 607 suurndurct
977 555 1123 617 revelaret,
1137 571 1197 625 qum
1214 555 1242 608 in
1259 557 1334 608 Novo
1348 561 1377 609 et
1392 555 1488 609 Veteri
1510 556 1689 610 Testamenta
1711 572 1783 629 coQ

138 662 189 716 pro
200 646 304 700 mundo
319 648 410 712 (ionia.
428 649 470 712 11).
484 646 541 698 lloc
555 650 648 697 nutem
656 643 743 696 distat
753 643 826 695 inter
838 642 936 695 imma·
977 643 1111 707 lineatur,
1128 643 1155 696 in
1170 644 1245 697 evrini
1258 643 1398 715 eripientia
1412 644 1506 697 divina
1521 649 1551 697 et
1564 645 1689 699 humana
1709 645 1783 713 vig-

140 734 262 787 culatum
273 740 437 786 etsanctnm
450 747 455 779 :
471 732 536 800 quia
548 731 747 784 immaculatus
763 737 806 783 est
815 746 885 801 puer
895 729 936 783 vel
978 730 1296 786 biliumetinvisibilium
1307 733 1484 798 rerum‚etin
1495 733 1572 786 omni
1582 734 1783 811 prudentias¹

139 822 240 891 aliquis
254 822 409 883 hominnm,
425 821 536 892 qnando
552 819 586 874 ab
602 819 732 874 aturribus
746 820 862 897 maculis
876 835 937 889 pee-
977 819 1101 874 sibilium
1110 821 1327 892 mortaliumque
1337 823 1522 876 rerumNam
1532 821 1672 892 sapientia
1680 828 1728 883 est,
1765 857 1783 900 ι

136 916 263 964 catorum
280 910 432 964 mundatur
447 911 476 963 in
490 909 643 979 baptismo:
661 916 774 963 sanctus
796 925 861 963 vero
876 909 936 962 etu-
979 909 1092 979 quidam
1108 910 1213 973 dicunt,
1232 911 1352 979 cognitio
1362 911 1522 966 divinarum
1531 910 1783 992 humanarumqw

137 999 210 1053 citur
222 998 317 1052 labore
331 1006 359 1054 et
373 999 474 1065 studio,
492 999 627 1052 tradendo
641 1014 741 1068 corpus
756 1015 837 1052 suurn
853 998 937 1053 variis
978 1014 1083 1064 rerum,
1100 998 1248 1053 visibilium
1264 1005 1293 1052 et
1308 999 1499 1062 invisibilium.
1517 998 1677 1053 mortalium
1688 1006 1712 1053 et
1722 1003 1777 1072 im,

138 1089 286 1142 tormentis
302 1106 351 1159 pro
363 1089 466 1143 Christi
482 1088 604 1154 notitiae,
621 1088 693 1142 sicut
721 1087 810 1141 sancti
833 1092 937 1158 marty-
978 1088 1156 1141 mortalium:
1172 1087 1322 1158 prudentia
1338 1105 1402 1142 vero
1427 1088 1580 1143 visibilium
1595 1094 1623 1142 et
1637 1089 1767 1157 humum.

138 1177 332 1238 resseeernnt,
348 1178 611 1231 sivemortificando
626 1180 809 1231 sr'eeritiiset
837 1194 936 1232 conen·
976 1190 1039 1229 rum
1059 1183 1144 1247 atque
1154 1177 1391 1231 transitoriarum.
1404 1177 1511 1231 Aliter:
1526 1178 1670 1248 Sapientia
1682 1187 1761 1242 asten

134 1269 286 1335 piscentiir.
302 1266 353 1320 Vel
368 1266 429 1320 ideo
445 1283 496 1320 nos
510 1267 604 1335 elegit,
626 1273 658 1319 ut
671 1265 760 1319 saneti
781 1272 811 1320 et
834 1265 935 1320 imma·
975 1265 1065 1335 gnitio
1082 1272 1183 1320 sanctae
1202 1266 1355 1334 trinitatis;
1375 1268 1525 1338 pmdentia
1538 1283 1603 1321 vero
1626 1267 1752 1329 visibilium

136 1355 222 1410 colati
238 1372 362 1409 essemus
377 1356 451 1427 quod
475 1355 599 1409 nondum
615 1371 737 1419 eramus,
754 1371 818 1408 cum
839 1355 909 1409 dixit
926 1374 932 1409 :
976 1370 1080 1418 rerum,
1102 1355 1361 1426 elementorumque
1376 1357 1508 1426 cognitio,
1524 1361 1557 1409 ut
1570 1361 1749 1425 cognoseatho

138 1441 216 1495 Sicut
236 1441 319 1510 elegit
333 1457 392 1494 nos.
407 1441 436 1494 id
446 1447 488 1495 est
503 1440 760 1510 praeordinavitsua
774 1439 935 1511 dispositio·
976 1459 1023 1497 mo
1038 1443 1174 1497 mundum
1189 1460 1206 1498 a
1219 1444 1278 1499 Deo
1295 1461 1355 1499 esse
1365 1445 1479 1509 iactum,
1496 1445 1609 1515 quando
1620 1446 1645 1498 ei
1656 1445 1744 1515 placuit,

137 1546 182 1597 ne,
199 1530 265 1601 qaia
278 1529 404 1583 futurum
420 1535 480 1584 erat
495 1530 567 1583 utin
583 1529 726 1583 Christum
745 1530 933 1597 crederemus,
977 1536 1006 1585 et
1016 1532 1155 1602 quomodo
1171 1533 1197 1586 ei
1212 1533 1301 1587 visum
1319 1537 1375 1598 est;
1390 1540 1422 1588 ut
1436 1538 1587 1604 cognoscat
1601 1533 1680 1586 etiam
1698 1551 1744 1588 eur·

139 1622 189 1687 qui
199 1620 404 1687 predestinavit
419 1635 467 1672 nm
483 1622 513 1671 in
523 1619 693 1685 adoptionem
704 1621 829 1685 filioram
838 1620 936 1686 perte·
977 1637 1039 1674 sum
1051 1621 1185 1681 siderum,
1203 1628 1338 1691 qnantum
1354 1623 1484 1677 humana
1504 1621 1647 1692 fragilitati
1660 1623 1744 1692 permit-

137 1707 351 1760 iunt-Christum
367 1709 397 1759 in
414 1707 675 1774 immmaculatum
696 1709 867 1774 propositum
891 1693 1057 1774 valiam,
1085 1710 1267 1781 ordinemque
1294 1716 1464 1781 temporum.
1493 1716 1522 1764 et
1539 1710 1673 1780 quemodo
1691 1709 1743 1764 sarh

138 1796 255 1848 lrrntntir
271 1812 334 1850 rua.
346 1794 550 1849 praedestinare
567 1799 610 1848 est
623 1795 812 1866 praeordinare
827 1801 855 1850 et
868 1812 937 1867 prae·
977 1804 1046 1851 sunt
1056 1798 1119 1865 ista,
1136 1800 1213 1853 etad
1230 1816 1313 1871 quem
1327 1801 1411 1854 linem
1428 1800 1558 1854 tendant.

137 1883 227 1948 smine,
242 1885 353 1956 quando
369 1884 437 1938 illud
452 1884 525 1955 quod
542 1883 643 1937 tacturi
657 1884 859 1954 sunnrs‚hmge
869 1890 935 1938 ante
1014 1887 1044 1940 tlt
1059 1892 1156 1941 notam
1165 1890 1265 1955 faceret
1275 1890 1361 1954 nobis,
1376 1889 1448 1942 Deus
1461 1889 1557 1954 Pater,
1568 1894 1742 1942 sacramentum

136 1974 309 2043 praefinimus
319 1974 347 2027 in
359 1974 452 2030 eorde.
465 1974 577 2044 quando
592 1978 620 2026 et
633 1974 772 2044 quomodo
788 1972 857 2026 illud
872 1990 935 2045 ope·
975 1978 1126 2029 carantana·
1137 1993 1201 2038 sne,
1225 1980 1376 2030 secundnm
1399 1980 1600 2045 heneplacitum
1623 1981 1676 2045 rjus
1691 1977 1743 2046 qnod

136 2079 167 2116 re
183 2063 361 2133 impleamus.
385 2063 505 2134 Adoptio
532 2068 627 2117 autem
655 2062 712 2115 sive
731 2062 807 2132 optio
831 2063 935 2117 dicitur
973 2068 1211 2132 properantium,
1229 2065 1743 2121 idestinChristo.Sacramentumeat

136 2152 244 2205 electio.
261 2151 341 2205 Unde
359 2151 476 2206 dicimus
492 2152 639 2222 optimum,
656 2151 710 2204 hoc
731 2159 774 2205 est
802 2152 931 2206 electum.
975 2170 1020 2207 res
1034 2160 1152 2218 secreta,
1174 2154 1202 2207 id
1217 2160 1260 2208 est
1275 2154 1449 2225 mysterium,
1472 2154 1524 2208 hoc
1544 2161 1587 2208 est
1600 2152 1695 2224 aliquid
1710 2169 1742 2206 oe·

138 2240 184 2294 Sic
196 2256 262 2310 ergo
276 2241 351 2294 Deus
367 2241 450 2294 Pater
464 2240 621 2311 praefinivit,
638 2245 666 2293 et
676 2240 775 2294 statuit
790 2241 818 2294 in
836 2242 932 2295 volun·
974 2243 1090 2297 cultum.
1107 2243 1188 2306 Quod
1201 2243 1254 2297 suit
1268 2242 1343 2297 istud
1362 2250 1571 2297 sacramentum
1593 2241 1664 2312 quod
1682 2239 1740 2295 nohis

136 2332 194 2381 tate
205 2328 495 2399 etdispositionesua,
509 2335 540 2382 ut
558 2345 609 2382 nos
624 2329 653 2382 in
673 2329 836 2383 electionem
856 2331 933 2384 lilio·
973 2332 1162 2387 manilestavit
1189 2334 1263 2387 Deus
1286 2333 1387 2386 Pater?
1411 2331 1579 2403 Mysterium
1619 2327 1741 2384 nandans

136 2432 200 2471 rum
215 2420 276 2488 ejus
291 2418 479 2489 reciperemur
495 2434 544 2488 per
558 2418 653 2471 lesum
674 2417 817 2472 Christum
841 2419 869 2474 in
892 2420 933 2491 ip·
975 2421 1088 2483 Christi,
1105 2422 1244 2491 passionis
1264 2427 1348 2491 atqua
1362 2421 1577 2475 resurrectionis
1588 2421 1647 2490 ejus
1658 2424 1742 2472 nostre·

136 2523 209 2572 sum,
225 2507 278 2561 hoe
293 2513 344 2568 est,
360 2512 392 2562 ut
406 2507 435 2561 in
449 2507 540 2577 ipsum
556 2507 650 2561 lesum
667 2507 932 2564 Christumcreden-
975 2527 1029 2581 que
1052 2510 1261 2581 redemptionis.
1279 2510 1417 2565 Voluntas
1436 2511 1512 2564 enim
1535 2510 1585 2564 Dei
1608 2508 1689 2563 Patris
1704 2504 1742 2560 tuit

136 2602 188 2662 tec,
197 2596 247 2650 filii
259 2597 309 2651 Dei
322 2597 498 2651 efficeremur
512 2614 562 2667 per
574 2597 706 2666 gratiam,
727 2597 774 2667 qui
790 2614 846 2652 non
868 2615 931 2653 era·
975 2616 1058 2670 quam
1073 2600 1227 2671 proposuit,
1245 2599 1302 2653 sire
1312 2599 1450 2670 disposuit
1461 2599 1504 2653 vel
1515 2598 1637 2653 decrevit
1650 2597 1673 2651 in
1683 2592 1740 2651 Chri·

135 2701 199 2740 mus
209 2692 406 2757 pernaturam¹
419 2686 576 2741 Secundum
590 2685 764 2756 propositum
776 2687 928 2743 voluntatis
974 2694 1017 2742 sto
1030 2688 1086 2742 sive
1101 2705 1152 2759 per
1164 2689 1305 2743 Christum
1320 2688 1447 2758 implere,
1458 2694 1490 2742 ut
1503 2703 1611 2759 uesper
1621 2687 1739 2741 adrentum

135 2791 202 2842 suaa,
218 2775 247 2828 id
267 2780 309 2829 est
323 2774 475 2828 seeundum
490 2774 564 2844 quod
578 2774 717 2845 disposuit
737 2775 766 2828 in
792 2777 933 2831 voluntate
974 2776 1036 2830 Filii
1051 2777 1094 2831 sui
1111 2777 1400 2831 redimerenrnrllcee
1411 2794 1478 2847 ergo
1489 2782 1662 2831 sacramenta
1669 2774 1739 2827 velun·

35 2870 38 2874 ‘
135 2880 195 2928 sua,
214 2867 246 2917 in
262 2864 371 2917 taudem
385 2865 481 2930 pieria
492 2866 589 2930 pretia
603 2880 667 2928 sua,
684 2867 716 2916 in
726 2880 781 2931 qna
793 2868 933 2932 pratifieu·
973 2865 1040 2920 tatis
1050 2882 1107 2920 suae
1122 2866 1203 2920 nobis
1217 2865 1408 2920 manifestavit
1425 2866 1500 2920 Deus
1516 2865 1602 2920 Pater
1615 2881 1661 2936 per
1671 2864 1738 2918 incar-

134 2956 174 3006 uit
187 2969 235 3007 nos
250 2956 281 3006 in
298 2952 445 3006 dilectione
460 2952 523 3005 Filii
539 2952 596 3005 sui:
616 2953 673 3006 Dee
684 2952 752 3006 dicit
765 2953 884 3022 gloriam
903 2957 932 3007 et
973 2955 1115 3009 nationem
1129 2955 1192 3008 Filii
1207 2956 1261 3020 sni,
1277 2953 1429 3008 secundum
1447 2955 1520 3024 quod
1536 2955 1562 3008 ei
1584 2949 1736 3024 beneplacuit

134 3041 267 3110 gratiam.
279 3042 373 3095 Gloria
389 3047 482 3094 autem
495 3041 640 3095 referenda
656 3047 698 3095 est
711 3042 745 3095 ad
758 3043 930 3114 redemptio·
941 3014 962 3072 C
972 3048 1000 3096 et
1010 3043 1243 3113 secundumquod
1255 3044 1314 3113 ipse¹
1329 3043 1358 3096 in
1367 3059 1399 3096 eo
1409 3043 1542 3111 decrevit,
1556 3050 1585 3097 et
1595 3041 1694 3115 quando
1703 3040 1738 3092 hor

133 3145 199 3183 nem
217 3135 352 3194 nostram,
368 3146 424 3201 qua
433 3146 484 3183 nos
494 3129 625 3196 redemit;
642 3130 731 3199 gratia
742 3136 836 3184 autem
844 3133 879 3185 ad
890 3149 932 3187 re·
971 3131 1075 3184 sactum
1083 3132 1119 3185 sit
1130 3132 1318 3185 manifestavit
1328 3131 1424 3186 dicens
1436 3136 1481 3185 :in
1493 3127 1738 3200 dispensationem

134 3218 324 3289 demptionem
336 3226 610 3289 peccatorumquam
626 3218 800 3288 nobisgratis
811 3219 889 3274 dedit
902 3219 931 3275 in
973 3220 1058 3282 estin
1068 3221 1250 3292 dispositione
1259 3222 1302 3275 rel
1312 3220 1489 3275 ordinatione
1504 3221 1679 3289 plenitudinis
1689 3220 1738 3269 tnn-

133 3306 272 3378 baptismo
284 3308 424 3377 perfidem
448 3306 585 3377 passionis
600 3323 666 3371 suae,
684 3313 712 3360 et
734 3323 784 3377 per
806 3308 929 3377 gratiam
972 3325 1074 3377 porum
1085 3310 1233 3381 praefinivit
1244 3310 1304 3380 ipse
1312 3310 1386 3364 Deus
1401 3310 1486 3363 Pater
1501 3312 1657 3363 instaurare
1668 3303 1736 3359 onnh

134 3396 223 3450 sancti
237 3395 460 3467 SpiritusElegit
470 3396 564 3465 itaque
577 3411 627 3448 nos
640 3394 668 3449 in
683 3395 846 3450 electionem
863 3397 932 3452 filio·
973 3402 1003 3452 in
1014 3399 1131 3465 Cirristn,
1147 3400 1204 3452 sive.
1213 3399 1421 3469 perChristum.
1434 3397 1508 3451 Dicit
1522 3397 1621 3452 beatus
1635 3395 1736 3460 Hierony·

135 3502 199 3541 rum
212 3486 367 3557 pertesum
379 3484 521 3539 Christum
531 3483 677 3538 inlaudem
688 3485 784 3554 gloriae
796 3491 824 3538 et
832 3487 931 3556 gratia
972 3504 1034 3541 mus
1045 3487 1175 3558 quiaprae
1186 3487 1273 3540 nimio
1284 3503 1445 3557 amoreque
1462 3487 1613 3557 Apostolus
1628 3482 1736 3539 Christum

133 3592 200 3640 suae,
216 3582 248 3630 nt
263 3576 322 3646 ipse
336 3574 467 3630 laudetur
481 3573 693 3644 etgratihcetur
707 3574 741 3628 ab
761 3575 836 3629 omni
853 3592 931 3629 crea-
972 3576 1116 3646 diligebat,
1132 3575 1565 3648 saepeextraordinarienominis
1577 3567 1734 3645 ejusmentit·

132 3663 372 3720 turarationabili.
386 3663 419 3718 In
435 3680 491 3734 qua
503 3663 637 3717 subaudis
651 3664 752 3734 gratia.
762 3665 931 3734 gratificavit
972 3682 1046 3730 nem,
1058 3664 1189 3735 ponebat.
1199 3664 1571 3735 sieutetipsehpostolusde
1580 3653 1735 3734 seipsodicit:

132 3754 257 3823 nos‚hoe
272 3759 315 3808 est
336 3753 425 3824 gratis
440 3752 558 3807 redemit
573 3758 601 3806 et
628 3751 706 3806 dedit
736 3753 929 3808 remissionem
972 3752 1312 3821 Ivnperitusluisernrona
1330 3753 1376 3806 sed
1395 3767 1450 3805 non
1469 3748 1735 3821 scientiallltiur.¹¹l·

132 3849 329 3914 peccatorum:
347 3843 427 3897 etsie
442 3842 620 3914 postmodum
635 3846 732 3913 gratos
752 3849 780 3896 et
801 3849 929 3914 acceptos
971 3841 1140 3896 Restaurare
1160 3841 1246 3896 estad
1257 3841 1348 3895 instar
1357 3840 1459 3911 prioris
1473 3845 1565 3894 status
1575 3839 1738 3909 aliquantam

132 3948 183 3986 nos
198 3932 333 3993 seeitsibi,
351 3937 379 3986 et
393 3933 445 3986 hoc
455 3948 505 4003 per
516 3935 675 4002 passionem
691 3930 784 3985 dilecti
800 3931 862 3985 Filii
873 3933 927 3988 sui.
970 3947 1031 4001 quea
1042 3931 1220 4002 lapsaluerat
1230 3929 1627 3999 revocaraRestaurnvitergo
1637 3918 1739 3981 neustr

130 4020 203 4075 Dicit
217 4020 316 4075 beatus
329 4021 525 4090 Hieronymus,
547 4020 613 4090 quia
626 4020 655 4073 in
679 4021 776 4075 Graeco
799 4037 929 4075 sermone
969 4018 1544 4091 terperFiliumsuumomniaquaineeto
1555 4009 1740 4071 etintermruul

131 4126 187 4164 non
197 4110 324 4174 babetur,
338 4112 408 4164 Filio
423 4127 480 4174 siro,
497 4109 544 4163 sed
566 4109 762 4163 tantummodo
777 4108 904 4164 absolute
920 4128 927 4164 :
971 4109 1082 4178 quando
1093 4108 1248 4179 angelicam
1260 4114 1391 4161 naturam
1407 4111 1435 4160 et
1448 4107 1605 4160 humanam
1620 4094 1739 4176 reparavit·

130 4199 268 4252 diteetout
282 4198 448 4253 ostendatur
466 4197 584 4251 dilectus
608 4213 669 4250 esse
693 4197 770 4250 omni
793 4206 928 4254 ereatura.
970 4193 1741 4268 Quaeincoelosuntreparavit.quandoangelorunnuac

130 4285 300 4340 rationabili.
316 4287 357 4340 lta
373 4291 467 4339 autem
480 4285 583 4339 dicitur
592 4302 608 4338 a
618 4285 712 4354 gratia
720 4286 929 4355 gratificarepi-
938 4330 961 4388 D
971 4286 1244 4356 rumquiquondam
1255 4284 1422 4338 imminutus
1431 4283 1518 4337 luerit
1527 4299 1560 4336 ex
1571 4282 1648 4353 lapsu
1661 4268 1740 4368 angui·

131 4380 179 4428 cut
192 4391 208 4427 a
221 4374 333 4443 justitia
344 4374 508 4445 justificare.
970 4393 1020 4447 per
1044 4375 1249 4447 reparationem
1264 4372 1376 4444 generis
1386 4372 1504 4426 humani
1518 4369 1671 4442 eornplevit,
1682 4370 1740 4418 erec

168 4465 200 4518 in
214 4479 275 4531 pao,
291 4462 319 4515 id
334 4470 378 4516 est
387 4462 508 4526 Christe,
522 4462 566 4515 vel
580 4462 788 4530 perChristum
799 4466 928 4519 trahentur
970 4464 1235 4527 laetitiamreddidit
1247 4478 1330 4533 quam
1339 4461 1497 4514 amiserunt
1505 4466 1636 4530 peccante
1643 4451 1738 4511 honus·

128 4568 226 4606 omnes
236 4553 449 4620 redemptionem
473 4550 531 4604 sive
556 4550 752 4605 liberationem
777 4554 811 4607 de
837 4559 927 4607 morte
970 4553 1010 4607 Ea
1029 4555 1129 4623 quain
1142 4559 1218 4607 terra
1231 4558 1298 4607 sunt
1312 4549 1460 4622 reparavit,
1483 4549 1596 4621 quando
1610 4541 1739 4621 genusii·

128 4641 164 4696 ad
174 4640 269 4699 vitam.
284 4658 334 4711 per
344 4643 510 4709 sanquinem
520 4638 658 4710 passionis
673 4643 775 4707 cinam
787 4645 927 4695 renn'ssio-
969 4658 1094 4707 manum,
1111 4641 1186 4712 quod
1208 4641 1237 4695 in
1263 4645 1383 4695 mortem
1407 4642 1504 4692 ruerat
1530 4636 1673 4708 peccando,
1691 4630 1736 4700 ipse

93 4742 97 4751 ·
129 4747 192 4785 nem
205 4736 389 4799 peccatoram,
406 4729 434 4782 in
449 4728 681 4800 baptismateper
695 4729 778 4782 sidem
790 4729 926 4800 passionis
968 4747 1018 4784 sua
1029 4733 1158 4802 passione
1173 4746 1224 4784 sua
1237 4727 1409 4790 redimendo,
1426 4727 1463 4781 de
1479 4734 1572 4782 morte
1582 4707 1739 4780 revocaritad

127 4821 197 4889 ejus,
213 4821 287 4875 sieut
300 4820 422 4874 loannes
436 4818 520 4873 dicit:
536 4819 590 4885 Qui
604 4819 702 4872 ditarit
715 4834 775 4878 rior.
785 4818 923 4890 inquiens,
967 4820 1063 4873 vitam.
1083 4820 1188 4874 Aliter:
1205 4818 1259 4872 Per
1269 4817 1369 4871 coelum
1385 4831 1535 4886 possumus
1549 4805 1740 4884 intelligente

128 4913 152 4960 et
168 4911 234 4961 tacit
250 4925 298 4962 nos
312 4924 330 4961 a
342 4910 571 4976 peccatisnostris
582 4909 760 4975 inconpertae
774 4924 823 4961 suo
835 4907 924 4976 [Apros.
968 4908 1050 4974 daos,
1072 4907 1120 4978 qui
1140 4907 1264 4960 coelestia
1282 4905 1415 4958 mandata
1434 4909 1620 4974 acceperant;
1635 4916 1680 4973 per
1695 4902 1738 4948 lif·

129 4995 159 5060 1),
173 4993 276 5049 horest
290 5012 339 5066 per
349 4996 505 5067 passionem
515 5012 594 5050 suam
612 5000 640 5049 et
655 5011 705 5065 per
719 4994 803 5049 sidem
813 5015 819 5061 ;
829 5012 926 5050 secan·
968 4982 1028 5049 ram
1039 5012 1103 5050 vero
1112 4996 1232 5065 gentiles
1243 4993 1290 5064 qui
1300 4992 1596 5047 solummodoterrena
1606 4978 1739 5060 mgiabrul

131 5081 199 5134 darn
213 5083 324 5136 dicitius
338 5089 435 5151 pratia
449 5084 660 5151 suasubaudis,
675 5083 811 5139 habemus
824 5101 926 5139 nosre-
969 5091 1053 5154 atque
1066 5084 1239 5154 quaerebant,
1256 5088 1284 5137 et
1298 5098 1348 5152 pro
1363 5082 1420 5135 Deo
1436 5081 1513 5134 idola
1526 5080 1661 5135 colebant.
1673 5076 1740 5142 Bell·

132 5169 321 5239 demptionem
334 5173 569 5228 et.remissionem
586 5180 773 5245 peccatorum.
789 5190 857 5242 qna,
878 5189 926 5228 su·
968 5173 1040 5225 ravit
1050 5188 1116 5242 erge
1129 5172 1203 5226 Deus
1216 5172 1300 5225 Pater
1314 5169 1409 5223 omnia
1421 5186 1483 5240 qum
1493 5169 1523 5222 in
1536 5169 1607 5223 eoelo
1618 5171 1644 5222 ei
1657 5178 1705 5237 que
1715 5156 1741 5210 5¹¹

131 5257 231 5313 bandis
245 5259 346 5327 gratia,
363 5263 607 5328 superabundant.
621 5263 649 5317 id
674 5272 716 5317 est
743 5263 923 5333 supercrevit,
967 5267 1043 5315 terra
1057 5269 1123 5315 sunt
1133 5277 1183 5331 per
1198 5261 1357 5331 passionem
1367 5257 1429 5311 Filii
1440 5257 1494 5323 sui,
1508 5257 1621 5328 quando
1633 5237 1742 5321 110chod

132 5353 164 5403 in
186 5349 262 5402 nobis
282 5348 313 5400 in
340 5353 418 5403 omni
440 5353 787 5419 sapientiaetprrntentio.
815 5351 925 5407 Divitiae
966 5350 1050 5421 periit
1062 5350 1090 5403 in
1100 5349 1205 5404 ludaeis
1225 5349 1254 5402 in
1268 5347 1435 5402 infidelitate
1450 5346 1641 5412 manentibus,
1652 5331 1743 5398 exuul·

131 5437 230 5509 gratiae
244 5435 304 5507 ejus
316 5443 382 5490 sunt
396 5436 587 5493 misericordia
595 5444 622 5493 et
637 5441 736 5509 pietas,
752 5440 847 5512 quain
860 5446 925 5495 tan·
965 5440 1087 5493 titudine
1098 5439 1224 5510 gentium
1241 5435 1411 5491 venientium
1422 5436 1457 5490 ad
1472 5435 1558 5491 tidem
1577 5421 1744 5506 complevisti

133 5532 194 5583 tum
212 5523 340 5583 crevitin
353 5525 446 5597 nobis,
459 5531 492 5583 ut
516 5542 573 5584 non
601 5527 693 5584 solum
720 5530 872 5586 redimeret
898 5534 926 5586 et
965 5529 1018 5584 hoc
1032 5529 1062 5584 in
1074 5527 1281 5602 dispensatione
1291 5525 1475 5598 plenitudinis
1488 5504 1746 5599 ampommtaitil
