3840 6098
135 215 187 274 263
349 216 538 272 HAYMONlS
557 215 801 270 HALBERSTAT.
822 213 934 269 EPISC.
955 210 1035 269 OPP.
1055 194 1149 271 Psa's
1167 215 1190 270 1.
1212 247 1244 275 ,-
1263 215 1452 279 COMMENT.
1473 220 1567 278 alah.
1717 218 1772 279 264

136 339 321 404 Hierusalem,
334 339 374 393 ita
384 344 416 394 ut
424 340 439 393 J
442 339 512 393 udas
526 355 637 409 quoque
646 337 774 393 obsidere
780 354 843 392 eam
852 338 966 409 roga-A
975 337 1049 393 derit
1063 356 1160 410 pacem
1174 340 1313 405 Ecclesia,
1330 349 1360 398 et
1371 343 1467 400 hostes
1479 346 1540 416 ejus
1551 345 1580 400 in
1590 350 1735 419 stuporem
1744 349 1774 401 et

135 429 334 499 tur,pereutiet
347 427 482 482 Dominus
493 444 590 481 omnes
600 443 686 497 equos
696 427 932 480 aduersariorum.
975 426 1004 481 in
1019 428 1170 483 amentiam
1188 431 1311 495 verterit,
1339 440 1423 489 erunt
1448 433 1535 490 duces
1558 434 1774 490 Ecclesimsicut

139 541 151 566 α
170 515 202 573 Iu
215 524 369 588 stuporem,
384 538 395 564 ι
411 516 440 570 id
456 521 507 581 est,
524 522 556 569 ut
570 520 702 586 stupeant
715 516 871 586 omnesqui
887 532 935 569 eos
975 515 1048 585 ignis
1062 516 1091 570 in
1104 517 1195 587 lignis,
1212 524 1241 573 et
1263 519 1336 574 sicut
1356 521 1430 576 facee
1451 522 1480 578 in
1501 523 1566 578 feno
1588 528 1774 595 excoquentes

135 606 258 660 viderint
278 622 339 659 esse
350 621 495 676 percussos
510 623 516 671 ;
528 605 595 668 sire,
617 624 629 655 a
650 604 788 674 percutiet
798 604 826 658 in
836 611 934 675 stupo·
975 620 1058 657 omne
1073 605 1179 669 vitium,
1192 606 1305 676 etligna
1318 607 1502 671 infructuosa,
1514 611 1542 665 id
1556 617 1601 665 est
1610 611 1776 683 omniaper·

136 712 207 760 rem,
221 701 269 749 »ut
278 693 357 764 quasi
368 693 473 765 stupidi
484 699 512 747 et
522 692 627 763 absque
636 693 892 759 sensucsliciantur,
906 698 935 747 et
975 709 1055 747 versa
1071 692 1204 764 dogmata
1217 703 1428 761 consumentur,
1445 705 1474 753 et
1489 699 1665 754 devorabunt
1678 715 1696 753 e
1707 698 1776 753 dex·

137 800 298 839 ascensores
308 782 646 848 eorumiaamentia,hee
657 787 785 836 esitanta
795 782 935 852 rnagaitu-
975 782 1027 835 tris
1037 783 1218 838 etasinistris
1233 800 1281 838 eos
1296 785 1344 855 qui
1360 788 1513 843 noluerunt
1527 787 1652 843 medium
1663 785 1776 842 virtutis

137 874 202 928 diue
224 872 382 926 formidinis
395 877 570 942 prementur,
587 876 619 924 ut
632 875 779 924 vertantur
790 870 820 924 in
835 886 934 924 amen·
975 869 1030 923 iter
1044 876 1153 929 tenere.
1171 872 1269 927 Omnis
1285 874 1360 928 enim
1376 874 1464 930 virtus
1479 876 1509 930 in
1521 875 1679 930 meditullio
1687 880 1740 930 est.
1753 876 1778 929 A

137 962 216 1017 tiam.
234 962 324 1032 Super
337 960 452 1014 domum
468 959 550 1019 luda,
568 958 615 1029 qui
627 965 726 1012 contra
740 975 820 1013 suam
835 958 934 1013 cirita-
975 957 1081 1012 dextris
1090 965 1185 1014 autem
1200 966 1230 1014 et
1241 961 1364 1015 sinistris
1379 962 1563 1034 sunt,quiaut
1574 964 1637 1034 plus
1651 961 1775 1034 sapiunt,

137 1057 195 1106 tem
209 1050 300 1104 facere
309 1048 456 1119 cogebant,
469 1047 577 1119 aperiet
587 1046 723 1102 Dominus
734 1047 840 1116 oculos,
853 1047 881 1101 id
892 1052 935 1102 est
975 1057 1025 1100 aut
1040 1047 1133 1102 minus
1145 1038 1228 1119 qua'm
1235 1051 1436 1120 oportet'l'unc
1446 1052 1568 1106 Ecclesia
1576 1055 1779 1122 recepturaest

137 1144 294 1210 respectum
323 1136 521 1201 miserationis,
545 1141 577 1189 ut
602 1153 650 1190 eos
673 1136 772 1206 dignos
787 1136 871 1190 faciat
885 1153 936 1191 suo
977 1134 1125 1205 pristinam
1138 1137 1268 1206 gloriam,
1277 1144 1306 1192 et
1319 1139 1510 1205 tabernacula,
1524 1139 1553 1193 id
1564 1146 1608 1194 est
1620 1144 1777 1194 conventus

138 1233 263 1298 aspectu,
280 1234 308 1280 et
324 1226 469 1280 oculorum
483 1240 599 1278 suorum
617 1224 740 1279 illustret
753 1224 937 1294 lumine.Spi·
977 1223 1111 1287 fidelium,
1128 1241 1179 1294 per
1191 1232 1281 1280 totum
1294 1226 1389 1280 orbem
1405 1227 1648 1295 instaurabuntur,
1664 1226 1777 1282 uecsibi

137 1313 739 1385 ritualiterequi,quandoinnmlampartem
749 1313 934 1384 accipiuntur,
977 1310 1103 1365 tribuent
1113 1312 1242 1382 magistri
1252 1313 1716 1387 hancgloriam,tanquampereos
1724 1332 1778 1387 pax

138 1402 302 1457 luxuriosos
311 1408 396 1472 etque
406 1400 541 1472 superbos
555 1401 827 1472 designantHorum
838 1417 936 1455 ascen·
977 1398 1035 1452 haec
1042 1400 1169 1454 Ecclesiae
1180 1401 1297 1467 venerit,
1305 1402 1356 1456 sed
1366 1403 1485 1458 Domino
1492 1404 1685 1475 assignabitur
1694 1419 1778 1459 omne

138 1507 219 1545 sores
241 1496 309 1546 sunt
321 1491 472 1555 daemones,
488 1491 531 1544 vel
545 1490 681 1544 falsorum
696 1490 859 1560 dogmatum
875 1507 937 1544 ma·
977 1487 1111 1557 gaudium
1127 1494 1155 1543 et
1168 1491 1341 1561 prosperitas
1357 1491 1492 1546 ssdelium.

131 1567 230 1650 gistri,
251 1579 299 1651 qui
322 1595 418 1633 omnes
435 1585 582 1633 vertentur
594 1579 622 1632 in
638 1585 781 1650 stuporem
797 1585 826 1634 et
839 1595 937 1633 amen·
1017 1596 1028 1626 a
1043 1576 1076 1630 ln
1091 1576 1137 1629 die
1152 1576 1198 1631 illa
1207 1583 1333 1648 proteget
1344 1577 1481 1634 Dominus
1494 1578 1667 1635 habitatores
1678 1580 1778 1637 Hieru-

138 1668 217 1731 tiam,
233 1667 896 1730 utconvincanturaullamhabuissescientiam,
909 1652 1077 1728 etBsalem
1090 1666 1186 1719 eterit
1199 1666 1247 1736 qui
1261 1667 1409 1721 oilenderit
1422 1684 1456 1722 ex
1470 1668 1511 1723 eis
1529 1668 1559 1723 in
1576 1669 1622 1724 die
1639 1669 1688 1723 ilia
1699 1669 1779 1741 quasi

138 1757 300 1828 oppriment
323 1773 371 1811 eos
386 1756 539 1828 palpabiles
553 1756 683 1816 tenebra.
704 1757 777 1811 sicut
796 1756 937 1828 quondam
979 1752 1077 1818 David,
1094 1759 1123 1807 et
1134 1754 1235 1808 domus
1260 1756 1347 1809 David
1371 1756 1452 1826 quasi
1478 1756 1539 1824 Dei,
1565 1757 1639 1812 sicut
1662 1758 1779 1828 angelus

137 1846 301 1918 AEgyptum.
320 1847 410 1917 Super
421 1846 537 1900 domum
561 1851 657 1900 autom
676 1846 758 1909 luda,
775 1845 856 1900 idest
871 1861 937 1899 con·
979 1841 1089 1895 Domini
1101 1841 1131 1896 iu
1144 1848 1295 1914 conspectu
1309 1845 1371 1914 ejus
1386 1842 1518 1917 [eorumJ.
1538 1846 1593 1900 »In
1605 1845 1777 1918 illo(inquit)

138 1936 250 1990 silentes
263 1933 424 1998 Dominum,
441 1934 551 2005 aperiet
562 1934 698 1988 Dominus
708 1935 803 1988 oculos
812 1950 888 1997 suos,
908 1934 937 1988 id
978 1934 1188 2001 temperatum
1200 1932 1481 1988 Dominoauxiliante
1493 1933 1722 1988 ludevictoriam
1733 1933 1780 1990 ob·

138 2031 181 2079 est
200 2023 379 2078 miserebitur
397 2023 436 2077 illi
451 2023 584 2077 clamanti
602 2023 637 2077 ad
654 2039 684 2077 se
701 2041 707 2076 ε
723 2022 841 2094 Respice
852 2023 881 2076 in
892 2038 936 2076 me
981 2018 1240 2091 tinuerit,proteget
1255 2020 1390 2076 Dominus
1399 2022 1573 2077 habitatores
1586 2021 1778 2090 Hierusalem,

138 2119 168 2168 et
177 2112 310 2167 miserere
321 2112 386 2167 mei.
979 2107 1026 2178 qui
1045 2107 1246 2163 obsidebantur
1258 2115 1287 2163 et
1301 2126 1341 2163 sic
1353 2110 1449 2165 ornnia
1461 2110 1647 2165 mutabuntur
1669 2110 1699 2166 iu
1722 2126 1780 2165 me

178 2224 187 2250 ι
199 2201 335 2255 Etdiceat
346 2201 452 2255 dueesl
455 2200 510 2255 uda
521 2200 549 2253 in
560 2200 644 2254 corde
654 2215 705 2254 suo
717 2217 723 2252 ι
738 2199 938 2254 confortentur
978 2195 1043 2259 lius,
1060 2203 1092 2250 ut
1106 2196 1154 2267 qui
1168 2198 1315 2252 ollendarit
1330 2215 1362 2252 ex
1378 2199 1417 2254 eis
1432 2200 1532 2265 Deum,
1541 2205 1570 2254 et
1579 2200 1781 2271 putaturvilis·

138 2289 208 2344 mihi
223 2288 396 2344 habitatores
407 2288 583 2343 Hierusalem
595 2289 623 2342 in
638 2288 757 2342 Domino
765 2288 938 2342 exercituum
979 2284 1077 2349 simus,
1092 2285 1130 2339 sit
1139 2286 1218 2357 quasi
1233 2286 1331 2346 David,
1342 2287 1370 2341 id
1381 2293 1425 2342 est
1434 2288 1514 2359 quasi
1528 2288 1636 2343 familie
1650 2288 1741 2360 regia,
1751 2292 1782 2344 et

139 2378 197 2432 Deo
207 2394 305 2433 eorum
322 2379 408 2432 »Cum
426 2376 539 2449 (inquit)
556 2376 699 2448 aperuerit
708 2376 845 2430 Dominus
854 2391 940 2447 super
980 2374 1028 2445 qui
1043 2373 1174 2429 dedomo
1190 2380 1234 2429 est
1253 2375 1341 2447 regia,
1366 2376 1405 2431 sit
1418 2377 1499 2447 quasi
1520 2376 1654 2432 dedomo
1670 2377 1733 2446 Dei,
1749 2376 1778 2432 id

138 2469 153 2523 J
157 2467 240 2523 udam
258 2468 354 2522 oculos
366 2483 442 2530 suos,
456 2471 485 2520 et
497 2465 631 2519 misertus
649 2464 735 2520 luerit
749 2481 856 2531 eorum,
871 2471 940 2520 tune
981 2468 1024 2517 est
1038 2463 1111 2517 sicut
1123 2463 1239 2518 nuntius
1250 2464 1362 2519 Domini
1368 2464 1395 2518 in
1402 2470 1552 2536 conspectu
1564 2482 1661 2521 eorum
1675 2465 1781 2538 quieos

140 2555 224 2611 duces
234 2557 248 2610 J
252 2556 307 2610 uda
316 2555 362 2627 qui
372 2554 640 2609 erantinobsidione
648 2554 938 2619 contraHierusalem,
981 2551 1029 2605 illo
1043 2556 1170 2623 tempore
1185 2552 1327 2607 videbunt.
1338 2554 1439 2608 ditiori
1453 2570 1548 2621 sensu,
1565 2571 1630 2609 cum
1643 2554 1780 2610 Dominus

142 2645 232 2699 coacti
242 2644 277 2699 ab
291 2643 540 2707 liostibus,lacient
555 2650 623 2714 rota¹
632 2644 661 2697 in
674 2643 813 2710 cordibus,
828 2644 942 2714 quialo·
982 2640 1132 2696 Ecclesiam
1145 2656 1224 2694 suam
1235 2641 1270 2696 de
1280 2649 1493 2712 persecutorum
1504 2643 1634 2698 menibus
1644 2643 1782 2699 liberare·

141 2734 189 2806 qui
205 2733 291 2788 libere
305 2750 362 2788 non
372 2732 654 2804 audebunt,utsuper
666 2731 937 2802 Hierusalem,quem
978 2729 1026 2791 rit,
1043 2729 1071 2783 hi
1086 2729 1134 2799 qui
1150 2729 1178 2783 in
1200 2730 1393 2801 persecutione
1413 2737 1574 2786 constantes
1597 2733 1778 2799 exstiterunt,

140 2821 938 2893 obsident,etipseludasvincatcumcivibussuis.Tro·
978 2822 1037 2870 tam
1062 2818 1177 2887 gloriosi
1207 2819 1281 2890 apud
1306 2836 1404 2874 omncs
1427 2828 1521 2888 erunt,
1536 2821 1628 2892 utqui
1645 2820 1782 2877 minimus

139 2911 264 2983 pologice
279 2911 363 2965 duces
383 2911 455 2965 Juda
472 2917 539 2965 sunt
553 2910 683 2982 apostoli,
706 2910 759 2963 riri
779 2908 935 2980 apostolici,
979 2905 1073 2971 suerit,
1089 2912 1118 2959 et
1131 2906 1204 2961 sicut
1217 2907 1301 2961 homo
1314 2908 1361 2978 qui
1376 2909 1460 2963 verbo
1479 2911 1523 2964 rel
1538 2910 1610 2964 facto
1630 2910 1722 2964 Deum
1737 2909 1781 2965 oi·

138 2998 289 3068 caeterique
305 2999 442 3063 doctores,
452 2999 499 3068 qui
510 3005 634 3070 presunt
644 2998 809 3053 exercitibus
819 2998 933 3053 Christi.
978 2992 1108 3058 fenderih
1126 2994 1164 3049 sit
1178 2994 1206 3048 in
1220 2996 1319 3051 ordine
1331 2998 1530 3069 magistrorum
1547 3021 1553 3053 :
1570 2997 1699 3068 magistri
1714 3012 1781 3052 vero

139 3087 175 3141 Hi
186 3086 399 3141 nolunthabere
411 3086 682 3147 aliosauxiliatores,
692 3087 747 3141 nisi
763 3086 936 3141 habitatores
977 3081 1034 3134 sint
1051 3083 1130 3152 quasi
1146 3083 1246 3138 d⁰mus
1262 3085 1322 3148 Dei,
1340 3086 1452 3141 tisicut
1465 3086 1582 3156 angelus
1595 3086 1782 3141 tran-asom&

138 3175 325 3240 Hierusalem,
343 3173 370 3228 id
387 3179 430 3229 est
444 3175 614 3229 orthodoxos
633 3179 663 3229 et
682 3174 834 3229 catholicos
851 3175 935 3241 viros,
977 3175 1024 3224 tus
1038 3170 1068 3224 in
1083 3172 1271 3242 evangelicam
1281 3173 1460 3244 dignitatem.

138 3267 352 3334 eosqueoptant
371 3262 524 3317 confortari
548 3262 578 3316 in
595 3262 714 3316 Domino
735 3262 793 3316 Deo
818 3279 879 3317 suo.
896 3262 937 3318 De
1016 3276 1028 3310 t
1045 3259 1080 3313 Et
1096 3260 1160 3326 erit,
1176 3260 1205 3314 in
1226 3261 1272 3316 die
1295 3262 1345 3316 illa
1362 3279 1488 3334 quaeram
1514 3269 1660 3318 conterere
1680 3278 1782 3318 omnes

137 3351 181 3406 his
195 3351 313 3406 ducibus
328 3368 401 3407 unus
419 3352 473 3406 fuit
492 3351 601 3415 Petrus,
619 3351 667 3421 qui
692 3350 798 3404 invenit
812 3351 936 3405 Marcum
977 3355 1086 3417 gentes,
1103 3365 1166 3418 quae
1182 3350 1298 3405 veniunt
1324 3357 1422 3406 contra
1447 3350 1636 3407 Hierusalem.
1660 3371 1674 3405 a
1696 3352 1781 3416 Quod

138 3440 325 3496 habitatorem
337 3440 529 3495 Hierusalem:
543 3440 646 3494 Paulus
656 3455 768 3509 quoque
778 3443 808 3492 et
817 3438 938 3509 ipsedux
979 3435 1056 3499 dirit,
1072 3452 1197 3506 qnaerere
1210 3453 1240 3491 se
1251 3446 1397 3494 conterere
1403 3456 1501 3494 omnes
1510 3445 1619 3510 gentes,
1631 3440 1660 3495 in
1674 3439 1781 3495 bonam

138 3529 270 3600 egregius
284 3528 383 3584 habuit
396 3529 584 3584 Timotheum.
604 3528 709 3594 Titum,
724 3526 842 3595 Lucam,
857 3545 937 3582 veros
979 3529 1089 3593 partem
1105 3524 1298 3595 accipiendum
1319 3533 1370 3581 est.
1392 3528 1520 3582 Conterit
1540 3528 1616 3583 enim
1641 3527 1782 3584 Dominus

138 3619 382 3690 llierosolymitas,
396 3624 497 3673 etcum
508 3617 548 3672 eis
557 3615 800 3671 orbemterrarum
811 3615 938 3670 subdidit
978 3628 1035 3666 non
1050 3613 1085 3666 ad
1096 3613 1345 3684 perditionem,sed
1356 3617 1392 3670 ad
1402 3617 1640 3684 emendationem,
1657 3623 1691 3673 ut
1704 3617 1781 3673 desi·

139 3707 261 3762 christo,
978 3707 1055 3754 stant
1069 3701 1198 3772 persequi
1207 3702 1428 3770 Hierusalem,et
1438 3720 1471 3758 ex
1480 3704 1608 3760 hostibus
1618 3705 1782 3761 efficiantur

176 3797 237 3851 «ln
252 3795 297 3850 die
321 3794 370 3848 illo
394 3810 497 3865 ponam
518 3794 602 3848 duces
621 3793 694 3848 Juda
708 3793 782 3848 sicut
795 3793 938 3848 caminum
979 3807 1055 3845 oves.

140 3882 214 3954 ignis
227 3883 257 3937 in
272 3882 366 3954 lignis,
383 3888 412 3937 et
425 3882 597 3937 sicutlacem
610 3881 683 3953 ignis
698 3882 727 3936 in
742 3882 938 3947 iano,etdero·
1017 3898 1030 3933 u
1053 3880 1088 3934 Et
1112 3880 1254 3935 ellundam
1275 3898 1360 3952 super
1383 3882 1499 3938 domum
1522 3882 1620 3949 David,
1647 3890 1677 3940 et
1694 3901 1782 3959 super

139 3971 242 4028 rahunt
256 3971 292 4027 ad
310 3971 455 4026 dexteram
465 3976 494 4026 et
507 3971 543 4026 ad
558 3971 702 4026 sinistram
713 3987 810 4025 omnes
820 3970 938 4042 populos
981 3966 1337 4025 habitatoresHierusalem
1345 3971 1476 4042 spiritum
1485 3973 1584 4044 gmtiae
1594 3979 1623 4028 et
1630 3990 1777 4045 precum.»

138 4060 168 4115 in
182 4060 311 4125 circuitu,
335 4066 362 4115 et
385 4059 559 4115 habitabitur
579 4059 758 4141 Hierusalem
780 4075 893 4113 rursum
909 4058 939 4112 in
981 4054 1034 4110 Per
1048 4057 1192 4111 effusionis
1205 4058 1366 4128 largitatem
1380 4060 1474 4116 dantis
1489 4062 1692 4135 ostendit,quia
1704 4063 1781 4121 Deus

139 4150 200 4204 loeo
209 4166 260 4204 suo
275 4149 304 4202 in
318 4148 505 4213 Hierusalem,
521 4154 550 4202 et
563 4147 683 4202 salvabit
694 4146 831 4201 Dominus
844 4145 938 4201 taber·
978 4145 1101 4214 gratiam
1112 4146 1232 4216 Spiritus
1244 4148 1334 4201 sancti
1350 4148 1496 4216 tribuit,de
1505 4167 1561 4221 qua
1571 4151 1676 4207 Paulus
1690 4151 1777 4208 dicit:

138 4238 240 4292 nacula
259 4235 344 4301 duda,
360 4236 433 4291 sicut
452 4236 481 4289 in
495 4235 643 4306 principio,
660 4241 693 4289 ut
716 4251 772 4289 non
790 4235 937 4304 magnifice
982 4233 1135 4288 tCharitas
1154 4234 1205 4288 Dei
1223 4235 1325 4290 diffusa
1338 4243 1382 4291 est
1395 4237 1424 4292 in
1439 4238 1569 4294 cordibus
1583 4240 1696 4295 nostris.
1715 4262 1729 4293 a
1746 4242 1782 4297 Et

139 4325 277 4397 glorietur
291 4323 499 4387 domusDavid,
516 4327 545 4377 et
564 4323 656 4393 gloria
670 4322 857 4377 habitantium
871 4316 970 4377 Hie-D
979 4338 1030 4391 per
1044 4321 1131 4376 alium
1146 4322 1314 4393 prophetam
1329 4324 1432 4379 dicitur
1448 4344 1454 4379 ε
1473 4348 1485 4378 ι
1501 4327 1651 4382 Effundam
1668 4327 1705 4382 de
1720 4329 1782 4401 Spi-

138 4410 939 4482 rusalemcontraludanr.oCum,inquit,ducesiaJuda,
982 4410 1037 4465 ritu
1061 4427 1123 4465 meo
1144 4426 1230 4482 super
1250 4428 1363 4467 omnem
1378 4430 1532 4469 carnem.»
1562 4416 1596 4471 Et
1619 4415 1699 4481 bene,
1714 4433 1781 4473 cum

140 4502 188 4575 qui
202 4500 368 4556 necessitate
382 4516 445 4554 cum
460 4497 587 4554 hostibus
602 4505 791 4553 erantcontra
806 4499 941 4554 Hierusa·
981 4498 1097 4552 dixisset
1121 4517 1134 4549 a
1156 4498 1287 4570 spiritum
1305 4501 1415 4570 gratiae,
1439 4502 1576 4558 »addidit
1592 4525 1604 4557 r
1620 4522 1748 4576 precum,
1763 4525 1780 4560 a

141 4591 208 4655 lem,
224 4591 283 4645 haec
297 4595 362 4644 vota
376 4588 515 4655 fecerunt,
528 4593 596 4642 tunc
613 4604 665 4657 ego
680 4587 816 4641 Dominus
830 4593 939 4642 tantam
981 4586 1048 4657 quia
1064 4602 1133 4658 quos
1146 4587 1266 4658 Spiritus
1280 4594 1393 4644 sanctus
1407 4591 1621 4662 repleverit,eos
1636 4594 1734 4648 statim
1744 4592 1782 4649 ad

140 4680 181 4735 eis
195 4679 268 4735 dabo
282 4678 487 4743 fortitudinem,
501 4682 533 4732 ut
547 4675 626 4747 quasi
642 4674 716 4746 ignis
728 4674 814 4745 ligna,
826 4680 855 4730 et
868 4676 941 4731 sicut
982 4675 1371 4732 adorandumaceenditHaec
1383 4679 1446 4733 etin
1455 4680 1562 4735 Christi
1571 4682 1781 4738 resurrectione

141 4769 185 4823 sax
199 4768 305 4834 lenum,
326 4768 365 4823 sic
384 4767 518 4822 devorent
541 4781 639 4819 ornnes
658 4762 832 4818 adversarios
848 4764 939 4819 incir-
980 4764 1097 4835 impleta
1117 4770 1193 4829 sunt,
1224 4771 1253 4820 et
1279 4767 1405 4837 quotidie
1428 4768 1582 4840 implentur
1596 4771 1625 4825 in
1639 4768 1779 4827 Ecclesia

139 4857 228 4923 cuitu,
244 4863 277 4912 ut
286 4862 398 4928 peracta
413 4855 529 4910 victoria
540 4852 684 4908 habitetur
694 4868 792 4907 rursus
807 4853 940 4908 Hierusa-
982 4870 995 4905 c
1012 4854 1047 4907 Et
1060 4853 1196 4925 aspicient
1209 4854 1245 4908 ad
1261 4870 1315 4915 me,
1332 4872 1414 4927 quem
1435 4858 1620 4924 confixerunt,
1645 4865 1675 4913 et
1696 4860 1782 4932 plan-

140 4945 206 5008 lem,
220 4951 249 4999 et
270 4945 465 4999 instaurentur
477 4942 660 4997 tabernacula
677 4940 758 5005 Juda,
775 4940 803 4996 id
823 4947 866 4996 est
877 4959 940 4997 cas·
979 4946 1049 5011 gent
1062 4958 1126 4996 eum
1141 4942 1255 5012 planctu
1270 4943 1350 5013 quasi
1365 4960 1451 5015 super
1461 4946 1648 5016 unigenitum,
1657 4951 1686 5002 et
1700 4949 1783 5004 dole·

141 5032 217 5097 tella,
233 5031 284 5086 vici
297 5038 327 5086 et
341 5031 444 5102 oppida
455 5047 517 5102 quea
531 5036 640 5085 vastata
654 5029 777 5096 fuerant,
796 5035 828 5084 ut
840 5030 941 5085 domus
980 5029 1052 5084 bunt
1062 5046 1147 5102 super
1161 5047 1236 5095 eum,
1253 5036 1286 5085 ut
1313 5032 1401 5087 doleri
1422 5034 1495 5088 solet
1513 5034 1541 5088 in
1563 5040 1654 5091 morte
1675 5036 1783 5107 primo-

141 5119 265 5182 Judatid
293 5124 336 5173 est
354 5118 461 5172 familie
486 5118 572 5188 regia.
597 5136 658 5190 qua
678 5118 712 5172 de
728 5118 940 5173 Daviddesoen-
979 5117 1078 5188 geniti.
1096 5137 1109 5171 a
1126 5117 1706 5194 IntrodueitprophetaipsumDeiFilium
1717 5142 1782 5181 ma·

142 5209 223 5275 dunt)
235 5214 264 5262 et
276 5207 373 5278 inclyti
387 5223 419 5260 ae
433 5212 561 5277 potentes
575 5207 610 5260 de
625 5207 802 5262 Hierusalem
817 5223 873 5261 non
881 5208 941 5278 glo-
981 5205 1162 5261 nifestissime
1176 5208 1211 5262 de
1225 5225 1254 5263 se
1269 5208 1458 5279 loquentem:
1486 5212 1659 5283 inspicient
1672 5213 1707 5267 ad
1734 5230 1782 5271 me

142 5296 355 5351 rianturcontra
367 5295 478 5358 ludam,
496 5299 631 5366 tanquam
647 5312 697 5350 suo
713 5295 940 5367 imperioetcon·
982 5311 1064 5365 quem
1080 5298 1264 5351 confixerunt.
1291 5317 1304 5349 s
1321 5298 1381 5352 lloc
1393 5303 1488 5353 autem
1503 5305 1531 5354 et
1547 5302 1583 5355 ad
1595 5306 1708 5371 tempus
1723 5302 1782 5358 Do·

141 5385 213 5440 siliis
222 5384 398 5455 regatur,sed
414 5383 505 5438 sciant
514 5384 580 5454 quia
596 5384 732 5440 Dominus
742 5384 779 5438 sit
789 5400 835 5439 rex
841 5401 938 5439 eorum
981 5382 1089 5438 minicae
1100 5385 1281 5456 passionis,et
1292 5385 1327 5439 ad
1340 5386 1414 5441 diem
1420 5388 1565 5443 novissimi
1576 5388 1676 5459 judieii
1684 5395 1784 5461 potest

141 5472 362 5548 atquerictoria.
378 5472 462 5529 Juxta
475 5471 650 5544 allegoriam,
665 5490 729 5528 cum
740 5471 879 5530 Dominus
892 5473 941 5549 de·
980 5472 1089 5529 referri.
1101 5473 1221 5529 Domino
1233 5474 1309 5530 enim
1319 5473 1348 5530 in
1360 5492 1442 5533 cruce
1455 5477 1557 5550 posito,
1572 5477 1643 5535 nulli
1657 5478 1783 5540 dubium
