3840 6098
145 269 198 330 319
353 279 542 339 llAYMONlS
561 284 805 343 antoniaster.
828 282 941 342 belse.
963 283 1043 343 OPP.
1065 284 1167 341 PARS.
1188 285 1210 340 l.
1231 314 1260 325 -
1279 282 1464 339 ΟΟΜΜΕΝΤ.
1484 282 1575 340 nint.
1726 279 1781 339 3‘2b

144 417 206 472 quae
221 402 305 458 etiam
321 406 426 478 seipsas
440 426 491 480 per
503 416 664 464 sanctarum
676 412 834 468 orationum
849 413 1096 485 studiaAMaligni
1112 413 1185 469 enim
1209 407 1324 484 spiritus
1345 411 1440 465 leones
1452 415 1586 463 vocamur
1597 413 1713 481 propter
1730 424 1781 464 su·
1802 390 1807 397 ⁵

140 502 252 560 gratum
270 496 326 549 Deo
340 496 506 551 sacrificium
522 498 639 553 iaciunt.
981 504 1116 575 perbiam,
1139 502 1218 573 pardi
1234 506 1347 572 propter
1360 498 1544 562 ferocitatem,
1559 497 1601 552 vel
1616 497 1702 553 etiam
1716 513 1781 569 pro·

176 578 247 636 Tota
263 583 377 654 pnlclira
388 603 426 644 os,
442 588 531 642 antica
544 606 615 651 men,
627 597 655 643 et
671 591 779 646 macula
793 610 849 648 non
861 603 900 648 cst
912 595 939 649 in
981 599 1043 664 pter
1055 592 1131 653 atille
1147 601 1223 645 artes
1238 589 1354 644 nocendi
1368 588 1433 659 qnia
1444 587 1664 659 pardusrarium
1673 586 1780 641 animal

143 673 180 723 te.
200 690 210 720 i
228 671 286 725 Vox
300 674 393 744 sponsi
402 675 436 728 ad
452 676 569 730 amicam
586 695 664 733 suant
681 697 822 750 sponsam.
841 685 941 738 «Tota
981 683 1075 736 estDe
1085 681 1207 751 biserga
1218 677 1359 733 montibus
1375 684 1526 730 coronatur
1544 675 1674 737 Ecclesia,
1691 690 1781 746 quan·

141 759 297 827 pulchraes
327 783 338 812 i
357 762 438 817 Omni
450 764 567 835 (inquit)
581 775 703 837 exparte
717 771 822 824 nullam
839 774 939 844 recipis
980 772 1015 824 du
1030 770 1169 842 principes
1188 768 1281 824 seculi
1299 767 1333 822 ad
1350 766 1431 820 iidem
1448 765 1550 818 (bristi
1565 771 1779 828 convertuntur,

142 847 279 901 maculam
298 865 388 921 neque
404 866 512 922 rugam.
528 855 589 909 Non
605 857 679 910 enim
692 859 742 911 soli
759 860 886 915 doctores
898 862 938 916 rel
980 868 1009 914 et
1022 877 1077 914 non
1090 859 1180 914 solum
1193 853 1517 929 proptersuasriitutes,
1532 853 1675 907 sedetiam
1694 869 1780 924 prop-

98 949 105 962 ·
141 934 255 1004 perfecti
277 939 380 1009 quique
404 941 512 1011 pulcbri
534 953 599 998 sunt
619 951 685 1000 ante
700 948 794 1002 oculos
814 951 873 1012 Dei,
891 950 939 1020 qui
980 962 1024 1002 ter
1037 947 1134 1002 talium
1149 946 1386 1001 conversationem
1404 949 1432 997 et
1445 943 1563 995 salutem
1579 951 1781 997 remuneratur

139 1038 251 1078 summa
263 1027 379 1082 scientia
393 1035 419 1082 et
433 1033 669 1101 contemplatione
682 1038 871 1105 praeminent,
890 1038 936 1091 scd
980 1036 1211 1089 Ecclesiapotest
1221 1034 1309 1087 ethoc
1319 1032 1347 1085 in
1359 1031 1489 1102 praesenti
1499 1029 1587 1099 accipi
1602 1029 1692 1083 :Nam
1701 1044 1781 1083 coro-

139 1112 223 1165 etiam
239 1115 380 1185 simplices
394 1119 497 1188 quique
512 1121 671 1191 fidelesqui
690 1131 765 1183 recta
782 1125 835 1179 lide
852 1127 938 1181 etbo·
980 1133 1064 1178 natur
1074 1123 1194 1179 Ecclesia
1214 1122 1249 1176 de
1264 1121 1365 1175 vertice
1380 1121 1479 1173 horum
1496 1119 1645 1184 montium,
1663 1117 1779 1187 quando

138 1200 182 1253 nis
196 1202 326 1272 operibus
337 1216 517 1271 exornantur,
531 1211 638 1280 pulchri
651 1213 676 1266 iu
689 1215 777 1268 oculis
787 1218 881 1285 spousi
891 1218 935 1271 lia·
977 1213 1110 1283 subjectis
1122 1210 1294 1284 principibus
1309 1209 1450 1263 catholicae
1466 1206 1540 1263 fidei.
1564 1205 1697 1268 Fcclcsia,
1715 1222 1780 1276 que

137 1286 322 1346 buntur·.Nam
332 1303 363 1347 ut
375 1296 521 1351 Psalmista
532 1298 609 1356 dicit.
625 1323 635 1348 ι
653 1301 794 1357 benedixit
806 1305 936 1360 omnibns
977 1302 1412 1373 anteapremebatur,coronatur
1422 1303 1449 1350 ct
1458 1294 1635 1367 gloriaturin
1651 1296 1778 1362 Christo,

138 1378 185 1447 qui
197 1379 298 1434 timent
314 1383 460 1438 Dominum
477 1388 585 1455 pusillis
600 1407 662 1444 cum
676 1393 838 1462 majoribus:
851 1417 861 1445 i
874 1395 936 1449 ideo
978 1391 1051 1445 sicut
1065 1392 1168 1445 lactum
1187 1396 1228 1444 est
1248 1396 1375 1459 tempore
1391 1385 1577 1447 Constantini,
1595 1383 1708 1455 quando
1730 1382 1779 1437 illo

138 1465 208 1519 dicit
226 1485 230 1518 :
249 1486 261 1519 a
278 1470 347 1524 Tota
364 1473 476 1541 pulchra
490 1494 529 1539 es,
548 1495 627 1532 »non
641 1498 705 1551 pars
720 1489 778 1536 tua.
798 1484 855 1538 Hoc
874 1484 935 1538 idco
977 1495 1109 1533 converso
1135 1477 1299 1532 mirabiliter
1312 1475 1469 1546 glorificata
1483 1480 1525 1527 est
1539 1470 1670 1526 Ecclesia.
1693 1470 1780 1523 Coro-

138 1553 267 1622 dicimus,
284 1574 337 1612 non
348 1562 420 1629 qnod
431 1564 533 1635 aliquis
544 1567 571 1620 in
582 1571 711 1638 prasenti
727 1572 783 1626 rita
798 1573 858 1627 sine
872 1590 938 1645 pec·
978 1576 1063 1621 natur
1075 1575 1103 1620 et
1116 1567 1151 1620 de
1165 1565 1304 1620 cubilibus
1316 1564 1439 1624 l⁰⁰¹¹uffl÷
1461 1569 1489 1616 θῑ
1513 1559 1655 1614 m⁰¹¹fib¹¹⁵
1673 1557 1779 1628 llam·

139 1649 202 1697 cato
216 1661 277 1699 esse
291 1648 387 1718 possit,
397 1669 459 1706 rum
469 1655 603 1726 scriptum
615 1659 667 1713 sit:
682 1680 693 1710 ι
707 1661 938 1735 Nemoestsuper
979 1674 1050 1719 rum,
1071 1656 1183 1725 quando
1198 1653 1332 1725 superbos
1343 1658 1370 1706 et
1384 1665 1602 1723 quosquesaevos
1617 1665 1649 1702 ac
1664 1646 1779 1700 dolosos

138 1737 243 1787 tetram
266 1736 325 1791 sine
347 1749 469 1810 peccato,
491 1761 542 1798 nec
561 1745 654 1802 infans
669 1750 752 1804 unius
766 1751 836 1810 (Ῑῑρῑι,
854 1772 864 1801 ,
887 1752 935 1806 sed
948 1736 1124 1808 Bconvertit,
1142 1749 1170 1798 et
1186 1761 1235 1814 pro
1250 1744 1361 1796 illorum
1376 1757 1488 1812 quoque
1501 1736 1683 1793 conversione
1697 1741 1779 1790 aeter·

137 1819 270 1893 ideoquia
281 1827 349 1883 sides
359 1833 481 1901 perlecta
489 1841 516 1890 et
523 1836 811 1895 coelestedesiderium
823 1858 934 1896 omnem
977 1852 1012 1889 1¹²¹
1023 1835 1138 1906 Ptaetuia
1152 1834 1260 1904 recipit·

138 1909 276 1986 abstergit
300 1920 437 1976 maculam
462 1924 571 1980 levioris
594 1929 698 1998 peccati
714 1947 718 1981 :
737 1930 881 1983 nonenim
901 1930 936 1984 de
1014 1944 1025 1973 ¹
1041 1923 1199 1977 Vuluet'asti
1214 1939 1262 1976 cer
1276 1936 1464 1975 meumAEOPOr
1474 1935 1536 1972 mea
1546 1933 1657 1989 8901188,
1677 1913 1777 1967 vulne·

138 2005 269 2077 gravibus
286 2025 358 2065 nunc
373 2012 444 2066 ratio
460 2022 512 2077 est,
529 2032 589 2086 que
605 2017 651 2087 qui
672 2018 862 2083 committunt,
875 2020 934 2088 J'am
977 2015 1044 2069 rasti
1055 2029 1242 2068 cormeum.»
1260 2012 1395 2082 Sponsam
1411 2017 1440 2063 et
1453 2024 1577 2063 sororem
1595 2022 1687 2060 suam.
1709 2018 1778 2057 san·

138 2112 240 2167 sponsa
255 2100 357 2154 Christi
374 2118 428 2155 nnn
441 2111 517 2168 sunt,
535 2121 585 2158 nec
596 2105 680 2159 ullam
697 2106 801 2160 habent
816 2108 935 2178 particu-
976 2111 1048 2158 ctam
1064 2104 1132 2158 dicit
1147 2102 1304 2161 Ecclesium,
1327 2118 1388 2170 que
1403 2106 1431 2153 et
1444 2114 1546 2170 sponsa
1561 2103 1611 2158 est,
1634 2095 1701 2166 quia
1711 2107 1777 2148 carn

138 2185 194 2238 lam
221 2186 305 2256 liujus
330 2198 432 2244 sanctae
456 2193 682 2261 pulchritudinis.
711 2197 780 2249 Hinc
803 2197 933 2266 estquod
976 2182 1777 2265 sibiChristusincarnatusdespondit.eantqueemunda·

138 2275 259 2328 loannes
273 2275 341 2331 dicit
357 2297 362 2330 :
378 2279 431 2343 Qui
446 2288 616 2335 natusestex
633 2283 699 2343 Deo,
712 2300 768 2337 non
781 2291 937 2354 peccatsu-
975 2288 1032 2335 tam
1047 2280 1175 2334 sordibus
1188 2288 1376 2351 peccatorum,
1395 2278 1460 2331 dote
1479 2276 1600 2346 Spiritus
1615 2272 1706 2326 sancti
1722 2268 1777 2324 sibi

138 2362 238 2417 bandis
252 2371 365 2435 peccato
379 2368 413 2420 ad
430 2376 558 2432 mortem,
584 2387 639 2424 non
655 2374 728 2444 quod
749 2374 801 2427 leri
821 2383 935 2444 peccato
976 2371 1218 2441 conjunxitSoror
1228 2385 1292 2422 vero
1307 2374 1359 2430 est,
1368 2367 1435 2438 quia
1449 2372 1563 2437 propter
1573 2379 1634 2417 earn
1646 2361 1777 2415 incarna-

139 2452 201 2523 quis
227 2460 330 2516 careat,
356 2455 416 2509 sirie
443 2474 497 2528 qno
520 2459 576 2513 rita
592 2460 644 2515 ista
659 2478 713 2516 non
728 2463 849 2518 ducitur.
866 2464 936 2519 Tota
977 2467 1033 2519 tus,
1051 2462 1137 2512 trater
1152 2459 1213 2528 ejus
1225 2458 1284 2512 lieri
1295 2457 1426 2527 dignatus
1440 2461 1492 2511 est.
1507 2454 1580 2508 sicut
1592 2464 1743 2520 resurgens
1758 2464 1777 2502 a

138 2554 204 2610 ergo
216 2542 330 2611 pulchra
343 2550 386 2598 est
400 2544 533 2609 Ecclesia,
547 2549 575 2601 in
589 2558 725 2619 quantum
738 2569 767 2605 se
782 2559 886 2606 castam
907 2559 936 2607 et
979 2548 1097 2602 inortuis
1112 2546 1183 2600 dixit
1198 2545 1381 2600 mulieribus:
1400 2562 1412 2594 a
1434 2544 1485 2603 lte,
1501 2541 1628 2595 nuntiate
1638 2536 1777 2591 fratribus

137 2626 292 2683 immunem
307 2632 342 2686 ab
356 2634 433 2688 omni
454 2644 564 2706 peccato
580 2639 710 2691 custodit.
726 2640 755 2693 Si
766 2640 877 2711 quando
888 2656 936 2694 au·
979 2635 1056 2688 meis.
1077 2657 1087 2684 ι
1106 2636 1176 2688 Cum
1192 2651 1259 2704 ergo
1274 2633 1341 2687 dicit
1356 2632 1532 2686 vulneratum
1552 2645 1582 2681 se
1596 2643 1644 2680 cor
1659 2625 1776 2685 habere,

139 2722 195 2770 tem
223 2718 276 2773 levi
297 2729 409 2789 peccato
424 2723 557 2791 fuscatur,
574 2726 629 2780 cita
647 2728 819 2797 penitudine
834 2737 863 2781 et
881 2728 936 2783 side
978 2724 1200 2794 magnitudinem
1215 2724 1319 2777 ataoris
1332 2723 1477 2792 expressit,
1492 2735 1546 2790 quo
1557 2724 1682 2771 sanctam
1693 2728 1778 2768 suam

137 2814 215 2861 recta
229 2809 263 2862 ad
283 2811 395 2867 celeste
417 2812 587 2869 desiderium
603 2815 632 2870 in
647 2832 681 2871 ca
702 2818 793 2889 prisca
812 2818 936 2889 pulchri·
976 2813 1070 2882 diligit
1084 2812 1247 2867 Ecclosiam.
1259 2812 1390 2865 difirmat
1402 2815 1496 2864 autem
1512 2807 1564 2861 hoc
1576 2807 1682 2860 iterans
1695 2810 1724 2856 et
1735 2802 1779 2856 in·

138 2895 207 2949 tudo
227 2906 382 2968 reparatur.
977 2903 1098 2965 culcans,
1118 2923 1129 2953 t
1147 2902 1307 2956 Vulnerasti
1323 2916 1370 2953 cor
1384 2916 1486 2955 meum.
1497 2919 1508 2944 ι
1519 2895 1609 2951 uttali
1625 2892 1779 2947 iteratione

175 3003 188 3036 ι
204 2985 272 3038 Veni
293 2987 327 3041 de
349 2989 463 3056 Libano,
480 3010 582 3064 sponsa
598 3012 670 3062 mea,
691 2997 752 3050 veni
767 2997 802 3050 de
816 2996 933 3059 Libano,
976 2998 1111 3062 quantum
1129 2990 1278 3045 Ecclesiam
1292 3005 1370 3043 suani
1386 2984 1630 3057 diligitpstsndat.
1647 2982 1709 3045 Qua
1723 2996 1779 3034 nu·

140 3074 238 3126 venia
261 3074 383 3131 Libanus
403 3097 482 3134 mons
500 3089 543 3136 est
562 3085 706 3139 l’boenicis.
730 3056 1032 3156 Interpretaturfltnn
1049 3098 1079 3134 re
1092 3081 1266 3134 vulneratum
1290 3079 1336 3142 sit·
1361 3075 1556 3146 subjungendi)
1575 3074 1776 3127 d0¹¹³⁰¹¹³l¹i²t²

138 3167 233 3216 autem
245 3180 278 3217 ex
289 3165 404 3222 Hebraeo
415 3169 554 3225 dealbatio
566 3174 824 3236 velcandidatio,ex
839 3174 935 3229 Graeco
978 3187 992 3221 a
1004 3168 1035 3223 ln
1048 3186 1104 3223 uno
1115 3170 1388 3224 oculorumtuorum.
1397 3167 1458 3220 etin
1468 3181 1524 3219 uno
1532 3163 1609 3217 crine
1616 3160 1679 3215 colli
1693 3158 1746 3211 tui.
1763 3176 1777 3211 n

138 3255 232 3304 autem
244 3253 308 3307 thus
319 3255 531 3327 interpretatur.
544 3261 623 3315 Unde
634 3270 660 3315 ct
675 3280 769 3333 supra.
783 3264 827 3317 ubi
844 3264 936 3334 loqui·
978 3259 1031 3312 Per
1044 3260 1138 3312 oculos
1156 3258 1293 3318 Ecclesiae,
1310 3255 1439 3325 superius
1449 3252 1610 3322 spirituales
1621 3265 1723 3303 sensus
1735 3245 1780 3301 sel

138 3343 200 3390 tur:
214 3360 225 3391 r
244 3341 349 3397 Vadam
365 3346 399 3398 ad
413 3356 535 3403 montem
549 3350 668 3421 myrrhae
683 3360 711 3404 et
724 3351 759 3405 ad
775 3351 858 3406 colles
872 3353 937 3406 thu·
977 3348 1105 3401 doctores
1114 3355 1226 3400 sanctos
1238 3344 1414 3416 accipiendos
1429 3360 1489 3396 esse
1502 3341 1632 3395 diximus.
1651 3339 1706 3391 Per
1720 3333 1780 3389 cri·

139 3426 186 3490 ris,
206 3446 217 3478 a
240 3430 318 3484 collis
346 3432 466 3489 babetur
488 3436 595 3491 Libani.
624 3438 708 3492 Vocat
729 3455 794 3510 ergo
814 3456 936 3510 sponsus
976 3424 1780 3513 nesrero.multitudinessubjectarumplebium,‘tuibus

138 3532 267 3585 sponsam
291 3537 370 3575 snam
383 3524 559 3579 candidatam
580 3526 761 3597 baptismate,
776 3528 935 3582 dealbatam
976 3536 1072 3579 sancta
1083 3525 1231 3578 decoratur
1246 3522 1377 3577 Ecclesia.
1394 3521 1428 3574 Et
1444 3526 1486 3573 est
1502 3517 1697 3572 sensus20unx
1718 3518 1780 3567 tota

139 3605 229 3660 nitore
240 3610 365 3664 ornaiurn
377 3612 521 3680 rii-tutum,
539 3617 704 3686 flagrantem
715 3617 809 3671 studio
824 3625 935 3671 sancta·
976 3615 1015 3667 sis
1027 3613 1313 3684 pulchra,olicclosia,
1331 3618 1359 3664 et
1373 3627 1435 3664 cuni
1451 3608 1527 3661 teob
1544 3607 1631 3659 muita
1646 3604 1776 3673 diligam,

139 3711 201 3749 rum
217 3698 726 3760 orationumvocateamutveniatid
737 3715 779 3760 est
791 3715 821 3760 ut
836 3707 863 3760 in
880 3707 935 3760 tir·
977 3701 1298 3774 praecipuetamennitor
1308 3695 1780 3770 spiritualiumsensuumctdocto·

138 3784 246 3839 tutibus
260 3787 398 3857 proficiat.
424 3791 486 3844 Non
506 3791 596 3846 solum
617 3800 697 3848 vocat
712 3796 785 3848 Deus
799 3795 933 3858 animam,
976 3809 1037 3845 rum
1052 3790 1368 3845 tuorumsinceritasme
1379 3788 1509 3850 delectat,
1517 3782 1682 3854 simplicitas
1689 3776 1779 3835 etiam

138 3874 249 3943 quando
262 3891 323 3930 eam
338 3893 355 3930 a
371 3878 485 3934 vinculis
506 3882 598 3936 carnis
622 3892 735 3937 exutam
757 3885 790 3937 ad
811 3884 932 3938 coelestia
974 3880 1164 3951 subjectarum
1177 3879 1307 3949 plebium,
1322 3894 1382 3948 que
1393 3876 1471 3946 pieet
1483 3873 1603 3927 fideliter
1616 3871 1710 3925 verbis
1723 3870 1778 3924 do-

138 3965 704 4041 praamaducitsedetiamperinternam
721 3973 934 4043 inspirationem
976 3977 1084 4024 ctorum
1110 3969 1313 4038 obtemperant.
1341 3967 1416 4020 Bene
1439 3971 1533 4018 autem
1557 3977 1620 4015 cain
1645 3959 1779 4030 superius

137 4051 368 4110 utinvirtutibus
379 4060 652 4127 proficiatbortatur.
671 4062 828 4125 Quoteuiin
841 4063 867 4115 in
884 4063 937 4115 vir·
976 4058 1123 4128 pluraliter
1136 4057 1207 4110 dixit
1220 4057 1316 4109 oculos
1333 4061 1362 4107 et
1379 4053 1504 4123 capillos,
1528 4051 1573 4104 hic
1592 4049 1781 4118 singulariter

137 4140 340 4197 tutibussancti
352 4147 511 4215 proliciunt,
526 4150 605 4218 quasi
615 4155 658 4203 tot
668 4150 834 4219 passibusad
847 4150 934 4204 Deum
977 4146 1043 4199 dicit
1055 4145 1149 4199 inuno
1162 4145 1241 4198 oculo
1256 4143 1321 4196 etin
1336 4158 1392 4195 uno
1402 4142 1490 4196 crine.
1505 4146 1538 4193 ut
1551 4155 1601 4209 per
1615 4140 1665 4191 huc
1681 4137 1779 4191 unitas

137 4229 266 4294 tendunt,
281 4237 310 4285 et
321 4233 404 4286 tertio
419 4234 497 4302 dicit,
513 4256 524 4287 t
542 4237 614 4301 veni,
628 4258 640 4289 a
658 4237 790 4307 quiarult
801 4255 862 4291 eam
875 4255 935 4309 per·
976 4242 1136 4287 sanctorum
1152 4233 1297 4286 doctorum
1314 4232 1495 4302 exprimatur.
1514 4228 1613 4283 Unitas
1632 4234 1675 4280 est
1699 4225 1780 4280 onim

138 4317 239 4370 lectam
254 4335 314 4373 esse
328 4320 358 4373 in
372 4323 550 4392 cogitatione,
572 4324 712 4380 locutione
727 4330 755 4379 et
770 4343 863 4396 opere.
888 4328 935 4382 Vel
977 4322 1332 4392 calcandam-ineman
1343 4316 1660 4389 subjectisimpendunt.
1677 4334 1687 4361 τι
1697 4315 1779 4369 Unus

138 4412 217 4459 vocat
227 4423 288 4460 eam
303 4408 401 4478 primo,
419 4417 452 4464 ut
464 4411 499 4464 ad
515 4429 544 4466 se
559 4413 651 4466 veniat
667 4431 716 4484 per
731 4415 813 4468 tidem
829 4434 834 4477 ;
855 4424 936 4470 vocat
976 4412 1050 4464 enim
1064 4411 1208 4472 Dominus,
1226 4418 1257 4463 ut
1272 4409 1423 4479 Apostolus
1437 4405 1514 4463 dicit,
1532 4404 1676 4465 unasides,
1688 4419 1778 4457 tinum

137 4495 259 4549 secundo
287 4504 318 4550 ut
333 4496 447 4568 dignam
460 4501 614 4556 celestium
624 4503 800 4572 praemiorum
816 4504 936 4560 retribu·
975 4500 1124 4571 baptisma,
1144 4519 1154 4549 i
1172 4515 1280 4553 necnon
1302 4504 1330 4551 et
1344 4513 1400 4550 una
1415 4495 1524 4549 devotio
1538 4493 1731 4562 subjectorum
1746 4492 1780 4546 u-

137 4582 242 4638 tionem
251 4586 311 4654 ‚inin
321 4587 592 4660 liberataacorpore
603 4591 830 4662 accipiat;vocat
840 4594 933 4660 tertio,
976 4590 1091 4643 delium.
1110 4589 1207 4642 Potest
1232 4592 1260 4640 et
1280 4587 1331 4640 hoc
1346 4585 1418 4656 qnod
1435 4583 1511 4646 dicit,
1531 4603 1541 4633 ι
1561 4581 1714 4634 vulnerasti
1728 4596 1780 4634 cor

138 4678 169 4726 ut
190 4673 219 4728 in
234 4675 278 4729 die
293 4677 432 4745 generalis
448 4680 659 4734 resurrectionis
671 4683 729 4751 jam
745 4688 856 4752 sumpto
871 4699 933 4736 cor·
976 4678 1138 4743 incusando
1150 4677 1278 4747 passione.
1289 4675 1394 4728 Christi
1405 4673 1492 4742 accipi
1509 4689 1514 4723 :
1531 4692 1542 4721 a
1557 4670 1578 4723 V
1581 4669 1718 4724 utrierasd
1729 4684 1779 4724 cor

104 4770 106 4775 '
137 4780 213 4832 pore,
230 4765 331 4837 duplici
345 4767 417 4820 stola
433 4775 567 4839 perpetuo
577 4775 676 4824 ornata
687 4771 818 4841 gaudeat.
830 4794 840 4817 ι·
852 4772 934 4825 Coro·
976 4783 1079 4824 meum,
1092 4766 1119 4820 id
1135 4773 1178 4819 est
1192 4773 1241 4819 tuo
1255 4762 1351 4817 amore
1364 4762 1451 4817 iecisti
1468 4769 1498 4814 ut
1514 4775 1565 4829 ego
1581 4759 1699 4811 iucrnce
1716 4757 1779 4812 rul-

136 4851 249 4906 naberis
263 4854 298 4907 de
312 4855 403 4925 capite
416 4857 601 4922 Amanam,de
618 4858 718 4914 vertice
732 4859 846 4913 Saniret
863 4858 936 4913 Her·
976 4872 1100 4910 nerarer.
1113 4854 1273 4909 Notandum
1289 4870 1352 4906 vcro
1369 4851 1441 4922 quod
1457 4849 1533 4912 dicit,
1551 4868 1563 4900 a
1577 4847 1606 4901 in
1631 4863 1688 4900 unu
1699 4846 1779 4901 crine

139 4941 400 4996 mondecubtlibus
412 4945 577 5009 leonum,de
590 4947 731 5001 tuentibus
743 4948 902 5018 pardorum.
923 4973 932 4995 ι
977 4945 1041 4999 colli
1055 4945 1117 4998 tui:
1139 4966 1147 4990 ι
1167 4945 1219 4996 Per
1234 4943 1337 4996 collum
1354 4941 1429 4995 enim
1451 4939 1572 4992 diximus
1586 4936 1716 4989 doctores
1738 4936 1779 4990 si·

138 5031 248 5082 Amana
262 5031 352 5099 ipsum
367 5032 529 5087 dicuntesse
539 5042 662 5088 montem
673 5036 933 5100 Ciliciaetlmanum,
974 5033 1112 5105 gnificari,
1128 5039 1156 5086 ct
1168 5033 1252 5086 crinis
1268 5031 1394 5086 Ecclesiae
1405 5030 1475 5083 collo
1490 5027 1622 5081 adhaeret.
1630 5040 1694 5093 =quo
1710 5021 1780 5081 subc

138 5118 184 5188 qui
208 5124 236 5172 et
257 5119 366 5173 'laurus
388 5123 556 5191 appellatur.
573 5124 655 5177 Sanir
670 5141 733 5178 vero
756 5133 785 5177 et
812 5126 935 5179 llermon
973 5126 1055 5194 jecba
1071 5123 1164 5194 plebes
1178 5140 1195 5176 a
1209 5122 1313 5176 sanctis¹
1328 5118 1489 5173 doctoribus
1505 5117 1781 5169 nutriuntu1·.eteo·

139 5212 247 5261 montes
257 5207 444 5271 suntdudaeae,
454 5210 591 5281 inquibus
603 5214 696 5268 leones
707 5222 736 5268 et
745 5213 824 5285 pardi
839 5215 935 5269 ierun-
976 5230 1038 5267 rum
1054 5229 1128 5266 sane
1142 5212 1275 5266 doctrine
1288 5211 1432 5268 lulianum,
1447 5203 1645 5261 sesecundum
1663 5202 1782 5255 illorum

137 5303 184 5350 tur
196 5296 331 5350 babitare.
347 5297 398 5350 Per
408 5298 558 5354 bosautenr
569 5311 688 5362 montes,
708 5303 800 5357 saeculi
815 5309 936 5372 potesta·
976 5309 1114 5374 praecepta
1129 5301 1219 5354 rivere
1233 5305 1379 5369 satagunt.

136 5393 189 5444 tes.
205 5402 283 5456 reges
299 5385 427 5440 videlieet
441 5395 470 5441 et
490 5389 638 5460 principes,
660 5392 864 5466 intelliguntur,
887 5392 934 5462 qui
1013 5411 1024 5443 a
1042 5392 1131 5455 Quam
1153 5389 1275 5458 pulchre
1300 5399 1366 5442 sunt
1393 5401 1521 5440 mammae
1535 5389 1600 5442 tuae,
1617 5396 1700 5434 soror
1716 5396 1784 5435 mea

137 5474 222 5529 veluti
250 5482 357 5530 montes
372 5476 401 5529 in
416 5478 548 5548 snperbia
562 5481 744 5544 extolluntur,
761 5488 790 5534 et
805 5481 935 5551 malignis
975 5496 1085 5550 sponsa.
1113 5479 1198 5532 iPer
1218 5471 1625 5547 mamrnassuperiuseosdem
1647 5469 1784 5524 doctores

134 5562 278 5640 spiritibus
293 5564 373 5635 quasi
386 5565 513 5622 leonibus
527 5575 556 5621 et
566 5567 662 5638 pardis
677 5569 780 5623 cubilia
793 5569 930 5640 praebent.
974 5565 1316 5644 diximusfigurarippuiet
1324 5581 1375 5638 per
1388 5561 1695 5631 oculosdesignantur,
1713 5573 1785 5613 nam
