3818 6104
49 155 55 161 -
125 195 191 252 llll
327 192 517 251 Hermonis
538 191 783 250 uaussunsrn‘r.
804 189 921 248 unse.
941 188 1021 246 OPP.
1040 189 1133 246 PARS
1151 189 1174 244 l.
1195 217 1228 230 —
1248 187 1434 246 conum
1455 187 1550 250 ulau.
1704 192 1766 251 titt

129 325 198 377 runt
220 320 324 376 habere
347 320 500 375 terminum
525 316 664 373 cuminis.
684 316 714 371 Si
739 316 825 382 enim,
841 319 874 370 ut
891 314 1064 385 illiAipsum
1077 315 1214 369 ioannem
1228 312 1360 385 pertinet,
1377 327 1463 385 quam
1481 312 1520 368 ad
1544 328 1645 368 omnes
1666 314 1766 382 tldeles,

130 409 220 475 aiunt,
235 409 358 464 finienda
372 415 439 463 sunt
461 407 599 478 supplicia
614 405 781 476 quandoque
795 403 930 476 reprobo·
972 404 1019 474 qui
1029 403 1768 473 remunerationemsempiternamexspectant.Scribc

132 514 206 565 rum,
218 514 285 569 ergo
296 497 464 569 quandoque
473 495 598 550 finienda
607 499 673 548 sunt
687 499 715 547 et
728 484 832 564 gaudia
841 495 932 564 justo·
972 492 1001 547 in
1015 492 1171 557 cordetuo,
1187 497 1216 545 et
1230 492 1259 544 in
1274 490 1404 545 cordibus
1419 492 1584 546 auditorum
1600 497 1722 559 tuorum,
1730 496 1766 549 rel

132 603 205 641 rum.
222 587 250 642 Si
266 586 395 656 ergohoc
405 601 503 640 rerum
513 600 568 638 non
582 589 634 648 est,
647 584 721 653 quod
736 582 862 636 minatus
877 586 930 647 est,
972 580 1075 635 litteris
1085 580 1251 635 commenda
1261 585 1293 634 ut
1305 580 1769 650 adposterosveniatznecrimonm

132 675 297 747 nequeillud
304 669 932 742 verumestquodpromisit.ntinquiunt:1deo
973 674 1023 738 qui
1033 672 1193 724 inllomino
1202 672 1375 723 moriuntur.
1387 669 1455 734 Quae
1470 669 1616 724 sententia
1630 669 1770 740 dupliciter

131 770 267 820 curnam
278 778 389 834 poenam
406 761 530 815 minatus
543 766 588 814 cst
602 758 804 830 peccatoribus,
814 762 846 812 ut
855 773 933 812 cosa
974 763 1067 829 potest
1078 757 1198 826 intelligi
1212 756 1307 811 :Beati
1318 758 1422 811 mortui
1434 759 1538 812 saeculo
1551 757 1643 829 quiin
1656 756 1770 814 Domino

130 851 340 924 perpetratione
357 853 535 921 peccatorum
548 852 747 918 compesceret,
772 846 839 917 quia
853 861 933 900 crea·
974 845 1143 909 moriuntur,
1155 846 1279 900 virentes
1288 846 1448 912 uirtutibus;
1462 845 1511 917 qui
1521 845 1770 917 scilicetplenitide

130 945 203 997 turae
213 943 380 994 suaeaeterna
387 936 526 1008 supplicia
533 935 636 989 minari
644 933 930 1000 debuit,noninlerre.
974 938 1003 988 et
1013 934 1120 988 caeteris
1136 933 1214 988 bonis
1229 933 1371 1004 operibus,
1387 933 1491 989 dehoc
1507 935 1617 989 mundo
1637 935 1766 1006 migrant.

131 1028 240 1096 Quibus
249 1027 332 1082 citius
346 1024 548 1097 respondemus
561 1037 567 1072 :
580 1023 610 1078 Si
625 1023 695 1077 salsa
706 1022 830 1077 minatus
844 1028 888 1078 est
901 1028 934 1078 ut
973 1021 1037 1084 Vel,
1047 1025 1123 1077 Beati
1138 1026 1245 1076 mortui
1258 1026 1307 1090 qui
1321 1025 1353 1076 in
1362 1023 1480 1077 Domino
1491 1026 1673 1088 moriuntur,
1685 1023 1714 1076 id
1723 1030 1768 1087 eet,

131 1117 167 1173 ab
181 1114 320 1187 injustitia
332 1113 495 1183 corrigeret,
519 1111 605 1166 etiam
621 1111 692 1165 laisa
716 1115 758 1165 est
779 1110 930 1181 pollicitus,
974 1111 1022 1182 qui
1032 1110 1270 1182 imitantcscaput
1283 1126 1376 1175 suum,
1388 1127 1446 1165 non
1465 1111 1571 1164 timent
1586 1126 1639 1181 pro
1654 1127 1689 1165 co
1703 1127 1772 1166 mor·

130 1209 164 1262 ut
177 1205 213 1260 ad
224 1203 365 1275 justitiam
375 1204 547 1273 provocaret.
563 1201 618 1254 Nec
632 1200 731 1252 babent
751 1202 874 1267 requiem
888 1200 933 1254 die
973 1204 1030 1252 tem
1041 1198 1136 1253 subire
1143 1199 1375 1269 temporalem,ut
1384 1199 1413 1253 in
1421 1204 1559 1253 aeternum
1568 1199 1770 1270 possintvirere

132 1299 157 1350 et
176 1298 260 1353 nocte,
275 1293 326 1360 qui
338 1291 526 1344 adorauerunt
539 1289 652 1342 bestiam
666 1291 689 1341 et
701 1289 853 1354 irnaqtnem
862 1290 930 1355 ejus,
973 1301 1038 1340 cum
1055 1287 1114 1349 illo,
1130 1288 1238 1352 amodo,
1251 1287 1281 1340 id
1301 1291 1353 1352 est,
1378 1303 1396 1340 a
1416 1288 1549 1357 prasenti
1572 1291 1704 1359 tempore
1714 1292 1769 1357 iam

133 1388 159 1437 et
173 1386 198 1436 ri
213 1383 275 1449 quis
286 1380 386 1447 :recepit
398 1378 584 1430 characterem
594 1377 718 1430 nominis
728 1374 796 1443 ejus.
805 1376 836 1429 In
846 1374 891 1429 die
903 1379 933 1429 et
973 1373 1042 1428 dicit
1055 1372 1188 1442 Spiritus,
1197 1374 1226 1428 id
1235 1379 1345 1429 csttota
1359 1372 1494 1440 Trinitas,
1506 1392 1570 1446 qum
1582 1380 1628 1430 est
1641 1376 1726 1442 Deus,
1744 1385 1769 1431 ut

131 1474 215 1524 nocte
225 1462 932 1535 continuumtempusintelligitur,siveetiomvicis·
974 1465 1175 1530 requiescente
1191 1464 1331 1517 laboribus
1340 1466 1407 1517 suis.
1416 1463 1497 1528 Quod
1512 1464 1648 1535 superius
1657 1465 1768 1522 dicitur:

134 1556 271 1613 situdines
282 1554 520 1627 poenarumquxta
528 1551 597 1606 illud
610 1572 616 1606 :
627 1553 669 1606 Aa
680 1555 798 1605 calorem
809 1554 932 1606 nimium
973 1552 1050 1605 Beati
1056 1554 1163 1604 mortui
1171 1554 1258 1618 quiin
1267 1554 1385 1606 Domino
1394 1555 1572 1618 moriuntur,
1585 1552 1717 1608 omnibus
1725 1556 1771 1610 ele

135 1644 424 1711 transibuntabaquis
434 1642 544 1695 niciam
556 1641 711 1710 (Jooxnr);
725 1640 798 1694 unde
808 1645 852 1695 est
865 1637 1023 1703 :Erithtis
1046 1639 1198 1709 congruit:
1215 1640 1291 1711 quod
1314 1645 1409 1695 autem
1433 1641 1573 1712 sequitur.
1596 1644 1703 1697 amodo
1716 1648 1770 1712 jam

133 1738 246 1803 tempus
254 1745 351 1785 eorum
359 1729 389 1782 in
398 1728 510 1783 saecula.
524 1727 660 1782 Deficient
671 1727 746 1781 enim
761 1727 857 1782 miseri
872 1728 933 1783 sine
973 1727 1042 1781 dicit
1055 1727 1179 1794 Spiritus
1194 1733 1225 1780 ut
1239 1730 1439 1796 requiescente
1449 1730 1772 1801 tatoriburruinspecia·

133 1820 255 1886 defectu,
271 1833 438 1889 semperque
452 1817 507 1871 crit
520 1816 595 1887 quod
610 1817 761 1882 crucietur,
778 1817 844 1887 quia
858 1833 934 1871 sem·
975 1815 1040 1868 liter
1048 1815 1171 1886 pertinet
1180 1815 1215 1870 ad
1226 1816 1365 1887 praelatos,
1378 1816 1546 1887 quidirerso
1554 1819 1642 1873 modo
1651 1818 1771 1876 laborant

133 1925 185 1981 per
199 1908 234 1963 ed
249 1907 441 1963 cruciamenta
455 1904 634 1976 reparabitur
648 1907 722 1976 quod
741 1905 853 1960 defecit.
974 1903 1004 1957 in
1015 1903 1078 1967 hoc,
1089 1905 1164 1975 quod
1170 1920 1286 1975 gregem
1296 1904 1348 1958 Dei
1361 1906 1545 1960 commissum
1561 1906 1671 1961 babere
1684 1907 1771 1962 riden-

170 1998 230 2062 llic,
243 1996 325 2051 idest
338 1995 367 2049 in
382 1995 512 2066 praesenti
533 1994 600 2060 rita,
612 1996 750 2063 patientia
772 1999 935 2048 sanctorum
975 1996 1032 2054 tur,
1043 1993 1079 2047 ad
1093 2008 1213 2064 quorum
1228 2008 1376 2064 personam
1391 1994 1540 2049 aDomino
1556 1995 1720 2064 specialiter
1735 1996 1772 2050 di·

136 2091 184 2153 est,
194 2084 242 2157 qui
256 2085 322 2140 dum
334 2083 515 2138 considerant
524 2083 652 2154 quaesiui
661 2088 821 2137 sanctorum
831 2081 936 2153 gaudia
975 2087 1053 2135 ctum
1064 2087 1122 2137 est:
1135 2084 1293 2150 Euqe‚serue
1301 2083 1367 2136 bone
1376 2088 1400 2136 et
1411 2084 1510 2150 tidelis,
1519 2087 1591 2151 quia
1603 2099 1771 2152 superparem

136 2179 165 2230 et
179 2173 363 2244 reproborum
377 2171 525 2243 supplicia,
536 2170 677 2242 patienter
687 2171 781 2225 omnia
790 2171 936 2243 perferunt
975 2173 1058 2239 fuisti
1065 2172 1252 2240 (idetirnupra
1263 2173 1353 2225 multu
1366 2176 1389 2225 te
1402 2175 1574 2226 constituam
1582 2174 1769 2242 (illattbmxrl.

135 2268 167 2316 ut
181 2263 211 2317 in
227 2261 442 2315 linesalrcntur.
455 2261 509 2327 Oui
517 2261 676 2314 custodiunt
690 2260 823 2314 mandata
840 2261 896 2326 liei,
906 2259 936 2314 id
977 2289 1011 2312 -.
1025 2260 1112 2328 Opera
1119 2262 1194 2313 enim
1205 2261 1322 2313 illorum
1332 2262 1569 2328 sequunturitlos,
1577 2259 1606 2314 id
1613 2267 1669 2326 est,
1676 2277 1772 2316 mercer

134 2356 188 2415 est,
197 2354 337 2421 praeocpta
348 2349 501 2418 legalia,ut
511 2352 562 2413 est,
575 2349 676 2415 Ditiqer
686 2349 837 2402 Dominum
847 2350 935 2402 Deum
976 2364 1092 2419 operum
1115 2364 1231 2402 suorum
1252 2354 1385 2419 sequetur
1404 2349 1478 2414 illos,
1493 2365 1560 2403 oum
1585 2350 1772 2421 unusquisqne

136 2447 218 2495 tuum
230 2439 341 2510 (ltuttb.
357 2441 434 2507 xxu),
448 2442 476 2491 et
490 2437 551 2491 Nou
563 2438 814 2500 adulterabic,Non
822 2438 934 2504 furtum
976 2436 1114 2508 receperit
1127 2437 1280 2492 secundum
1294 2453 1376 2492 suum
1391 2436 1526 2505 laborem;
1541 2438 1611 2509 quia
1626 2438 1703 2492 enim
1717 2445 1773 2509 post

134 2523 404 2599 feneraverunt),
419 2530 448 2579 et
461 2531 563 2580 caetera
571 2524 743 2595 hujusmodi.
975 2542 1046 2598 opus
1059 2541 1165 2580 merces
1180 2525 1308 2597 sequitur
1318 2527 1420 2597 operis,
1432 2527 1525 2597 ipsum
1541 2543 1613 2598 opus
1628 2526 1773 2581 eleetomm

171 2618 204 2672 Et
219 2617 318 2670 audiui
335 2631 424 2669 rocem
439 2615 471 2668 de
483 2616 546 2669 cato
559 2615 693 2667 dicentem
708 2611 819 2668 :Scribe
837 2614 935 2667 :Beati
975 2630 1024 2669 eos
1038 2614 1167 2669 comitari
1192 2614 1306 2670 dicitur.
1318 2614 1372 2670 Ubi
1390 2620 1486 2669 autem
1510 2616 1578 2670 linis
1594 2616 1775 2670 annuntiatur

135 2707 301 2773 mortuiqui
312 2707 343 2759 in
356 2706 472 2758 Domino
482 2705 654 2759 morirentur.
672 2701 737 2755 llaec
751 2717 802 2756 vox
815 2707 875 2755 tam
898 2704 934 2757 ad
975 2703 1077 2774 operis,
1093 2703 1133 2758 ibi
1146 2703 1263 2758 tandem
1278 2704 1362 2774 buius
1381 2703 1446 2760 libri
1466 2704 1504 2760 sit
1515 2705 1597 2762 linis.

751 2992 912 3069 LIBER
951 2992 1198 3087 QUINTUS.

334 3207 513 3270 SEQUITUR
531 3207 649 3262 CAPUT
666 3208 739 3263 XIV.
947 3207 1015 3269 Usti
1025 3208 1197 3279 designatur,
1207 3209 1254 3281 qui
1269 3209 1392 3281 primum
1407 3210 1442 3265 de
1458 3211 1572 3268 diabolo
1582 3214 1775 3293 triumpharit,

175 3296 209 3350 Et
227 3297 294 3357 uidi,
307 3298 332 3348 et
341 3311 396 3348 ecee
412 3297 497 3348 nuber
510 3296 639 3358 candida,
651 3301 675 3350 et
689 3313 775 3364 supra
791 3299 890 3352 nubem
902 3314 940 3351 re·
980 3306 1009 3369 et
1019 3299 1148 3355 Ecclesiae
1160 3315 1217 3353 sua
1226 3298 1400 3370 triumphum
1412 3300 1536 3356 rictoriae
1555 3304 1688 3360 contulit.
1702 3306 1777 3375 legi·

80 3450 85 3455 ,
140 3384 249 3437 dentem
256 3385 377 3437 similem
387 3379 455 3436 litio
461 3382 869 3448 bominis,subauditur,ridi.N
871 3385 939 3441 uber
980 3406 1045 3444 mus
1057 3389 1142 3443 etiam
1154 3388 1284 3458 superius
1296 3389 1369 3458 quod
1378 3390 1495 3460 angelus
1510 3391 1639 3447 habebat
1653 3394 1777 3465 incapite

140 3471 270 3536 candida,
281 3487 347 3526 caro
358 3476 386 3526 et
393 3471 488 3525 anima
497 3471 587 3525 nostri
596 3472 793 3544 Redemptoris
804 3473 939 3545 intelligi·
980 3495 1032 3532 suo
1042 3477 1138 3532 stellas
1149 3477 1305 3541 duodecim,
1317 3476 1366 3532 ubi
1376 3494 1427 3549 per
1436 3481 1571 3549 angelum
1583 3482 1723 3548 Christus,
1734 3499 1778 3553 per

140 3564 196 3624 tur,
213 3577 299 3632 quam
309 3577 365 3615 non
373 3560 492 3616 fuscavit
502 3561 611 3616 macule
624 3561 740 3632 peccati.
753 3563 793 3616 Ue
802 3563 855 3618 hac
865 3562 939 3618 nube
980 3565 1233 3621 duodecimstellas
1243 3565 1390 3621 duodecim
1399 3569 1520 3639 apostoli
1534 3569 1743 3642 intelliguntur,
1753 3577 1778 3627 et

140 3665 191 3719 per
198 3650 365 3722 prophetam
375 3650 493 3705 dicitur:
506 3650 568 3704 Ecce
578 3650 713 3706 Uerrium
722 3654 846 3707 ascendet
858 3669 941 3722 sirper
981 3672 1032 3727 per
1044 3654 1108 3709 illos
1122 3654 1214 3709 omnis
1228 3653 1297 3708 ordo
1312 3655 1540 3725 predicatorum,
1562 3675 1621 3730 quo
1636 3666 1778 3715 coronatur

141 3740 942 3813 nubemleuem,etinqredieturAEqqptum(lra.xrx).Super
982 3742 1777 3822 Christus,idestornaturetcircumdatur,etexquomm

140 3826 245 3883 nubem
256 3828 456 3899 quippelevcm
465 3828 601 3893 ascendit,
611 3834 639 3882 ct
652 3829 681 3883 in
691 3830 842 3901 AEgyptum
853 3832 939 3900 venit,
982 3831 1407 3905 societatelaetabiturincapite,
1416 3833 1445 3888 id
1462 3838 1506 3888 est
1521 3834 1553 3889 in
1564 3842 1662 3892 mente
1674 3854 1734 3892 sua.
1748 3839 1777 3892 Et

141 3916 254 3987 quando
264 3932 377 3970 curnem
387 3920 491 3970 nostrae
498 3917 677 3974 mortalitatis
687 3918 840 3988 accepit,ct
849 3919 878 3973 in
888 3920 941 3974 hoc
981 3925 1014 3977 in
1026 3937 1115 3976 manu
1125 3937 1176 3975 sua
1186 3923 1414 3989 salcemacutom,
1431 3923 1460 3979 id
1473 3929 1517 3978 est
1531 3925 1562 3979 in
1575 3932 1720 3997 potestate
1732 3943 1777 3982 sua

140 4005 247 4061 mundo
256 4009 341 4059 natus
351 4005 484 4076 apparuit
496 4005 697 4076 Supernubem
705 4006 775 4061 vidit
783 4008 938 4075 sedentem,
978 4010 1157 4081 Judiciariam
1172 4015 1340 4081 potestatem
1360 4011 1404 4066 rel
1425 4012 1609 4083 dignitatern,
1626 4033 1710 4087 quam
1724 4018 1777 4088 ipsc

140 4095 344 4166 quiaChristus
356 4093 510 4149 divinitatis
519 4095 644 4166 potentia
655 4096 787 4167 praesidet
797 4097 881 4151 etiam
890 4098 941 4152 hu·
981 4100 1109 4154 Christus
1119 4099 1205 4153 etiam
1215 4098 1274 4153 suis
1284 4099 1413 4155 fidelibus
1423 4101 1614 4167 dedit,dicens
1623 4105 1776 4176 discipulis:

139 4184 272 4238 inanitati
285 4200 352 4238 suar.
363 4183 413 4237 Vel
420 4187 496 4239 certe
506 4199 557 4254 per
565 4183 667 4237 nubem
684 4184 831 4239 candidam
847 4187 939 4241 Eccle-
980 4189 1111 4244 sedebitis
1125 4203 1207 4256 super
1220 4190 1292 4242 sedes
1307 4190 1459 4256 duodecim,
1464 4192 1629 4259 judicantes
1642 4195 1778 4248 duodecim

141 4271 937 4344 siaintelligitur.tontebaptismatisepeccatismundata.
981 4278 1069 4331 tribus
1079 4278 1166 4330 Israel
1182 4277 1287 4345 (Matri.
1297 4280 1363 4344 nx).
1379 4279 1476 4333 Potest
1490 4279 1577 4335 etiam
1593 4282 1651 4336 salx
1665 4281 1778 4353 intelligi

140 4362 194 4418 Per
204 4363 289 4417 fidem
299 4362 375 4417 enim
385 4363 490 4418 Christi
505 4363 712 4434 etbaptismum
728 4367 803 4422 illius
817 4369 938 4423 munda·
980 4365 1768 4444 dirinapraedicatio,quamalibiDominusgladiumappel

139 4457 189 4507 tur
196 4450 232 4505 ab
242 4451 372 4506 omnibus
382 4452 512 4523 peccatis,
527 4453 608 4521 juxta
621 4453 707 4509 illud:
721 4458 783 4510 Fide
797 4460 939 4512 mundans
980 4454 1030 4520 lat,
1039 4455 1135 4509 dicens
1144 4473 1150 4508 ι
1159 4456 1290 4510 Noncem'
1297 4471 1390 4524 pacem
1399 4460 1776 4528 mitteremini-amrmem-

140 4542 223 4596 oorda
238 4556 334 4594 eorum
344 4541 415 4611 (Act.
426 4541 557 4609 xv).llinc
568 4541 637 4595 inibi
652 4544 783 4612 presidet
797 4546 936 4614 Christus,
980 4545 1061 4598 dium
1070 4545 1123 4613 (let.
1132 4544 1484 4615 xt.Quaregladiusdivina
1491 4547 1778 4622 prmdicatioappella·

140 4646 248 4702 suaque
254 4628 379 4684 sessione
387 4629 549 4695 Ecclesiam,
563 4631 639 4685 velut
647 4631 752 4702 gallina
761 4634 853 4704 pullos
862 4652 938 4702 suos,
980 4633 1036 4697 tur,
1047 4633 1115 4703 quie
1129 4649 1181 4704 per
1193 4633 1283 4705 ipsam
1295 4639 1464 4704 separantur
1477 4634 1544 4690 boni
1558 4654 1576 4690 a
1590 4639 1685 4700 malis,
1699 4638 1777 4693 veluti

139 4719 263 4792 protegit
272 4717 455 4790 ctgubernat.
463 4720 656 4783 Quareautcm
668 4720 728 4792 ipsc
738 4738 794 4776 non
802 4724 862 4794 jam
873 4725 939 4778 sim·
981 4720 1107 4778 membra
1118 4738 1134 4776 a
1145 4721 1288 4776 membris.
1303 4722 1380 4777 Hanc
1392 4723 1493 4779 falcem
1509 4725 1598 4780 habet
1612 4728 1739 4783 Christus
1749 4727 1776 4781 in

138 4809 250 4879 pliciter
260 4808 354 4867 horno.
368 4809 418 4863 sed
428 4808 608 4863 similisFilio
618 4809 740 4864 hominis
754 4811 873 4878 dicatur,
890 4829 938 4868 su·
981 4829 1078 4880 manu,
1092 4813 1121 4867 id
1137 4821 1180 4868 est
1194 4814 1223 4869 in
1238 4816 1400 4886 operatione
1414 4833 1476 4882 sua,
1489 4819 1556 4889 quia
1566 4835 1602 4873 ea
1613 4837 1675 4891 quus
1689 4820 1777 4875 docuit

138 4912 191 4967 pra
205 4897 311 4951 dictum
332 4902 384 4964 est,
401 4898 468 4969 quia
491 4897 620 4953 videlicet
638 4916 757 4971 surgens
777 4902 937 4968 amortuis,
981 4902 1775 4978 verbisprimumipseimpleritoperibusjuxtailludiri·

139 4988 285 5055 metasque
296 4986 482 5041 humanitatis
491 4988 703 5055 transcendens,
713 4995 775 5059 jan.
788 5007 844 5044 non
854 4995 940 5046 rnori·
981 4994 1178 5062 mumquidem
1188 5009 1343 5048 sermonem
1350 4997 1441 5063 secide
1450 4998 1618 5063 ornnibur,o
1629 5001 1772 5068 Theophili,

140 5075 940 5148 tur,morriltiuttracondominabitur(ltom.v1).Etnubes
980 5098 1040 5150 qua
1051 5084 1306 5150 repitJesussuccre
1315 5084 1551 5156 etdocerelrtctr).
1561 5085 1671 5143 Volens
1680 5089 1773 5159 quippe

139 5164 245 5224 autem,
257 5164 286 5214 ct
295 5165 488 5229 supranubem
499 5164 609 5230 sedens,
620 5183 707 5222 unum
720 5174 795 5230 sunt.
806 5169 834 5223 id
846 5174 940 5224 estca·
980 5171 1118 5225 Dominus
1133 5171 1274 5226 instruere
1290 5172 1502 5243 praedicatorcm
1522 5175 1665 5246 quomodo
1680 5175 1772 5246 predi·

138 5253 192 5323 put
200 5255 229 5304 et
237 5247 372 5305 membra.
382 5251 463 5306 Unde
474 5264 503 5307 et
515 5270 579 5308 cum
590 5255 729 5312 Dominus
739 5275 825 5330 super
834 5257 940 5314 nubem
981 5276 1045 5313 care
1054 5258 1178 5324 deberet,
1190 5261 1313 5331 primum
1324 5262 1354 5316 in
1366 5263 1458 5333 seipso
1468 5263 1589 5318 formam
1600 5264 1677 5318 rerbi
1685 5271 1771 5319 osten·

138 5337 558 5412 sedet‚utiqueipsanubescum
565 5343 683 5401 Domino
692 5349 779 5403 sedet.
789 5350 939 5404 Ueientem
980 5349 1031 5403 dit.
1043 5350 1133 5413 Quum
1149 5350 1234 5406 etiam
1248 5352 1358 5418 falcem,
1370 5353 1398 5408 id
1411 5358 1455 5408 est
1468 5353 1594 5407 divinam
1605 5352 1772 5424 pradicatio·

138 5432 171 5486 in
178 5430 266 5498 rapite
276 5443 326 5482 suo
332 5436 941 5507 monamaureamnerqmmvictoriachrt·
980 5441 1272 5521 nem,commendarit
1285 5459 1342 5499 suae
1357 5441 1494 5510 Ecclesia,
1511 5441 1610 5498 dicens
1623 5441 1769 5526 apostolisr
