3818 6104
143 234 210 292 lost
350 237 539 293 HAYMONIS
558 233 804 292 Haassunsrnr.
825 234 935 290 EPISG.
958 233 1037 288 OPP.
1059 231 1151 287 PARS
1170 232 1192 286 l.
1214 261 1245 273 -
1267 226 1455 283 conatur.
1477 223 1572 280 DlBL.
1709 218 1776 275 1088

138 366 215 417 terra
226 363 316 419 eidem
331 363 455 435 serpenti
469 363 496 416 in
513 360 604 432 prima
626 360 819 415 maledictione
831 358 1077 432 figura-Ahabere
1087 358 1198 421 iratres,
1213 354 1260 426 qui
1278 352 1428 409 Dominum
1442 349 1550 404 habent
1567 344 1774 400 hominemlra·

139 451 193 505 tim
207 453 309 507 dicitur
326 472 332 506 ε
347 454 462 507 Terram
482 450 611 505 comedes
634 450 741 504 cunctis
763 450 862 504 diebus
877 451 938 505 vitre
980 455 1062 503 trem.
1079 446 1110 501 In
1126 447 1271 501 dicantem
1286 449 1315 497 et
1328 448 1419 506 nocte,
1431 440 1473 493 rel
1487 437 1655 493 continuum
1670 445 1776 506 tempus

140 544 206 595 tuae.
222 543 293 595 Nem
310 542 383 612 quod
410 540 551 610 Propheta
576 539 665 592 dicit:
683 539 751 592 Esca
774 540 835 608 eJus
847 540 938 603 electi,
980 536 1156 605 intelligitur.
1174 534 1215 587 rel
1231 547 1363 605 prospera
1374 530 1416 583 sel
1438 527 1565 582 adversa.
1583 527 1614 579 ln
1630 524 1677 578 die
1692 529 1720 577 et
1733 540 1776 577 no

142 627 177 681 de
190 629 246 683 illis
256 635 299 683 cst
312 628 535 697 intelligendum,
546 627 939 697 qui{estimationeleontinum
981 633 1024 679 cte
1039 624 1165 677 diabolus
1177 628 1297 683 accusat,
1315 619 1426 691 quando
1440 617 1510 670 alios
1532 615 1562 669 in
1584 612 1776 685 prosperitati-

142 716 223 771 electi
238 716 420 789 apparebant,
436 717 484 770 scd
499 717 528 769 in
555 723 705 786 conspectu
728 716 777 769 Dei
791 717 849 784 jam
865 725 940 770 terra
982 714 1032 767 bus
1043 712 1160 776 extollit,
1176 718 1261 781 atque
1276 709 1346 762 alios
1373 703 1592 761 adversitatibus
1618 702 1733 771 trangit,
1751 708 1776 755 et

140 811 232 861 Omni·
981 803 1033 857 hoc
1047 809 1112 855 ante
1128 806 1306 872 conspectum
1324 797 1384 863 Ilei,
1404 794 1451 865 qui
1468 792 1575 864 ubique
1589 796 1644 845 est.
1656 790 1777 860 juxtail-

178 895 211 950 El
219 895 319 948 audivi
328 908 553 959 rocemmopnum
562 892 594 944 de
606 894 668 946 celo
688 893 821 946 (licentem
833 913 841 946 :
859 893 941 949 Nunc
981 891 1045 945 lud:
1062 890 1168 945 Coelum
1182 894 1209 942 et
1221 895 1325 942 terram
1336 900 1388 954 ego
1399 883 1517 954 impleo.

142 982 262 1048 soclaest
273 985 377 1035 calleret
387 985 476 1035 eir-lus
490 986 512 1033 ct
528 996 645 1048 reputem
654 981 704 1034 Del
713 985 811 1044 riustri,
827 986 852 1035 el
866 988 939 1051 pole-
1018 980 1108 1046 illapsa
1118 981 1242 1032 vicerunt
1253 979 1345 1029 illiue·
1360 972 1390 1028 ld
1404 968 1553 1035 est,soncti
1561 967 1612 1039 qui
1622 967 1652 1020 in
1659 966 1777 1020 Ecclesia

140 1077 197 1126 stus
210 1072 315 1126 Chresti
325 1074 393 1138 ejus.
407 1069 472 1124 llaec
489 1085 538 1122 rox
549 1070 583 1122 ad
595 1085 677 1123 omne
691 1087 812 1139 prensens
828 1075 939 1142 tempus
980 1074 1047 1122 sunt
1061 1073 1090 1121 ct
1103 1068 1132 1121 in
1147 1066 1225 1129 caelo,
1242 1064 1346 1118 bellum
1368 1066 1466 1116 contra
1494 1058 1649 1113 draconem
1664 1055 1775 1121 faciunt

141 1160 264 1231 pertinet
274 1176 335 1231 quae
345 1159 430 1228 erepit
440 1158 475 1211 ab
485 1157 606 1211 adventu
619 1158 823 1229 Redemptoris,
832 1159 882 1213 scd
896 1176 940 1213 us·
980 1157 1033 1210 hoc
1047 1160 1099 1216 est.
1115 1156 1144 1210 in
1156 1155 1289 1208 societate
1304 1152 1466 1206 electorum.
1483 1150 1601 1216 Propter·
1614 1147 1775 1212 sanguinem

141 1263 253 1318 quoquo
263 1247 298 1300 ad
306 1246 575 1300 consummationem
586 1246 738 1315 perteniat,
747 1247 869 1300 clamare
884 1264 939 1301 non
980 1248 1058 1313 april.
1076 1245 1163 1313 Cujus
1176 1241 1305 1295 videlicet
1319 1239 1480 1294 Passionem
1503 1235 1656 1289 imitantur
1667 1232 1777 1287 mortifi-

141 1333 254 1388 desinit.
270 1335 329 1387 Vox
354 1335 449 1403 itaque
470 1333 498 1385 in
514 1333 583 1386 colo
598 1332 660 1391 ista,
677 1338 720 1386 ost
734 1349 869 1403 magnum
882 1335 939 1389 ele·
981 1339 1076 1388 cantos
1090 1350 1120 1387 se
1134 1348 1197 1386 cum
1210 1330 1285 1384 vitiis
1313 1334 1340 1383 et
1361 1323 1606 1396 concupiscentiis.
1626 1323 1658 1376 Et
1669 1329 1777 1390 propter

139 1422 428 1476 ctorumdesirlerium
445 1422 475 1474 in
504 1420 641 1475 Ecclesia:
656 1423 740 1475 Nunc
755 1424 829 1490 sucta
844 1428 939 1477 estsu-
978 1421 1303 1477 eerlramtcstimonr'r'sui
1325 1411 1777 1481 Quiarectitudinemlidcicusto·
1819 1431 1825 1453 r

140 1512 193 1565 lus.
211 1510 265 1564 Sed
280 1510 497 1582 omnitempore
513 1510 574 1564 vitm
591 1510 745 1580 presentis,
767 1511 802 1564 ab
815 1511 936 1567 adveatu
977 1510 1104 1565 diuntls't
1119 1525 1174 1563 noa
1189 1509 1345 1561 dilexerunt
1355 1508 1467 1558 saltans
1481 1518 1547 1556 strar
1560 1501 1694 1571 usqrreod
1709 1515 1775 1551 ntor·

139 1597 246 1652 scilicet
268 1600 429 1653 mediatoris
443 1599 576 1670 usquead
594 1600 676 1652 linem
693 1600 819 1668 ejusdem
836 1603 936 1670 prraedi-
978 1605 1041 1653 terra
1056 1598 1128 1662 Quia
1141 1605 1206 1651 ante
1223 1597 1368 1666 elegerunt
1382 1593 1453 1647 rnori
1468 1592 1497 1646 in
1512 1593 1566 1645 lrac
1581 1589 1641 1642 rita
1658 1594 1690 1642 ut
1703 1593 1774 1657 post-

140 1685 268 1746 oationis,
280 1687 356 1740 salus
378 1687 450 1741 facta
469 1685 749 1757 est,quiagratiaDei
759 1689 799 1741 rel
812 1671 966 1744 bonitateB
977 1688 1092 1742 modurn
1120 1691 1273 1756 regnarent
1295 1700 1359 1738 cum
1375 1682 1497 1747 Christo,
1515 1695 1604 1750 quam
1627 1678 1672 1731 hic
1688 1676 1773 1730 risere

139 1790 237 1828 sumus
247 1775 354 1834 salvati,
365 1776 438 1829 unde
448 1776 597 1830 Psalmista
608 1775 675 1828 dicit
689 1794 695 1829 ε
710 1777 823 1830 llorniru'
846 1785 884 1832 cst
894 1796 936 1832 so·
977 1775 1179 1847 temporaliter.
1190 1780 1217 1828 et
1232 1772 1409 1844 postmodum
1433 1768 1610 1824 aeternaliter
1622 1765 1723 1836 perire,
1734 1782 1774 1819 us·

138 1865 595 1925 {rememoreramuseste-atus,
614 1864 735 1936 quiaper
746 1866 826 1919 illurn
839 1884 936 1922 auarus
977 1882 1032 1936 que
1045 1865 1080 1919 ad
1096 1870 1215 1918 mortem
1235 1879 1264 1916 se
1288 1865 1451 1933 posuerunt,
1467 1875 1503 1912 ne
1525 1856 1639 1913 animas
1653 1871 1773 1908 suasae-

139 1950 274 2006 roborati.
286 1952 414 2023 Regnum
429 1962 577 2023 quoquest
590 1959 714 2023 potestas
739 1955 812 2008 locta
824 1962 867 2009 cst
887 1957 936 2010 Dei
977 1954 1071 2025 quites
1086 1958 1223 2006 ornarent.
1240 1951 1312 2005 ilinc
1327 1949 1431 2003 Paulus
1449 1947 1520 2001 dixit
1535 1960 1541 1994 τ
1558 1946 1619 2015 Ego
1633 1944 1708 1998 enim
1723 1959 1773 1997 non

139 2040 238 2093 nostri.
252 2041 395 2112 sicutipse
407 2058 556 2112 resurgens
566 2059 582 2094 a
594 2042 711 2096 mortuis
721 2043 801 2096 dicit:
814 2045 883 2096 lluta
899 2050 935 2097 cst
977 2043 1066 2096 solum
1078 2039 1248 2111 alligari,sed
1259 2047 1287 2093 et
1302 2038 1373 2092 mori
1388 2041 1503 2108 paratus
1513 2051 1578 2090 sum
1592 2050 1644 2104 pro
1656 2031 1771 2087 Christe.

139 2130 428 2198 mr'lriomaispoterlas
439 2134 470 2183 in
480 2133 542 2185 celo
552 2135 575 2183 et
588 2134 615 2183 in
627 2136 700 2183 terro
711 2131 818 2199 (Mami.
828 2137 932 2196 xxrllll.
977 2131 1236 2197 necsaca'oouimom
1249 2143 1337 2180 arcem
1347 2127 1536 2194 pretiosiorem
1544 2138 1629 2191 quom
1647 2137 1690 2172 erre
1706 2118 1771 2189 (Act.

138 2218 394 2287 -Qur'aprop'cctus
405 2225 595 2273 cslocrusolor
614 2221 739 2286 fratruae
764 2226 932 2286 nostrorum,
976 2225 1034 2283 xx).
1047 2218 1081 2271 Et
1095 2217 1230 2270 Dominus
1247 2235 1251 2268 :
1267 2217 1320 2282 Oai
1341 2219 1416 2268 caract
1440 2215 1571 2266 animam
1588 2225 1670 2264 suom
1688 2209 1772 2278 perdel

141 2307 191 2373 qai
196 2308 340 2360 accusabat
351 2310 412 2360 illos
423 2313 486 2360 ante
499 2321 671 2374 conspectam
683 2309 732 2360 Ilei
742 2311 833 2361 nostri
846 2311 889 2362 die
903 2325 936 2362 oc
976 2323 1045 2360 cum.
1057 2306 1210 2360 [mitantur
1221 2306 1296 2359 enirn
1312 2303 1460 2358 Dominum
1476 2316 1572 2364 suurn,
1590 2314 1675 2369 quem
1689 2296 1774 2350 sciunt

141 2398 227 2447 noclc.
248 2394 504 2448 Accusatiodiaboli
519 2395 590 2448 nillil
605 2400 648 2448 eat
661 2395 746 2457 aliud,
763 2396 816 2450 nisi
828 2398 862 2450 ad
879 2414 937 2451 ma·
976 2412 1026 2466 pro
1038 2411 1089 2449 sua
1104 2394 1296 2465 redemptione
1309 2409 1364 2446 non
1380 2389 1537 2462 pepercisse
1552 2391 1657 2441 animae
1672 2401 1736 2441 suae-

104 2483 106 2488 ’
137 2479 935 2556 lumpreccipitatio.Tuncenirnaccusal,qnandodignos
1011 2486 1155 2553 Propterea
1168 2485 1312 2543 latentior,
1328 2485 1397 2546 coli,
1411 2480 1438 2533 id
1466 2485 1510 2532 est
1529 2475 1771 2532 omnesecclesia.

139 2571 316 2626 accusatione
349 2573 450 2636 reddit,
485 2588 539 2626 non
563 2572 702 2644 loquendo
735 2574 865 2631 exterius.
886 2575 934 2628 sed
976 2573 1080 2627 Plurali
1096 2572 1169 2626 enim
1185 2587 1303 2626 numero
1318 2574 1445 2633 utuntur,
1463 2568 1529 2636 quia
1543 2564 1772 2620 numerositatem

139 2658 259 2714 odiendo
275 2660 401 2715 interius.
418 2661 471 2716 Sed
492 2662 527 2715 ab
538 2662 591 2715 lrac
613 2663 789 2717 accusatione
805 2664 852 2718 ille
865 2663 935 2717 liber
975 2660 1356 2731 Ecclesiarumassigrtant.Et
1370 2661 1420 2727 qui
1434 2658 1569 2710 palmatis
1584 2657 1616 2707 in
1628 2651 1712 2706 ercle
1726 2659 1771 2711 est,

137 2756 262 2819 apparet,
281 2750 328 2820 qui
345 2750 373 2804 ln
385 2766 416 2804 se
428 2767 525 2804 accusa
531 2768 559 2804 re
571 2750 666 2805 studet
674 2752 747 2821 quod
760 2751 795 2805 ab
809 2753 936 2806 edrersa-
976 2766 1073 2805 omnes
1087 2750 1175 2804 sancti
1189 2750 1277 2820 quiin
1304 2746 1520 2818 congregatione
1546 2749 1711 2797 sanctorum
1723 2756 1774 2793 mo·

140 2837 238 2892 riosuo
248 2840 373 2893 accusari
388 2856 468 2910 posse
487 2840 638 2910 cognoscit.
650 2841 747 2911 lingcli
759 2842 853 2912 itaque
868 2859 935 2913 gau·
976 2839 1088 2903 remini,
1104 2839 1146 2892 vel
1159 2845 1234 2892 certe
1247 2837 1419 2891 habitatores
1442 2835 1591 2898 coelorum,
1605 2828 1722 2900 angelos
1735 2827 1773 2881 in-

137 2926 235 2981 dentes
250 2928 284 2981 de
300 2936 395 2983 nostra
410 2930 594 2996 revocatione,
606 2929 738 2983 latentur
748 2929 782 2983 de
795 2946 861 2984 casu
878 2931 934 2984 dia·
975 2932 1103 3000 telligere
1118 2945 1276 3000 possumus,
1293 2927 1394 2999 quibus
1415 2923 1593 2979 concorditer
1609 2920 1640 2974 in
1662 2918 1772 2973 Domino

140 3014 286 3070 boli-Unde
296 3017 326 3071 in
341 3017 452 3072 Domini
463 3018 607 3072 nativitate
623 3018 769 3072 dicebant:
787 3019 882 3074 Gloria
901 3022 931 3073 in
942 2991 1104 3073 Ccona-nit
1117 3016 1316 3088 congratulari.
1337 3016 1404 3069 dum
1419 3021 1448 3068 et
1462 3011 1593 3066 homines
1614 3009 1652 3063 ad
1667 3007 1771 3061 illorum

137 3107 247 3157 eecclsr's
260 3107 319 3158 Deo.
332 3106 403 3169 Quid
419 3107 493 3160 enim
508 3111 621 3167 mirum,
638 3107 661 3160 si
688 3108 815 3161 homines
836 3108 937 3162 fratres
977 3108 1147 3162 consortium
1159 3106 1287 3171 redeunt,
1304 3111 1332 3158 et
1341 3103 1433 3175 angeli
1444 3101 1672 3170 redintegratum
1683 3111 1772 3151 nume·

140 3198 247 3257 vocant,
263 3193 329 3246 darn
343 3199 462 3247 cernunt
476 3196 567 3264 ipsum
586 3195 736 3248 llrrnrinum
752 3197 805 3249 hoc
824 3196 936 3251 farere?
976 3214 1038 3251 rum
1055 3214 1137 3251 suurn
1156 3197 1218 3250 istis
1227 3196 1345 3265 receptis
1353 3189 1561 3264 aspiciuntUbi
1572 3203 1629 3242 non
1644 3193 1687 3240 est
1700 3184 1770 3239 aliud

137 3279 260 3348 Surgens
270 3281 343 3333 enim
359 3297 376 3333 a
390 3283 508 3335 mortuis
519 3283 587 3335 dicit
600 3282 712 3337 Maria:
737 3285 812 3349 Vade,
824 3286 868 3338 dic
878 3287 936 3352 fro·
977 3287 1050 3357 quod
1066 3287 1166 3357 exponi
1179 3285 1288 3349 debeat,
1304 3283 1357 3337 nisi
1369 3290 1402 3336 ut
1414 3283 1466 3336 lrac
1477 3284 1611 3332 manente
1621 3273 1770 3341 laetitia,hic

140 3370 228 3422 tribas
241 3372 316 3422 arceis.
331 3369 427 3438 Neque
442 3369 517 3422 enim
532 3371 592 3438 jam
605 3369 794 3441 dedignantur
807 3374 935 3428 homines
975 3375 1047 3430 liber
1056 3374 1180 3429 debitum
1195 3374 1280 3429 linem
1288 3371 1414 3445 accipiat.

982 3516 1765 3572 w⁴

745 3665 904 3738 arena
943 3664 1203 3758 Quaeres.

341 3876 520 3940 SEQUITUR
534 3878 650 3933 CAPUT
663 3879 725 3934 XII.
974 3878 1125 3948 iramagna
1135 3877 1210 3932 sarit
1225 3877 1357 3930 adversus
1379 3874 1456 3932 illos:
1473 3880 1502 3929 et
1515 3878 1597 3929 tanto
1611 3876 1710 3947 utique
1721 3877 1767 3930 hoc

178 3966 216 4017 lic·
231 3968 309 4018 terre
320 3972 344 4019 ct
360 3970 444 4028 meri,
462 3971 529 4034 palo
552 3969 687 4021 (terrenda
700 3969 737 4021 od
751 3984 794 4021 ros
809 3969 933 4021 diabolas
974 3967 1201 4038 agitlerrentius,
1212 3970 1317 4037 quanto
1330 3964 1490 4019 viciniorem
1505 3963 1560 4017 sibi
1574 3966 1663 4019 sentit
1677 3965 1767 4019 adesse

136 4053 237 4107 itabens
251 4059 325 4108 irata
341 4071 482 4123 irreptione.
507 4057 592 4109 'l'crra
603 4061 696 4110 autem
712 4062 741 4109 et
756 4072 832 4109 neore
844 4072 930 4109 unum
974 4073 1096 4127 poenam,
1111 4055 1185 4109 unde
1200 4054 1341 4108 subditur:
1354 4053 1447 4109 Sciens
1456 4054 1530 4120 quod
1554 4055 1696 4107 cancticum
1709 4059 1767 4107 tenr-

135 4142 266 4212 idemque
290 4144 459 4214 significant,
481 4144 553 4198 sicut
581 4145 678 4198 Daniel
705 4153 801 4216 aperte
819 4121 1024 4214 demon-Dpes
1041 4147 1128 4198 lrolrct.
1158 4142 1300 4197 Modicum
1320 4141 1424 4211 quippe
1441 4146 1564 4212 tempus.
1587 4159 1711 4212 praesens
1728 4143 1766 4195 in·

134 4236 215 4283 strat.
232 4231 363 4293 Quicum
389 4233 505 4286 dixisset
524 4250 553 4286 se
578 4234 677 4287 vidisse
700 4241 821 4303 quatuor
835 4239 931 4286 ventos
971 4233 1109 4302 telligitur
1122 4232 1188 4293 rita,
1203 4232 1238 4285 de
1248 4247 1303 4301 qua
1314 4231 1482 4300 Apostolus:
1501 4231 1608 4295 Filioli,
1624 4234 1765 4284 semanima

135 4329 293 4387 pugnantes
308 4320 335 4372 in
346 4336 446 4390 niagno
460 4321 543 4375 mari.
563 4321 685 4389 adjerit:
707 4323 738 4375 El
755 4329 875 4390 qrretuor
888 4324 930 4375 be·
971 4322 1206 4389 hrroeslsllooa
1232 4325 1268 4376 η).
1285 4318 1355 4372 Etsi
1379 4322 1575 4389 computemus
1604 4335 1689 4373 omne
1700 4327 1766 4373 tenr-

135 4407 384 4459 slireoscenrlerunl
399 4409 430 4460 dc
446 4408 592 4461 terrolloc
602 4409 692 4479 ipsum
704 4410 866 4479 significans
881 4428 930 4480 per
971 4427 1023 4481 pus
1036 4411 1070 4463 ab
1081 4409 1193 4464 exordio
1206 4408 1301 4462 mundi
1317 4424 1405 4477 usque
1421 4407 1455 4460 ad
1468 4407 1555 4460 linem
1567 4409 1674 4471 seculi,
1694 4417 1766 4462 aeter·

133 4497 248 4560 terram,
266 4495 338 4565 quod
355 4501 382 4548 et
391 4512 441 4566 per
451 4512 536 4557 mare,
548 4496 574 4550 iel
589 4504 631 4550 est
641 4498 715 4550 lrunc
734 4499 879 4563 rutundum,
900 4500 928 4552 in
970 4498 1051 4552 nitati
1059 4505 1261 4568 cornparatum,
1275 4497 1468 4550 brevissimum
1480 4501 1523 4550 est
1545 4496 1619 4561 Quia
1631 4514 1698 4568 ergo
1711 4497 1765 4550 dia-

135 4599 190 4654 quo
201 4584 294 4638 miseri
304 4585 448 4650 fluctuant,
460 4586 507 4656 qui
516 4602 627 4657 semper
640 4573 744 4639 terram
760 4593 868 4655 petala.
887 4587 930 4641 lla
970 4585 1050 4641 bolus
1064 4588 1091 4640 in
1108 4587 1233 4658 proximo
1249 4602 1278 4640 se
1293 4585 1346 4639 scit
1360 4601 1420 4638 esse
1432 4584 1636 4644 damnandum.
1652 4586 1686 4639 ad
1698 4603 1767 4640 exer·

133 4688 199 4743 ergo
214 4680 243 4727 et
259 4673 305 4728 hic
320 4680 396 4729 terra
425 4681 454 4729 ct
478 4691 555 4728 mare
572 4673 752 4745 reproborum
773 4675 931 4745 significant
972 4678 1101 4738 cendum,
1116 4676 1252 4729 ratalitiam
1275 4690 1364 4731 suani,
1380 4679 1530 4743 angustum
1548 4674 1574 4727 ei
1591 4675 1703 4730 ridetur
1719 4675 1765 4729 boc

133 4762 226 4822 corda.
241 4764 343 4834 quibus
357 4771 401 4818 est
415 4780 463 4829 ree,
476 4763 504 4816 id
531 4770 574 4817 cst
595 4773 699 4818 eterna
713 4764 865 4830 danmatio,
889 4769 928 4821 rel
969 4770 1092 4836 tempus,
1109 4762 1262 4835 quamlibet
1273 4762 1388 4832 prolixis
1405 4777 1549 4814 morarum
1560 4764 1661 4833 spatiis
1679 4770 1765 4834 prote·

132 4851 264 4919 perditio,
284 4852 403 4924 adquos
435 4860 564 4907 versutus
592 4854 722 4907 inimicus
742 4854 873 4925 expulsus
893 4857 928 4909 ab
969 4849 1762 4923 letanConsidemtquippequodjuxtasit,utlioentiaro,

133 4936 237 5003 electiS,
254 4939 407 5007 descendit,
422 4958 478 4995 non
493 4942 566 5012 quod
582 4942 609 4995 in
626 4944 666 4996 eis
685 4950 751 4995 arae
773 4958 829 4995 non
843 4954 926 5008 esset,
969 4943 1147 5012 nequissimae
1159 4940 1297 4994 libertatis
1311 4940 1424 4992 amittat
1439 4956 1445 4990 ε
1461 4945 1491 4991 et
1515 4944 1624 5008 quanto
1639 4939 1762 4992 brevitate

133 5026 436 5098 sedquiacxpulsusa
453 5031 588 5092 nonsuis,
620 5031 783 5100 arnpliusin
806 5030 864 5083 suis
877 5031 927 5085 do·
968 5031 1103 5100 temporis
1128 5034 1303 5098 angustatur,
1320 5033 1399 5081 tanto
1426 5026 1637 5097 multiplicitate
1659 5025 1761 5081 sceleris

131 5113 234 5168 minari
250 5115 409 5185 capitoni
425 5125 498 5172 recte
512 5126 589 5173 terra
604 5125 632 5172 et
644 5136 722 5173 mare
737 5126 926 5189 nuncupatur,
968 5118 1144 5189 expanditur.
1160 5119 1238 5171 lianc
1251 5122 1344 5170 autom
1357 5117 1417 5184 ejus
1432 5115 1545 5168 ruinam
1561 5121 1589 5167 et
1606 5115 1636 5169 in
1650 5115 1759 5169 adventu

21 5216 32 5259 .'
131 5202 197 5275 quia
213 5202 279 5256 dum
295 5219 406 5274 semper
417 5211 528 5260 terrena
542 5214 653 5278 petant,
669 5207 805 5278 superbia
835 5208 927 5261 llucti·
968 5203 1757 5279 nostriredemptorissactam.etnuncusquetieridebe·

129 5292 182 5348 bus
197 5291 309 5359 tumidi,
324 5298 352 5345 et
362 5293 491 5347 altimum
507 5296 643 5349 illecebris
662 5297 830 5350 :arnarissimi
846 5297 923 5350 inre·
965 5314 1028 5351 mus
1044 5299 1167 5351 credere.
1184 5295 1278 5349 Habet
1290 5300 1385 5347 autem
1411 5292 1540 5346 diabolus
1555 5292 1627 5345 iram
1653 5308 1707 5346 non
1721 5305 1758 5343 so

128 5382 256 5437 niuntur.
270 5380 383 5436 Talibus
396 5381 491 5451 itaque
505 5400 545 5437 rae
570 5384 704 5451 irunrinet,
721 5387 749 5440 id
764 5395 807 5441 est
820 5396 924 5441 eterna
965 5387 1024 5442 lum
1038 5395 1134 5441 contra
1150 5403 1206 5452 eoS,
1223 5385 1271 5456 qui
1285 5399 1334 5454 per
1348 5390 1452 5436 terram
1463 5386 1493 5434 et
1503 5396 1582 5434 mare
1595 5381 1753 5452 ligurantur.

127 5470 281 5536 damnatio,
294 5471 360 5548 quia
371 5470 495 5542 dejectus
509 5487 526 5525 a
554 5471 681 5528 fidelibus
706 5474 843 5541 diabolus,
860 5492 923 5530 cum
964 5475 1014 5531 sed
1026 5475 1111 5529 etiem
1121 5481 1219 5528 contra
1233 5490 1280 5527 cos
1295 5471 1386 5544 quiin
1401 5469 1621 5539 coelobabitant,
1638 5468 1754 5551 aquibus
