3818 6104
44 251 94 307 141
507 245 717 300 ENARRATIO
737 245 776 299 IN
796 240 974 298 MICHAEAM
991 245 1221 300 PROPHETAM.
1632 256 1685 314 142

37 391 118 447 gere,
135 380 164 428 et
178 372 329 443 praedicari
345 372 374 425 in
389 369 503 425 nomine
525 371 585 440 eJ'us
610 368 804 439 penitentiam
818 373 846 420 et
857 369 1090 433 Ameretrievbus,
1107 371 1254 441 pristinam
1278 372 1436 444 reciperent
1453 377 1584 445 gratiam.
1605 379 1686 443 Quod

40 463 241 517 remissionem
254 466 432 532 peccatorum
444 459 472 512 in
484 464 697 527 omnesgentas,
714 457 847 526 incipian·
888 465 981 511 autent
998 461 1037 511 ait
1048 460 1131 513 Deus.
1152 480 1161 508 ι
1179 461 1282 514 hedera
1293 460 1344 515 sub
1355 478 1410 515 una
1424 468 1505 518 nocte
1520 472 1587 520 nata
1601 473 1655 534 est,
1672 491 1684 520 ι

41 551 119 607 tibus
134 550 171 604 ab
181 550 370 604 Hierusalem.
384 568 418 599 v«
433 549 467 601 Et
482 547 580 618 petivit
595 572 607 597 n
624 548 708 600 Jonas
724 566 734 594 ι
748 547 848 598 animae
890 561 944 599 nox
959 551 1069 617 tempus
1080 547 1218 616 signiticat
1233 555 1298 601 ante
1313 550 1464 605 adventum
1478 553 1591 608 Christi.
1607 556 1687 620 Qvod

41 657 100 695 suae
124 645 159 694 ut
179 644 348 701 moreretur,
363 643 391 690 et
409 637 479 690 dixit
496 655 501 687 :
518 635 617 689 Melius
636 640 679 687 cst
693 635 762 687 mihi
778 633 849 687 mori
891 650 955 687 vero
970 634 1109 696 subditur,
1128 656 1138 685 ι
1161 636 1251 690 etsub
1265 653 1322 691 una
1341 647 1422 693 nocte
1432 642 1525 711 periit,
1544 661 1555 693 r
1572 658 1627 697 nox
1639 645 1689 699 ite-

42 746 129 802 quam
146 729 249 782 vivere.
265 725 320 780 nIn
332 725 502 797 baptismate
513 741 576 778 curn
593 722 690 785 Israel,
700 724 767 777 utin
777 723 851 775 lava·
891 739 954 776 rum
968 723 1097 793 designat
1108 725 1258 795 ternpusin
1274 742 1329 796 quo
1344 728 1488 783 Christum
1502 738 1686 801 neg-averunt,

42 834 90 871 cro
105 817 268 887 reciperent
282 816 438 877 humorem,
460 830 542 883 quem
562 812 691 882 negando
706 811 849 865 Christum
892 811 1004 881 quando
1020 811 1061 865 eis
1075 829 1157 866 verus
1169 814 1217 867 Sol
1229 814 1346 883 justitia
1355 816 1495 873 occubuit.

45 905 241 978 perdiderant.
259 904 339 958 Unde
354 908 383 956 et
403 903 504 956 Petrus
526 900 764 970 interrogantibus
784 898 851 969 quid
929 920 943 950 a
963 901 997 954 Et
1011 916 1072 970 ego.
1088 901 1190 971 inquit,
1207 918 1262 956 non
1273 919 1386 973 parcam
1401 906 1500 960 Ninive
1510 908 1616 964 civitati
1630 926 1689 964 ma·

43 999 174 1066 agerent,
192 992 336 1047 dicebam
350 989 547 1045 Poenitentiam
561 989 684 1059 agite‚et
695 988 852 1059 baptizetur
891 1005 962 1059 gnae.
984 1007 995 1039 r
1013 989 1113 1042 Ninive
1137 990 1234 1043 civitas
1247 1007 1350 1061 magna
1371 991 1497 1048 Ecclesia
1511 1002 1563 1061 est,
1580 1015 1613 1052 ex
1624 999 1690 1053 rmi-

45 1082 245 1153 unusquisque
255 1086 388 1134 vestrum,
408 1099 421 1131 n
441 1079 521 1142 Quod
536 1094 601 1131 vero
616 1077 745 1139 diximus
759 1078 788 1131 in
802 1077 851 1130 ba·
892 1078 1024 1132 versitate
1038 1078 1164 1147 gentium
1182 1087 1360 1150 congregata.
1377 1081 1484 1137 Revera
1497 1100 1609 1154 magna,
1624 1088 1692 1157 quia

46 1172 154 1244 ptismo
170 1185 235 1224 eum
250 1170 323 1223 mori
338 1168 418 1232 velle,
434 1166 559 1236 Apostoli
579 1175 622 1219 est
638 1165 787 1230 sententia,
804 1165 852 1235 qui
893 1167 981 1220 multo
993 1167 1082 1235 major
1090 1172 1132 1220 est
1143 1168 1293 1221 multitudo
1304 1170 1428 1224 fidelium
1438 1187 1472 1225 ex
1485 1174 1614 1229 omnibus
1623 1191 1691 1245 gen·

46 1254 609 1329 diciteruicunquebaptizatisumusin
620 1254 731 1307 Christo
743 1253 852 1321 lesuin
894 1256 978 1322 tibus,
995 1271 1079 1326 quam
1095 1257 1241 1311 duodecim
1257 1256 1347 1311 tribus
1372 1257 1468 1314 lsrael.
1489 1261 1572 1324 Quod
1594 1269 1691 1318 autem

48 1353 140 1401 morte
157 1345 248 1417 ipsius
262 1343 394 1414 baptizati
409 1357 516 1396 sumus.
530 1340 673 1404 »Quidam
688 1356 810 1393 vermem
825 1344 853 1392 et
894 1343 970 1409 dicit,
982 1345 1032 1397 «in
1046 1360 1102 1415 qua
1115 1350 1182 1398 sunt
1195 1346 1257 1417 plus
1268 1362 1352 1416 quarn
1367 1353 1478 1402 centum
1488 1348 1588 1419 viginti
1602 1351 1693 1406 miliia

47 1440 179 1488 urentem
203 1438 331 1494 ventum,
357 1432 501 1485 Romanos
522 1429 693 1498 intelligunt,
716 1428 774 1498 qui,
791 1433 853 1498 post
894 1433 1050 1493 homiuum,
1068 1434 1116 1504 qui
1139 1422 1268 1488 nesciunt
1283 1435 1350 1505 quid
1365 1436 1404 1489 sit
1416 1436 1491 1490 inter
1503 1437 1647 1492 dexteram
1663 1444 1693 1494 et

49 1522 154 1578 Christi
182 1521 418 1576 resurrectionem
443 1525 472 1572 et
492 1518 696 1578 ascensionem,
713 1515 848 1570 Israelem
890 1521 1033 1575 sinistram
1051 1538 1141 1584 suam,
1165 1529 1194 1576 et
1213 1523 1343 1591 jumenta
1358 1525 1457 1590 multa,
1472 1526 1553 1595 juxta
1566 1526 1692 1583 litteram

48 1612 161 1683 penitus
171 1611 345 1665 deleverunt.
863 1610 1072 1707 Binnocentem
1086 1616 1115 1664 ct
1126 1610 1280 1680 simplicem
1293 1612 1474 1681 parvulorum
1485 1620 1514 1667 et
1528 1614 1695 1672 lactentium

56 1693 119 1755 *vEt
128 1700 203 1754 dixit
212 1700 349 1754 Dominus
360 1695 855 1763 adJonam,Putasncbeneirasceris
896 1703 1035 1750 monstrat
1048 1704 1169 1761 aetatern,
1186 1707 1218 1752 ut
1229 1699 1294 1752 hinc
1314 1700 1461 1769 colligatur
1471 1707 1593 1771 quantus
1608 1704 1695 1759 hierii:

51 1795 79 1843 te
92 1805 181 1859 super
195 1787 397 1842 hederamlEt
410 1787 490 1849 dixit,
502 1788 576 1840 Bene
587 1786 754 1855 irascorego
766 1799 854 1854 usque
895 1802 1030 1839 uumerus
1054 1787 1170 1855 majoris
1193 1787 1292 1847 artatis,
1310 1787 1442 1842 sitantus
1459 1789 1544 1844 fuerit
1564 1793 1694 1862 parrulo-

52 1877 226 1932 admortem.
241 1897 252 1925 ι
266 1875 401 1947 Superius
407 1876 467 1945 jam
478 1876 584 1929 salvato
600 1872 853 1944 perpoenitentiam
894 1891 968 1928 rum.
988 1875 1036 1927 Vel
1058 1880 1134 1928 certe
1148 1875 1176 1928 in
1192 1892 1226 1928 ea
1240 1875 1352 1929 civitate
1366 1882 1428 1930 erat
1443 1878 1584 1933 immensa
1596 1880 1694 1935 multi-

51 1966 240 2020 Ninivitarum
254 1965 366 2036 populo,
382 1964 481 2017 iisdem
498 1963 589 2016 verbis
601 1963 792 2032 interrogatus
807 1962 852 2014 lo·
892 1963 970 2025 tudo,
987 1979 1048 2034 quae
1066 1967 1132 2016 ante
1156 1963 1349 2033 poenitentiam
1368 1966 1517 2035 ignorabat
1538 1967 1606 2038 quid
1618 1975 1694 2025 esset

54 2070 99 2109 nas
115 2054 187 2108 nihil
209 2053 364 2124 respondit,
387 2052 454 2106 licet
475 2052 582 2105 videret
598 2067 654 2105 non
668 2067 729 2104 esse
744 2052 850 2104 sactum
893 2052 967 2105 inter
990 2052 1095 2105 bonum
1114 2057 1143 2105 et
1159 2053 1274 2106 malum.
1296 2052 1368 2107 Boni
1384 2054 1460 2108 enim
1475 2072 1526 2126 per
1537 2056 1695 2125 dexteram,

55 2143 123 2214 quod
141 2141 324 2214 praedixerat,
339 2141 387 2194 sed
407 2140 518 2194 Domini
538 2140 787 2210 interrogationem
802 2154 852 2191 suo
893 2140 960 2193 mali
971 2140 1147 2211 accipiuntur
1158 2157 1207 2209 per
1216 2141 1370 2195 sinistram.
1381 2143 1435 2197 Sed
1445 2142 1475 2196 in
1487 2142 1611 2199 Ecclesia
1619 2145 1698 2201 sicvxt

57 2230 165 2285 alentio
181 2229 383 2301 comprobavit.
409 2229 521 2283 Sciebat
534 2229 608 2282 enim
630 2228 781 2282 Dominum
796 2227 852 2280 cle·
893 2229 923 2281 in
935 2244 1038 2299 magna
1051 2229 1133 2282 domo
1147 2236 1214 2283 sunt
1226 2235 1329 2284 vasaet
1340 2231 1369 2284 in
1379 2231 1515 2286 honorem
1530 2238 1606 2300 sunt,
1622 2239 1652 2289 et
1666 2234 1705 2295 in,

56 2320 261 2374 acutissimum
272 2335 332 2372 esse
343 2322 371 2371 et
384 2318 480 2371 multae
493 2317 694 2372 miserationis,
710 2317 791 2369 Nunc
804 2331 853 2368 au·
895 2316 1105 2376 contumeliam,
1121 2323 1187 2372 sunt
1206 2320 1345 2384 carnales,
1359 2327 1427 2374 sunt
1440 2324 1467 2374 et
1478 2321 1626 2393 spiritales,
1642 2328 1697 2379 est-

58 2414 106 2463 tem
118 2426 184 2463 cum
199 2407 230 2461 in
244 2408 394 2462 siccatione
407 2407 516 2461 hederae
531 2407 667 2460 intellexit
681 2405 793 2460 Israelis
811 2421 853 2458 re·
894 2422 948 2476 que
959 2404 997 2458 ibi
1012 2405 1139 2459 infinitus
1150 2407 1344 2475 jumentorum
1359 2423 1504 2475 numerus,
1520 2410 1573 2463 hoc
1587 2416 1639 2475 est,
1656 2410 1698 2465 ir·

60 2498 259 2571 probationem,
277 2496 463 2551 audacissime
478 2496 638 2566 respondit:
657 2495 730 2548 Bene
749 2495 856 2548 irascor
896 2493 1106 2548 rationabilium
1131 2501 1159 2548 et
1185 2495 1276 2548 ventri
1302 2496 1492 2562 servientium,
1514 2498 1562 2568 qui
1579 2514 1697 2572 prospe-

60 2601 103 2657 ego
117 2602 209 2658 usque
224 2587 261 2648 ad
280 2591 410 2640 mortem.
427 2586 490 2639 Non
504 2584 578 2638 enirn
593 2584 732 2638 Ninivitas
746 2583 786 2637 sic
799 2583 852 2636 sal·
897 2587 975 2636 etant
988 2589 1103 2643 terram,
1116 2583 1242 2653 nunquid
1257 2585 1358 2637 ccelum
1373 2584 1546 2655 respiciunt?
1556 2586 1596 2640 De
1608 2588 1698 2658 quaii-

60 2692 117 2729 vare
133 2675 221 2742 volui,
238 2679 272 2729 ut
285 2674 374 2729 ludaei
389 2674 523 2744 perirent,
539 2689 590 2726 nec
611 2673 651 2726 sic
664 2672 739 2725 volui
752 2671 856 2725 lucrari
897 2671 948 2725 bus
961 2669 1029 2725 dicit
1043 2671 1201 2736 Psalmista,
1221 2692 1232 2722 v
1255 2672 1345 2726 Homo
1359 2689 1421 2726 cum
1441 2673 1470 2726 in
1489 2674 1596 2729 honore
1610 2682 1695 2744 esset,

61 2764 169 2828 alienos,
185 2769 219 2817 ut
228 2762 374 2834 perderem
400 2762 538 2833 proprios.
554 2762 638 2815 Juxta
653 2766 771 2831 creptam
786 2759 855 2813 alle·
897 2776 953 2814 non
968 2759 1105 2813 intellexit
1120 2779 1125 2812 :
1141 2765 1320 2830 comparatus
1333 2766 1374 2815 est
1385 2763 1522 2830 jumentis
1535 2763 1696 2834 insipienti-

63 2853 164 2923 goriam
179 2852 209 2906 in
228 2851 304 2905 dona
318 2850 501 2921 intelligimus
517 2850 671 2913 Christum,
688 2849 735 2920 qui
747 2847 857 2918 plangit
896 2847 958 2912 bus,
974 2855 1003 2902 et
1016 2847 1115 2902 similis
1131 2849 1221 2903 factus
1236 2854 1279 2902 est
1293 2849 1356 2903 illis.
1378 2850 1457 2904 »Nec
1468 2853 1697 2921 pratereundum

65 2946 222 3011 pereuntem
234 2937 460 3002 Hier·usalem,et
473 2937 582 3009 plangit
590 2953 678 3007 usque
689 2937 723 2990 ad
737 2948 854 2991 mortem
897 2937 969 3007 quod
987 2937 1016 2989 in
1029 2936 1128 2990 Ninive
1141 2938 1298 3007 plusquam
1312 2943 1423 2992 centum
1431 2939 1531 3009 viginti
1545 2940 1634 2995 millia
1644 2942 1698 2997 llo·

65 3044 111 3085 non
135 3045 228 3094 suam,
248 3028 298 3081 sed
319 3028 490 3092 Judaeorum,
512 3027 560 3098 qui
583 3026 710 3080 excaecati
733 3031 808 3091 sunt,
825 3031 860 3079 ut
898 3024 1005 3077 minum
1018 3024 1103 3078 tuisse
1117 3024 1259 3092 dicuntum
1270 3025 1462 3096 quinumorus
1474 3044 1609 3099 magnum
1622 3032 1651 3085 in
1667 3049 1698 3086 aa

67 3117 184 3189 gentium
204 3115 278 3170 oculi
292 3114 428 3182 viderent,
444 3115 549 3169 mortui
559 3119 591 3168 ut
604 3119 703 3185 gentes
721 3115 854 3178 viverent,
899 3112 1024 3167 continet
1037 3113 1205 3184 mysterium
1219 3132 1224 3166 :
1236 3130 1301 3167 nam
1317 3120 1428 3169 centum
1442 3116 1540 3187 viginti
1547 3118 1656 3185 tiunt,si
1662 3119 1698 3175 ab

67 3206 201 3258 credentes
216 3204 246 3257 in
261 3203 363 3258 Filium
379 3203 439 3257 Dei.
867 3162 957 3254 Cuno
970 3198 1106 3270 incipiens
1119 3216 1207 3272 usque
1222 3202 1258 3255 ad
1277 3202 1435 3272 quindecim
1447 3212 1596 3276 sequentes
1611 3213 1698 3263 nalu-

96 3311 107 3344 r
123 3293 157 3348 Et
170 3291 242 3346 dixit
254 3291 408 3346 Dominus:
426 3292 468 3345 Tu
482 3291 560 3345 doles
573 3309 658 3362 super
668 3291 811 3354 hederam,
828 3291 857 3344 in
898 3289 996 3343 raiiter
1005 3306 1138 3344 numeros
1150 3290 1203 3344 sibi
1217 3307 1328 3361 semper
1337 3291 1461 3362 adjicies,
1471 3294 1520 3347 uni
1535 3294 1610 3349 enim
1625 3296 1698 3351 addo

68 3398 139 3452 quam
155 3397 212 3435 non
227 3380 372 3446 laborasti,
392 3396 483 3452 neque
497 3379 586 3434 fecisti
601 3386 633 3434 ut
645 3384 857 3449 cresceretque
898 3378 977 3441 duos,
996 3377 1069 3431 fiunt
1077 3383 1134 3432 tres
1147 3395 1153 3430 :
1165 3378 1237 3432 adde
1247 3386 1315 3445 tres,
1325 3380 1398 3434 flunt
1409 3397 1471 3434 sex:
1482 3382 1554 3437 adde
1565 3388 1695 3455 quatuor,

69 3469 109 3523 sub
126 3487 183 3524 una
202 3475 285 3523 nocte
300 3474 368 3522 nata
391 3474 443 3533 est,
459 3474 488 3523 et
501 3468 552 3522 sub
565 3485 622 3522 una
636 3475 716 3522 nocte
731 3467 822 3539 periit.
844 3486 854 3517 r
898 3468 970 3520 liunt
984 3468 1090 3521 decem.
1108 3469 1168 3522 Hoc
1189 3468 1212 3522 si
1238 3485 1327 3540 usque
1349 3470 1384 3523 ad
1400 3470 1570 3540 quindecim,
1586 3479 1698 3530 servata

69 3557 119 3612 Non
133 3558 273 3613 laboravit
281 3559 367 3612 Jonas
380 3559 409 3612 in
418 3558 532 3622 hedera,
544 3575 595 3611 nec
609 3557 737 3612 Salvator
745 3561 855 3610 tanturn
898 3556 1035 3609 naturalis
1060 3557 1171 3610 numeri
1194 3557 1275 3622 serie,
1290 3558 1349 3622 liat,
1375 3564 1487 3613 centum
1505 3558 1604 3630 viginti
1618 3578 1698 3633 repe·

69 3644 193 3700 laborarit
208 3647 236 3701 in
259 3645 371 3711 Iudaeis,
389 3663 473 3719 quam
495 3648 524 3700 in
545 3646 685 3716 gentibus.
707 3645 768 3699 Mox
782 3644 856 3697 enim
898 3645 1015 3698 riantur.
1033 3645 1124 3715 Super
1138 3650 1180 3698 tot
1195 3646 1341 3700 credentes
1356 3647 1432 3701 venit
1445 3646 1566 3719 Spiritus
1582 3655 1696 3707 sanctas

70 3735 148 3790 educti
159 3735 193 3788 de
216 3735 353 3807 AEgypt0‚
376 3736 556 3805 projecerunt
569 3734 653 3793 idola,
670 3740 698 3787 et
712 3750 762 3804 pro
777 3742 856 3804 parta
897 3733 926 3785 in
941 3733 985 3786 die
998 3733 1185 3790 Pentecostes.
1197 3734 1404 3797 Quindeuarius
1415 3741 1510 3790 autem
1523 3751 1698 3794 uumerusex

70 3823 216 3879 servierunt
233 3822 362 3878 Domino.
380 3825 417 3877 ht
434 3823 463 3875 in
477 3822 604 3893 gentium
619 3822 721 3892 populo
735 3822 856 3874 multum
897 3822 1057 3892 septenario
1068 3829 1097 3875 et
1107 3822 1250 3876 octonario
1259 3824 1578 3896 constatSeptemenim·
1586 3831 1695 3894 atocio,

71 3908 211 3969 laborarit:
226 3928 277 3982 pro
288 3911 329 3965 ais
338 3912 421 3965 homo
436 3911 526 3965 factus
535 3915 588 3973 cst,
598 3927 661 3964 cum
677 3916 751 3964 esset
760 3911 853 3964 Deus:
899 3910 1059 3981 quindecim
1070 3914 1191 3975 sunt,tot
1203 3916 1284 3964 erant
1297 3912 1437 3981 gradusin
1452 3915 1558 3983 templo
1568 3912 1694 3981 Domini,

72 3999 157 4067 praeis
170 3999 377 4070 alapassputa,
395 3998 520 4070 spineam
534 4014 666 4052 coronam
683 4004 857 4067 mortemque
898 4002 940 4051 tot
954 3999 1039 4052 etiam
1050 4004 1117 4052 sunt
1130 3998 1230 4068 psalmi
1245 3998 1345 4068 quibus
1353 4005 1444 4054 exstat
1454 4001 1581 4067 titulus,‹
1597 4002 1696 4057 Canti-

73 4086 193 4141 sustinuit
208 4105 214 4140 :
243 4087 278 4143 ad
292 4086 395 4141 inferos
408 4087 561 4153 descendit,
582 4092 615 4141 ut
628 4086 669 4140 illi
683 4087 783 4140 coelum
794 4103 857 4140 con·
898 4103 961 4140 cum
976 4086 1126 4157 graduum.
1145 4106 1157 4138 a
1173 4087 1226 4140 Tot
1239 4084 1337 4140 diebus
1362 4086 1468 4142 Paulus
1482 4104 1546 4142 cum
1560 4088 1696 4160 apostolis

75 4176 233 4230 scanderent.
248 4174 329 4229 Unde
342 4175 429 4235 fratre
438 4174 555 4246 prodigo
566 4175 601 4228 ad
612 4180 719 4246 patrem
734 4191 856 4242 reverso,
898 4174 994 4240 luisse,
1008 4180 1037 4228 et
1063 4191 1126 4228 cum
1142 4175 1181 4228 eis
1202 4175 1383 4245 Evangelium
1408 4175 1695 4248 contulissalegttur.

76 4260 222 4334 indignatur
229 4263 318 4318 irater
328 4265 429 4334 major,
440 4269 469 4318 et
476 4263 727 4334 querebaturpatri
742 4263 837 4316 dicens
848 4281 853 4316 :
866 4264 973 4337 pBene
982 4279 1048 4332 ergo
1059 4263 1208 4317 multitudo
1219 4263 1404 4318 Ecclesiaetaii
1414 4264 1695 4336 praefulgetnumero,
1747 4264 1751 4281 ’

77 4347 136 4405 Ecce
145 4357 186 4408 tot
197 4354 280 4408 annis
290 4352 380 4407 servio
394 4352 458 4421 tibi,
473 4357 500 4407 et
515 4369 660 4424 nunquam
674 4352 776 4406 dedisti
788 4351 856 4405 mihi
897 4351 926 4404 in
935 4368 990 4421 quo
1000 4351 1070 4405 Novi
1082 4368 1114 4404 ac
1127 4351 1236 4406 Veteris
1255 4352 1427 4407 Testamenti
1442 4355 1577 4426 mysteria
1587 4360 1615 4410 et
1629 4369 1696 4412 cen·

80 4436 218 4508 hadumut
228 4458 292 4496 cum
308 4440 480 4496 amicismeis
492 4443 630 4513 epularer.
643 4440 771 4495 Graviter
781 4441 856 4497 enim
897 4441 1007 4494 tenaria
1020 4440 1167 4510 quadrata,
1183 4457 1216 4494 ac
1226 4440 1377 4496 millenarii
1390 4441 1493 4511 cubita,
1504 4443 1535 4498 id
1548 4449 1592 4499 est
1605 4443 1697 4499 salida

79 4523 168 4584 larebat
181 4530 268 4584 lsrael
284 4529 361 4601 quod
370 4530 619 4602 gentes,dissipata
627 4529 785 4585 substantia
791 4546 854 4583 cum
897 4528 1030 4599 perfectio
1043 4528 1214 4583 declaratur.

466 4769 536 4844 IN
559 4765 879 4846 MIOHAEAM
905 4766 1321 4844 PROPHauaua

316 4987 435 5049 CAPUT
444 4986 597 5046 PRIMUM,
899 4989 1089 5055 exspectemus
1102 4983 1245 5056 mysteria,
1256 4984 1304 5056 qui
1322 4984 1352 5039 in
1365 4983 1521 5041 meditullio
1535 4992 1564 5040 et
1577 4986 1653 5041 velut
1666 4984 1697 5044 in

109 5075 248 5136 «Verbum
261 5079 374 5137 Domini
389 5077 463 5150 quod
485 5076 588 5132 factum
604 5081 647 5129 est
667 5074 701 5129 ad
715 5073 858 5130 Michaeam
899 5073 982 5127 corde
996 5073 1153 5145 prophetici
1165 5072 1271 5129 ordinis
1290 5074 1397 5145 positus
1412 5081 1464 5130 est.
1476 5073 1541 5130 Fuit
1553 5081 1647 5132 autem
1660 5075 1695 5130 d'o

82 5162 266 5240 Homsthitem,
277 5169 309 5223 in
322 5165 679 5231 dicbusloatbam,dchaa‚
694 5169 723 5218 ct
736 5162 859 5219 Ezechiae
899 5161 1044 5228 Morasthi‚
1061 5162 1107 5232 qui
1121 5167 1164 5215 est
1182 5161 1288 5216 viculus
1309 5163 1474 5218 Palaestina.
1491 5165 1697 5236 Interpretatur

82 5259 250 5325 amulcus,
264 5257 339 5328 quod
351 5255 509 5326 viditsuper
522 5253 677 5308 Samariam
689 5253 860 5306 etHierusa·
901 5256 995 5304 autem
1015 5250 1160 5315 Morasthi‚
1182 5250 1280 5306 haeres.
1303 5250 1338 5306 Et
1354 5253 1469 5324 pulchre
1488 5251 1626 5315 Michaeas,
1648 5252 1696 5324 qui

80 5337 277 5402 lem.rMichaeas
287 5342 484 5417 propheta,qui
496 5339 857 5413 interpretaturQuidquid,
900 5339 1044 5393 humilitas
1061 5339 1308 5408 interpretatur‚de
1320 5358 1368 5412 spe
1378 5340 1549 5396 haereditatis
1561 5343 1695 5408 nascitur,

81 5428 112 5482 iel
124 5432 196 5502 Quis,
211 5433 357 5506 quasisive
374 5431 535 5497 Humilitaa
552 5436 647 5487 sextus
661 5430 748 5484 estin
763 5427 860 5485 ordine
902 5428 949 5498 qui
959 5427 1035 5481 enim
1055 5427 1223 5483 humilitatis
1242 5430 1373 5484 virtutem
1390 5447 1439 5501 pro
1452 5428 1509 5484 Deo
1524 5436 1621 5485 tenere
1636 5436 1697 5485 stu·-

84 5513 210 5581 dbadacim
221 5522 437 5596 prophetarum,
453 5524 537 5590 atque
560 5518 632 5574 ideo⁴
646 5517 786 5600 protunda
800 5519 861 5588 ejas
901 5515 1097 5583 duerit‚haeres
1109 5515 1160 5571 Dei
1168 5523 1196 5571 et
1209 5518 1332 5574 cohaeres
1342 5517 1446 5573 Christi
1460 5534 1521 5573 esse
1535 5517 1698 5585 merebitur,
