3818 6104
65 251 107 309 49
590 263 802 325 mutuatum
817 266 857 325 IN
871 267 963 328 DSEE
976 269 1208 330 Paoausrsst.
1686 276 1721 335 5⁰

63 381 219 455 frugibus,
232 383 327 456 idest,
347 389 494 460 completis
513 389 594 445 bonis
608 391 741 463 operibus
753 390 911 457 abunde-A
919 396 1014 468 potius
1027 397 1097 452 velle
1113 396 1345 463 misericordiam,
1363 402 1395 452 ut
1407 395 1530 469 primum
1553 398 1721 455 misereren-

63 488 151 537 mus,
168 475 201 531 in
210 475 314 533 horrea
327 477 472 534 Dominica
486 479 680 539 recondemur.
689 480 740 535 Vel
749 497 882 537 nuncno-
922 488 970 539 tur
983 485 1045 550 sibi,
1059 487 1142 557 juxta
1159 486 1243 541 illud:
1259 487 1321 551 titi,
1330 487 1464 541 miserere
1475 487 1577 543 anima
1589 495 1645 543 tuse
1658 488 1720 560 pla·

64 560 117 616 bis
130 562 227 620 imber
240 570 504 638 esttemporanens,
515 568 583 623 dum
594 585 627 624 ex
647 570 881 641 partecognosci-
921 587 988 628 cens
1006 575 1073 636 Deo,
1104 574 1206 629 deinde
1225 574 1404 646 pauperibus,
1425 581 1454 629 et
1472 575 1617 630 scientiam
1637 582 1720 632 recta

62 666 152 706 mus.
167 653 231 708 Erit
239 660 269 708 et
282 655 434 721 serotinus,
449 657 561 728 quando
577 658 684 712 venerit
694 659 768 729 quod
787 659 880 730 perfe-
920 661 987 716 fidei
1001 679 1065 717 cum
1080 664 1123 716 sui
1138 662 1397 735 cognitionc,qnnm
1409 665 1720 737 holocausta,quiasiue

60 743 155 794 ctum
169 747 224 795 est.
237 741 414 814 Ergo-Iudai
424 745 474 814 qui
488 761 545 799 non
559 753 726 817 receperunt
739 752 880 817 tempora·
919 750 975 805 tide
987 756 1015 804 et
1028 751 1220 806 misericordia
1236 752 1409 822 impossibiie
1423 761 1467 808 est
1481 754 1591 826 placere
1606 755 1674 810 Deo.

59 843 158 896 neas,
171 835 204 885 et
220 829 328 903 absque
341 831 444 904 pluviis
458 833 724 899 messuere,fructns
737 851 834 890 semen
848 836 878 890 in
957 838 1038 909 «Ipsi
1054 845 1148 894 autem
1158 840 1231 895 sicut
1243 841 1334 896 Adam
1348 844 1516 913 transgressi
1530 849 1721 916 suntpactum

60 915 182 974 ultimo
198 924 325 993 tempore
337 937 394 977 non
407 921 553 992 recipient.
920 941 1024 981 meum.
1042 946 1055 981 a
1076 929 1115 982 hc
1128 929 1152 982 si
1164 929 1270 984 diceret
1286 949 1292 983 :
1309 931 1375 984 ideo
1389 947 1446 985 non
1462 937 1595 1003 poterunt
1604 933 1720 1004 pnrgari

115 1026 135 1062 u
151 1011 228 1078 Quid
239 1009 340 1066 faciam
352 1010 414 1076 tibi,
433 1008 594 1081 Ephraim?
609 1011 676 1082 quid
695 1011 793 1066 focium
815 1011 876 1080 tibi,
920 1031 972 1085 per
986 1016 1134 1082 sacrificia,
1147 1017 1220 1071 sicut
1233 1019 1382 1083 aestimant,
1399 1019 1465 1090 quia
1479 1020 1551 1075 sicin
1564 1021 1655 1076 Adam
1668 1038 1720 1092 gu-

58 1101 234 1159 Judalrhc
247 1099 270 1154 si
281 1098 405 1154 diceret:
421 1098 776 1164 Quomodotesincdotore
786 1101 878 1157 cordis
920 1103 1021 1157 stando
1036 1120 1150 1175 pomum
1166 1104 1235 1175 ligni
1254 1107 1342 1172 vetiti,
1362 1110 1532 1180 contempsit
1546 1110 1596 1164 Dei
1613 1127 1719 1181 prace-

59 1189 193 1245 tradere
212 1193 309 1260 potero
327 1186 464 1254 hostibus,
487 1193 536 1243 aut
549 1187 623 1258 quod
639 1187 814 1242 medicamen
825 1188 877 1244 tibi
919 1192 1057 1261 ptum,ita
1071 1193 1119 1247 isti
1134 1194 1366 1264 transgrediendo
1375 1196 1464 1265 legem
1475 1196 1721 1260 divinam,faciunt

61 1278 235 1350 imponam,
251 1281 285 1331 ut
298 1281 327 1331 te
340 1276 454 1331 sanitati
470 1275 638 1331 restituam?
654 1295 665 1329 o
686 1276 878 1332 Misericordia
918 1291 1018 1334 contra
1032 1280 1083 1335 Dei
1096 1289 1278 1354 preceptum,
1291 1300 1346 1354 quo
1361 1284 1433 1337 dixit
1447 1284 1505 1338 cis:
1523 1285 1585 1340 Non
1606 1286 1718 1342 faciatis

63 1372 172 1421 vestra
192 1364 274 1437 quasi
303 1364 393 1420 nubes
421 1365 572 1429 matutina,
588 1369 617 1418 ct
635 1364 716 1436 quasi
732 1381 778 1419 ros
795 1379 878 1418 unane
918 1368 1246 1426 vobisdeosnlienoszet
1260 1371 1390 1427 sicutitla
1404 1373 1527 1443 perdidit
1541 1375 1716 1445 paradisum,

63 1453 282 1527 pertransiens,
308 1473 323 1507 s
343 1453 372 1508 id
388 1450 441 1515 est,
466 1454 540 1508 sicut
561 1453 691 1507 veniente
706 1453 774 1518 sole,
789 1452 878 1508 nubes
918 1455 960 1510 ita
974 1462 1002 1510 et
1016 1457 1062 1511 isti
1075 1459 1194 1529 perdent
1208 1463 1324 1525 terram,
1341 1476 1426 1530 quom
1439 1467 1606 1531 acceperant
1620 1461 1649 1516 in
1664 1463 1719 1520 has·

65 1559 138 1614 quse
159 1547 265 1597 tabam
283 1546 394 1596 noctem
416 1542 578 1597 reddiderat
601 1541 764 1612 pertransit,
783 1545 813 1596 et
830 1557 878 1596 ve·
918 1544 1077 1601 reditatem.
1096 1568 1108 1596 r
1127 1547 1204 1603 Ubii
1221 1548 1274 1602 hoc
1288 1554 1341 1613 est,
1356 1549 1385 1603 in
1400 1549 1499 1608 Adam,
1516 1550 1574 1604 sive
1589 1550 1674 1606 etiam
1686 1552 1717 1609 in

66 1631 127 1687 luti
144 1646 231 1685 mane
245 1646 416 1703 consurgens
427 1647 474 1685 ros
484 1636 546 1686 orto
560 1630 618 1684 sole
628 1629 758 1695 siccatur,
770 1630 811 1685 ita
829 1630 878 1684 iila
918 1633 1058 1704 paradiso,
1081 1652 1094 1688 c
1113 1636 1285 1706 prevaricati
1307 1643 1374 1691 sunt
1388 1637 1416 1691 in
1431 1654 1486 1701 me,
1514 1638 1619 1706 »juxta
1642 1640 1719 1710 quod

70 1719 348 1791 misericordiaque
362 1719 438 1774 robis
451 1719 577 1774 misereri
587 1735 797 1779 consueveram.
813 1707 909 1790 per-B
919 1722 1069 1792 Apostolus
1083 1724 1142 1778 ait:
1162 1722 1195 1777 In
1206 1741 1261 1794 qun
1277 1741 1374 1780 omnes
1389 1727 1717 1796 peccaveruntQuotidia

71 1808 201 1874 transiit,
219 1808 306 1863 eham
326 1808 403 1864 vobis
426 1814 539 1880 tempus
551 1808 723 1879 captivitatis
738 1807 876 1874 imminet,
919 1810 1005 1864 etiam
1019 1817 1048 1866 ot
1061 1829 1109 1866 cos
1126 1813 1173 1884 qui
1188 1813 1265 1867 intra
1280 1814 1429 1868 Ecclesiam
1445 1820 1521 1880 sunt,
1536 1820 1565 1869 et
1588 1822 1716 1886 peccant,

74 1897 132 1952 cito
145 1912 199 1969 per
208 1896 340 1967 Assyrios
353 1902 383 1951 et
391 1897 560 1968 Babylonios
574 1901 732 1951 venturum.
919 1904 948 1952 et
957 1900 1005 1969 qui
1019 1905 1099 1955 extra
1115 1901 1267 1956 Ecclesiam
1282 1908 1502 1967 commorantur,
1523 1904 1559 1958 ad
1580 1904 1720 1975 preniten-

112 2007 123 2038 ι
141 1984 265 2058 Propter
275 1988 328 2042 hoc
342 1986 434 2041 dolari
449 1986 477 2039 in
492 1985 637 2057 prophetis
664 1984 736 2039 »Ne
751 1983 878 2038 dicerent
918 1986 987 2040 tiam
998 1988 1134 2043 Dominus
1149 1996 1236 2055 vocat,
1248 1997 1275 2045 et
1291 1991 1325 2045 ad
1340 1991 1562 2046 misericordiam
1576 1997 1716 2064 rectaeque

75 2077 167 2135 iudai
178 2077 387 2134 excusationem
403 2079 573 2146 quarentes:
586 2075 609 2128 s
623 2071 875 2145 pseudoprophetis
916 2073 981 2128 fidei
994 2074 1149 2141 scientiam,
1165 2077 1277 2131 dicens:
1292 2096 1305 2130 r
1322 2078 1540 2134 Misericordiam
1548 2082 1621 2146 uolo,
1635 2086 1714 2136 sete.

76 2167 186 2241 decepti
199 2183 306 2230 sumus,
316 2180 414 2237 pacem
425 2161 875 2234 nobispromittentibus,idcoque
916 2162 1054 2218 Videntur
1068 2165 1143 2219 enirn
1160 2166 1230 2220 tales
1245 2166 1346 2221 offerre
1360 2167 1418 2222 Deo
1433 2184 1560 2231 munera,
1573 2175 1602 2223 et
1613 2170 1717 2227 sectari

77 2257 263 2329 peccavimus,
286 2260 408 2311 testatur
428 2269 458 2307 se
480 2253 617 2308 Dominus
629 2251 707 2323 prius
725 2250 876 2322 propbetas
916 2250 1116 2320 humilitatem,
1133 2259 1163 2308 et
1175 2254 1564 2328 facereelecmosynnm,quae
1578 2259 1716 2315 sacnticia

78 2345 264 2412 interfecisse,
287 2349 320 2398 ut
335 2343 388 2415 ipsi
411 2358 459 2396 eos
479 2341 584 2396 occisos
598 2357 616 2394 a
637 2339 755 2396 Domino
770 2337 874 2391 intelli·
916 2348 1092 2408 vocarentur,
1108 2343 1133 2397 si
1150 2359 1213 2397 cnm
1228 2345 1396 2399 rectitudine
1410 2345 1474 2400 fidei
1488 2351 1517 2400 at
1531 2345 1604 2400 bona
1615 2347 1715 2403 rotun·

78 2440 185 2504 gentes,
203 2438 233 2488 et
252 2433 300 2505 qui
314 2431 427 2487 fuerant
438 2430 465 2485 ei
479 2445 565 2485 causa
579 2429 693 2493 erroris,
710 2425 874 2496 interempti
916 2433 973 2483 tate
988 2431 1180 2501 procederent.
1200 2432 1254 2487 Sed
1271 2449 1335 2487 curn
1350 2439 1380 2487 et
1393 2434 1422 2488 hi
1433 2433 1664 2503 misericordiam,
1684 2443 1714 2492 et

78 2523 294 2578 verterenturin
319 2519 494 2575 occasionem
525 2518 633 2573 salutis.
662 2516 732 2572 Hinc
754 2515 874 2586 legimus
915 2517 943 2571 hi
959 2525 1065 2574 rectam
1081 2521 1219 2591 abjiciunt
1232 2521 1282 2576 Dei
1295 2521 1451 2589 scientiam,
1466 2523 1570 2579 frustm
1584 2541 1615 2581 se
1631 2530 1712 2582 trun·

77 2610 208 2665 inlibris
227 2610 338 2681 Regum
353 2608 573 2680 quadringentos
588 2605 793 2678 quinquaginta
807 2618 872 2673 pro·
913 2610 977 2661 cato
995 2608 1086 2679 capite
1110 2608 1175 2664 fidei
1194 2616 1295 2664 caetera
1317 2609 1445 2665 membra
1468 2599 1572 2666 habere
1589 2615 1708 2684 jactant.

75 2698 173 2771 phetas
187 2699 361 2766 interfectos,
377 2702 406 2752 et
420 2697 504 2751 aliam
521 2693 755 2751 innumerabilem
774 2689 872 2746 multi-
912 2694 1089 2751 prevaricati
1104 2696 1177 2752 enim
1193 2707 1260 2752 sunt
1279 2704 1392 2768 pactum
1410 2697 1462 2753 Dei
1476 2700 1505 2754 in
1525 2701 1658 2769 Ecclesia,
1673 2704 1712 2759 ei·

74 2788 200 2845 tudinem
211 2788 248 2843 ab
258 2789 342 2854 iiieu,
358 2785 555 2859 quisubvertit
567 2785 682 2840 domum
696 2782 802 2839 Achab.
816 2779 871 2835 Un-
912 2791 959 2839 cut
973 2785 1102 2840 eidemin
1117 2787 1265 2857 paradiso:
1282 2786 1400 2858 ideoque
1409 2789 1549 2858 quomodo
1562 2789 1610 2844 ille
1626 2807 1709 2864 aps·

74 2879 107 2934 de
120 2884 149 2934 et
160 2878 304 2946 subditur,
322 2882 376 2930 ret
392 2875 480 2930 occidi
497 2892 545 2930 eos
558 2875 587 2929 in
602 2873 685 2928 verbo
701 2873 757 2928 oris
772 2873 836 2927 mei.
854 2889 869 2926 a
912 2873 1016 2938 radico,
1030 2875 1071 2929 ita
1088 2875 1135 2928 isti
1147 2874 1332 2946 projicientur
1345 2875 1380 2930 ab
1395 2877 1528 2932 Ecclesia.

75 2967 224 3040 Osqnippe
236 2965 349 3022 Domini
365 2969 428 3019 erat
443 2963 528 3028 Elias,
544 2962 592 3035 qui
605 2979 653 3017 eos
667 2961 755 3017 occidi
770 2962 867 3032 jussit.
947 2961 1083 3017 «Galaad
1105 2962 1203 3017 civitas
1230 2964 1409 3034 operantium
1431 2963 1549 3021 idolum.
1570 2985 1583 3017 ι
1600 2968 1708 3024 Gaiaad

75 3057 161 3112 Aliter
180 3077 189 3112 .·
208 3058 329 3128 Propter
348 3053 402 3108 hoc
421 3053 536 3118 scilicet,
557 3053 624 3124 quia
647 3051 743 3122 inique
762 3050 1194 3137 agenti·gnomenestciritntis
1209 3051 1251 3104 vel
1267 3051 1381 3118 montis,
1393 3052 1441 3106 sed
1461 3052 1507 3106 hic
1528 3070 1578 3124 pro
1594 3054 1707 3112 civitate

76 3143 124 3199 bus
143 3143 339 3200 misericordia
358 3141 474 3196 recessit
494 3138 530 3194 ab
549 3140 609 3207 eis3
636 3139 738 3204 dotari,
768 3139 796 3192 id
825 3143 868 3193 est
907 3139 1704 3210 ponitnr3cstautemsitatranslordanemintributiad.

77 3232 205 3289 dolandos
228 3249 289 3287 esse
312 3230 427 3303 praedixi
446 3246 497 3302 per
524 3228 684 3300 prophetas,
716 3228 789 3282 sicut
815 3227 869 3282 fuit
908 3225 1007 3281 Inhac
1026 3225 1095 3282 urbe
1109 3226 1218 3281 idolum
1229 3228 1359 3298 primitus
1373 3234 1417 3284 est
1431 3234 1707 3304 consecratum,quia

78 3321 167 3388 isaias,
176 3320 326 3384 ieremias,
340 3325 369 3374 et
381 3318 494 3386 cateri;
516 3334 549 3372 ac
569 3316 660 3372 verbis
671 3316 740 3371 meis
754 3314 868 3370 terribi-
907 3314 1088 3370 habitabatur
1100 3331 1118 3369 a
1132 3315 1334 3375 sacerdotibus.
1363 3316 1431 3372 Erat
1450 3318 1526 3372 enim
1553 3326 1583 3375 et
1605 3321 1705 3378 civitas

79 3409 144 3465 libus
152 3410 341 3466 comminatus
355 3424 417 3463 sum
433 3407 484 3469 eis,
500 3412 533 3461 ut
548 3407 596 3478 qui
610 3406 778 3461 clementem
798 3421 867 3460 con·
907 3406 1098 3476 fugitivorum,
1127 3405 1176 3460 sed
1201 3412 1307 3477 quanto
1322 3406 1459 3462 celebrior
1472 3414 1501 3463 et
1514 3411 1631 3482 majoris
1643 3419 1704 3469 erat

81 3499 233 3554 temnebant
253 3498 387 3554 timerent
407 3497 554 3552 offensum.
570 3513 584 3549 r
604 3496 640 3550 Et
664 3494 750 3549 occidi
769 3511 817 3548 eos
836 3493 866 3547 in
907 3495 1092 3560 auctoritatis,
1108 3495 1175 3565 quin
1186 3494 1215 3550 in
1231 3502 1338 3567 partem
1354 3497 1531 3552 sacerdotum
1550 3499 1644 3555 fuerat
1657 3502 1704 3557 de·

83 3588 154 3644 serbo
167 3588 224 3643 oris
233 3587 300 3654 mei,
319 3592 377 3641 sut
391 3590 456 3640 ante
468 3590 630 3656 peccatores
644 3582 792 3637 verborum
807 3586 865 3636 ter·
906 3583 1009 3654 legata,
1036 3589 1114 3637 tanto
1129 3582 1298 3654 principium
1322 3583 1488 3640 idololatria
1514 3593 1544 3641 et
1563 3589 1702 3646 malorum

85 3693 136 3731 rote
146 3678 322 3750 punirentur,
337 3691 421 3746 quam
440 3673 587 3745 captivitas
608 3671 777 3726 immineret.
800 3672 867 3725 Haec
906 3672 1032 3727 omnium
1045 3671 1116 3726 fuit:
1134 3683 1163 3725 et
1176 3671 1243 3742 quia
1262 3671 1308 3726 isti
1325 3672 1399 3727 idota
1421 3674 1543 3744 primum
1557 3693 1703 3734 consecra·

87 3767 241 3823 reroomnia
264 3772 298 3821 ut
313 3765 420 3835 judicia
439 3780 511 3825 mea,
526 3761 627 3834 quibus
639 3767 668 3816 te
687 3760 865 3831 judicaturus
906 3766 981 3823 runt,
999 3760 1083 3831 primi
1110 3759 1145 3814 ab
1159 3759 1281 3831 Assyriis
1295 3761 1380 3831 capti,
1400 3767 1428 3815 et
1451 3762 1480 3816 in
1508 3765 1701 3835 captivitatem

90 3870 145 3924 sum,
159 3853 492 3928 quasiiuxegredientur,
511 3850 539 3905 id
558 3856 609 3916 est,
626 3850 863 3904 manifestassent.
905 3855 972 3905 sunt
983 3848 1070 3902 ducti.
1089 3848 1305 3919 «supplantata
1327 3850 1474 3920 sanguine.
1493 3871 1505 3903 a
1522 3853 1653 3924 legimus
1671 3857 1702 3912 in

90 3943 145 4008 uria
155 3947 227 4001 enirn
240 3960 314 4015 sape
330 3959 377 3997 vos
388 3942 537 4011 redarguo,
550 3939 793 4010 etimptanitentes
804 3939 864 3993 exi·
904 3934 976 3990 libro
992 3936 1260 4007 Regumqnodtlieu
1275 3943 1375 3992 unctus
1390 3938 1518 4010 inragom
1535 3941 1564 3994 in
1579 3942 1702 3999 Remoth

91 4033 154 4096 nius,
177 4034 206 4089 in
229 4037 329 4105 aperta
342 4031 404 4086 luce
412 4029 564 4101 multisque
581 4027 742 4083 nationibus
765 4027 863 4082 viden·
904 4024 1012 4080 Galaad
1036 4024 1180 4087 deleverit,
1202 4025 1354 4078 secundum
1377 4026 1489 4081 Domini
1516 4037 1699 4101 preceptum,

90 4118 146 4177 tibus
163 4120 377 4177 damnabimini.
402 4119 452 4174 Vel
474 4124 549 4173 certe
574 4133 637 4172 mea
656 4116 765 4187 Jndicia
783 4117 863 4188 qussi
904 4128 1015 4166 omnem
1041 4112 1156 4166 domum
1183 4109 1288 4178 Achab,
1311 4111 1339 4165 id
1366 4118 1409 4167 est
1434 4116 1614 4187 septuaginta
1639 4121 1701 4190 ejus

91 4206 124 4262 ltu
131 4208 384 4282 egredientur,quia
392 4207 488 4263 nullus
497 4205 638 4260 dubitabit
645 4222 692 4260 ros
699 4207 785 4277 Juste,
801 4222 863 4276 quse
903 4202 986 4267 iiiios,
1006 4206 1178 4271 caeterosque
1191 4200 1232 4254 illi
1246 4201 1453 4256 consentientes
1463 4203 1492 4258 in
1507 4205 1700 4273 malquua·

90 4297 295 4366 patiminifuisse
304 4312 461 4375 perpessos.¹
472 4295 594 4350 Possunt
605 4294 768 4349 haoeadem
779 4292 863 4348 rerba
904 4296 1018 4362 propter
1031 4289 1093 4361 ipsa
1107 4288 1203 4345 civitas
1228 4287 1409 4360 supplantata
1422 4290 1460 4357 (id
1483 4297 1527 4346 est
1540 4293 1700 4369 humiliata)

91 4383 262 4442 adhareticos
280 4385 338 4440 sive
358 4384 394 4438 ed
408 4383 482 4438 viros
496 4380 572 4437 Juda
590 4381 699 4448 referri,
715 4381 789 4452 quod
805 4376 895 4435 Do·D
905 4379 1041 4449 sanguine
1055 4377 1165 4442 dicitur,
1181 4378 1224 4431 vel
1243 4378 1340 4443 etiam,
1360 4378 1426 4448 quia
1449 4379 1571 4436 vindicta
1588 4386 1701 4456 sangui-

91 4468 164 4524 mions
176 4475 310 4543 provocat
329 4468 365 4522 ad
380 4466 610 4533 misericordiam,
627 4471 655 4521 et
671 4466 774 4520 reverti
786 4466 864 4537 cupit
904 4468 948 4522 nis
962 4483 1046 4538 quern
1058 4466 1284 4532 fundebat‚sicut
1296 4466 1518 4538 insequentibus
1532 4471 1697 4539 ridebimus,

89 4555 116 4610 td
127 4560 246 4614 salutem.
264 4557 325 4613 Illis
343 4562 438 4612 autem
456 4555 698 4628 impoenitentibus
713 4554 801 4610 nubes
821 4557 862 4611 vel
903 4572 989 4627 super
1000 4572 1065 4610 eum
1077 4555 1161 4610 venit.

89 4647 161 4711 maid
173 4653 223 4714 est,
231 4647 404 4720 prosperitas
413 4645 494 4700 istius
504 4644 596 4700 saecuh
611 4643 755 4700 auferetur
764 4645 799 4699 ab
811 4645 861 4713 eis,
942 4665 955 4696 ι
983 4645 1018 4700 Et
1041 4643 1121 4716 quasi
1144 4644 1238 4698 fauces
1254 4644 1376 4699 virorum
1393 4645 1545 4701 latronum.
1563 4667 1576 4699 r
1593 4650 1699 4709 Fauces

58 4732 63 4747 '
87 4732 145 4790 sicut
162 4737 263 4792 accidit
278 4735 320 4791 ilii
338 4735 418 4790 diviti
442 4739 607 4806 purpurato,
627 4733 675 4805 qui
700 4750 783 4788 omne
807 4751 862 4805 qno
903 4732 1027 4787 virorum
1050 4732 1193 4787 latronum
1217 4737 1283 4785 sunt
1306 4747 1441 4797 caverna,
1464 4739 1621 4807 caeteraque
1637 4739 1699 4796 loca

85 4818 169 4880 fruitus
181 4831 234 4892 est,
241 4830 275 4880 ut
288 4824 380 4879 instar
388 4807 470 4879 nubis
485 4823 527 4878 rel
545 4823 618 4878 roris
631 4823 862 4894 tmnsirecogno-
903 4822 1010 4888 abdita,
1021 4821 1050 4875 in
1064 4819 1166 4891 quibus
1183 4819 1311 4875 absconsi
1325 4825 1527 4890 pretereuntes
1541 4827 1700 4898 exspoliant

84 4910 123 4975 rit,
132 4929 291 4986 semperque
304 4912 660 4984 hereticorumprophetas
669 4912 805 4968 Dominus
816 4911 862 4966 in·
903 4916 930 4967 et
940 4908 1294 4978 interficiuntllujusmodi
1304 4907 1462 4963 habitacula
1471 4918 1550 4966 erant
1563 4913 1592 4969 in
1602 4916 1700 4974 eadem

83 5001 175 5068 terflcit,
191 5003 259 5058 dum
272 5005 380 5056 aterna
393 5000 432 5055 eis
441 5000 579 5072 supplicia
588 5001 863 5065 comminatur.Quo·
902 5000 1025 5070 regione.
1039 4999 1145 5053 Idcirco
1160 4996 1263 5050 dicitur
1277 4997 1352 5067 quod
1365 4996 1403 5051 sit
1423 4998 1529 5054 Galaad
1545 5003 1625 5072 quasi
1640 5005 1702 5061 fan·

81 5103 132 5144 mm
143 5091 247 5161 judicia
262 5089 503 5156 manifestabant,
519 5105 583 5143 cum
599 5086 756 5143 videntibus
770 5088 863 5143 omni·
903 5105 949 5144 ces
968 5090 1119 5150 latronum,
1150 5085 1217 5157 quia
1232 5084 1305 5139 sicut
1320 5085 1360 5139 illi
1377 5086 1496 5142 latentes
1518 5089 1701 5151 denudabant

80 5174 122 5233 bus
133 5196 193 5234 curn
206 5177 318 5234 diabolo
334 5188 362 5233 et
377 5179 484 5249 angelis
498 5179 559 5249 eius
569 5178 790 5234 damnabuntur.
904 5183 933 5232 et
950 5174 1156 5231 interficiebant
1179 5173 1317 5240 homines,
1346 5173 1387 5229 ita
1410 5177 1570 5233 sacerdotes
1593 5180 1700 5238 Galaad

109 5268 202 5333 «Quia
217 5267 440 5322 misericordiam
460 5267 545 5334 volui,
564 5274 592 5321 et
608 5282 663 5321 non
681 5267 860 5332 sacrificium,
904 5265 1070 5320 insidiantes
1098 5262 1271 5333 simplicitati
1299 5263 1405 5334 populi,
1436 5267 1630 5336 exspoliabant
1652 5287 1700 5327 eos

76 5358 249 5413 etscientiem
265 5356 316 5411 Dei
340 5357 404 5428 plns
420 5371 503 5427 quarn
517 5355 722 5411 holocaustum.
745 5375 758 5408 r
774 5356 864 5411 ludaei
903 5355 968 5419 tide,
983 5359 1012 5407 et
1024 5350 1230 5407 interficiebant
1247 5358 1350 5406 mente.
1365 5352 1441 5416 Quos
1463 5360 1558 5409 autem
1572 5357 1701 5430 decipere

74 5445 233 5501 tariomodo
247 5450 404 5517 peccantes,
418 5442 555 5516 putabant
571 5444 729 5516 sepurgari
749 5461 799 5515 per
817 5461 862 5498 sa-
903 5459 960 5498 non
997 5447 1136 5513 poterant,
1165 5441 1291 5495 vestibus
1324 5440 1480 5512 privabant,
1519 5451 1548 5499 et
1584 5462 1701 5518 corpore

72 5534 234 5607 uiiciorum
257 5533 431 5600 oblationes;
454 5533 503 5590 sed
528 5532 664 5588 Dominus
692 5532 816 5588 ostendit
833 5549 864 5588 se
904 5530 1052 5588 necabant.
1074 5530 1110 5585 Et
1133 5530 1185 5585 hoc
1211 5536 1254 5585 ast
1280 5531 1355 5603 qnod
1374 5528 1514 5600 subditur,
1531 5535 1700 5604 «particeps
