3818 6104
127 246 181 305 159
334 247 525 306 anmoins
545 248 790 309 HALBERSTAT.
813 252 925 309 EPISG.
946 252 1026 309 OPP.
1046 253 1138 309 PARS
1157 253 1179 308 1.
1200 281 1236 294 -
1254 251 1443 311 COMMENT.
1464 255 1558 315 BIBL.
1719 255 1775 315 160

127 372 254 429 Nemmd
267 375 472 446 interpretatur
493 375 611 430 tentatio
629 376 810 439 descendens.
831 382 860 431 et
878 377 925 431 de·
934 377 1056 438 Ationes
1070 384 1162 432 tuas»
1174 376 1307 432 Auferam
1322 377 1408 431 etiam
1422 395 1523 435 currus
1538 385 1603 435 tuos
1617 385 1649 436 et
1658 381 1772 452 quadri-

129 461 223 532 signat
232 462 441 535 diabolum,qui
454 463 489 518 de
504 465 573 519 coelo
585 463 805 536 persuperbiam
817 466 925 519 cecidit.
967 482 1027 537 gas,
1043 467 1072 520 id
1086 465 1260 535 est,scelera,
1271 466 1298 519 in
1316 465 1418 536 quibus
1430 469 1511 537 quasi
1525 471 1708 541 triumphans
1717 471 1775 541 glo·

128 548 217 605 Istius
230 556 348 615 terram,
363 552 391 605 id
405 557 457 615 cst,
475 553 602 606 homines
618 569 687 623 quos
704 553 875 623 possederat,
880 571 928 626 pa·
968 554 1096 608 riabaris.
1123 555 1157 608 Et
1171 553 1330 625 disperdam
1347 554 1476 609 civitates
1486 561 1571 612 terrae
1587 563 1655 623 tuae,
1671 556 1702 611 id
1721 562 1773 623 est,

36 716 39 723 ι
130 645 211 695 scant
225 640 266 694 illi
281 646 409 712 pastores
424 646 453 695 et
466 640 624 712 optimates,
635 640 663 694 id
677 647 729 707 est,
745 643 889 712 prophatae
899 649 928 699 et
968 642 1177 709 confidentiam,
1192 658 1276 713 quam
1287 642 1316 696 in
1331 642 1452 696 terrenis
1471 644 1572 715 opibus
1587 645 1724 712 habebas,
1745 651 1776 700 et

130 730 260 801 apostoli.
277 729 437 794 Inlanceis,
452 729 585 784 subaudis
600 730 700 785 divinae
710 731 925 801 predicationis.
968 750 1033 788 cum
1049 732 1118 787 (lain
1133 732 1181 803 qui
1196 731 1304 802 primus
1318 730 1465 786 aedificavit
1479 734 1624 789 civitatem
1639 735 1671 789 in
1686 741 1773 801 terra,

131 817 269 889 Superato
283 818 379 890 itaque
390 824 475 889 atque
485 819 612 872 confosso
628 819 753 889 Assyrio,
770 826 799 874 et
813 821 928 876 redacta
969 838 1049 893 spem
1064 826 1142 876 tuam
1157 820 1292 892 ponebas.
1301 821 1335 874 nt
1348 821 1476 875 auferam
1487 838 1586 877 omnes
1598 823 1774 879 munitiones

130 915 207 961 term
225 907 349 962 Nemrod
363 907 392 961 in
416 907 544 967 nihilum,
566 907 698 962 liberabit
720 925 771 963 nos
792 910 929 965 Dominus
970 915 1043 976 tuas,
1059 909 1138 964 devia
1151 909 1259 963 scilicet
1272 913 1301 962 et
1315 924 1431 980 pompas
1446 910 1550 976 saeculi,
1566 912 1717 965 rhetorum
1730 911 1775 967 fa-

131 995 305 1050 (lhristusde
319 1012 404 1050 manu
420 996 810 1066 Assur,quivcneratcalcare
823 1002 927 1052 terram
969 999 1110 1064 cundiam,
1137 998 1346 1052 dialecticorum
1374 998 1566 1069 sophismata;
1592 1005 1622 1054 et
1645 1000 1773 1055 auferam

131 1088 267 1138 nostram.
971 1087 1109 1142 viraletlcia
1122 1086 1158 1141 de
1172 1102 1257 1140 manu
1270 1092 1329 1151 tua,
1344 1092 1372 1139 et
1392 1085 1591 1151 divinationes,
1609 1106 1622 1139 a
1639 1088 1775 1143 subaudis

168 1189 181 1225 s
198 1172 233 1225 Et
251 1172 377 1243 reliquie
395 1177 479 1226 erunt
498 1172 584 1226 Jacob
599 1173 628 1226 in
644 1173 776 1243 gentibus
788 1173 817 1228 in
836 1175 928 1229 medio
968 1176 1156 1241 daemoniacae,
1171 1175 1272 1247 quibus
1295 1176 1412 1247 decepta
1434 1191 1507 1241 eras,
1524 1182 1553 1230 et
1566 1176 1639 1232 alios
1654 1177 1775 1249 decipie-

130 1261 298 1332 populomm
311 1260 565 1333 multorum,quasi
573 1277 618 1314 ros
634 1278 650 1315 a
665 1262 793 1327 Domino,
811 1263 929 1333 ctquasi
971 1267 1028 1321 bas.
1048 1286 1059 1317 a
1076 1266 1139 1319 Non
1154 1269 1238 1319 errant
1258 1265 1287 1318 in
1301 1270 1345 1330 te;
1362 1281 1376 1316 a
1393 1264 1450 1318 sive
1470 1264 1674 1320 divinationem
1690 1274 1771 1322 vocat

131 1350 214 1406 stillae
225 1366 311 1422 snper
324 1349 451 1404 herbam.
482 1368 493 1401 ι
520 1349 657 1405 Liberatis
681 1350 761 1406 nobis
775 1351 810 1406 ab
829 1353 926 1418 Assur,
971 1355 1167 1427 imperitomm
1179 1353 1331 1419 doctrinas,
1348 1353 1396 1424 qui
1411 1353 1508 1407 volunt
1523 1353 1624 1408 docere
1641 1371 1704 1426 quae
1722 1372 1773 1410 ne·

132 1438 181 1509 qui
199 1438 324 1509 dirigens
338 1438 551 1509 interpretatur,
561 1439 590 1493 id
600 1443 652 1499 est.
664 1438 862 1511 adiabolo,qui
873 1457 930 1494 om·
971 1443 1074 1507 sciunt,
1090 1449 1118 1495 et
1128 1440 1209 1512 quasi
1223 1457 1257 1494 ea
1271 1457 1332 1512 quae
1345 1445 1412 1495 sunt
1424 1439 1532 1495 incerta
1545 1441 1676 1497 divinant
1684 1448 1713 1497 ct
1727 1443 1775 1498 do·

132 1542 183 1581 nes
197 1543 332 1598 sequacos
347 1543 412 1581 suos
427 1526 523 1598 dirigit
535 1528 570 1582 ad
583 1527 780 1598 perditionem,
793 1535 929 1584 eruntre·
971 1536 1036 1586 cent
1049 1546 1100 1601 pro
1116 1529 1214 1585 certis.

132 1615 228 1688 liquiae
241 1615 337 1684 Jacob,
348 1616 375 1670 id
388 1622 438 1683 est,
450 1617 581 1687 apostoli,
592 1617 649 1671 sive
670 1633 768 1671 omnes
781 1616 930 1688 primitivas
1009 1640 1022 1672 a
1033 1620 1068 1675 Et
1079 1619 1171 1690 perire
1190 1616 1289 1671 faciam
1301 1616 1443 1688 sculptilia
1457 1622 1517 1683 tua,
1535 1638 1546 1668 ι
1563 1617 1659 1682 idest,
1676 1632 1774 1673 omnes

132 1704 264 1760 Ecclesiae
274 1706 304 1760 in
318 1705 410 1760 medio
423 1706 591 1777 populorum
607 1706 687 1776 quasi
707 1722 752 1760 ros
772 1722 790 1759 a
810 1705 929 1760 Domino
938 1692 961 1752 Β
971 1709 1056 1764 salsas
1072 1706 1305 1780 praesumptiones
1318 1712 1346 1760 ct
1356 1721 1485 1777 perversa
1496 1705 1640 1776 dogmata.
1652 1723 1666 1758 a
1678 1706 1776 1759 Etsta·

34 1866 41 1880 „
134 1793 247 1860 cadens,
264 1798 292 1848 et
300 1793 471 1865 refrigerans
481 1795 611 1848 ardorem
619 1794 820 1865 vitiorum,quo
832 1810 929 1848 ornnes
971 1806 1034 1854 tuas
1047 1804 1110 1853 tuas
1125 1797 1159 1851 dc
1175 1797 1268 1850 medio
1278 1796 1331 1862 tui,
1341 1801 1369 1852 et
1383 1811 1438 1849 non
1453 1793 1583 1849 adorabis
1596 1795 1673 1849 ultra
1688 1810 1774 1865 opera

130 1887 229 1953 gentes
240 1882 438 1950 exurebantur,
449 1884 665 1954 etexstinguens
674 1883 764 1954 ignita
771 1883 929 1955 jaculadiu·
970 1885 1390 1949 manuumtuarum,etevellam
1400 1884 1478 1938 lucos
1489 1888 1552 1938 tuos
1562 1884 1598 1938 de
1612 1883 1707 1938 medio
1717 1883 1770 1951 tui,

132 1970 278 2026 boli.Ncm
293 1977 321 2026 et
332 1971 443 2026 camino
458 1972 578 2038 ardenti,
591 1973 620 2028 in
630 1989 685 2044 quo
694 1978 753 2027 tres
762 1972 840 2042 pueri
851 1972 928 2026 missi
970 1983 999 2032 et
1011 1980 1154 2030 conteram
1168 1973 1294 2028 civitates
1309 1977 1382 2038 tuas,
1402 1990 1413 2022 a
1431 1971 1524 2036 idest,
1542 1970 1619 2024 falsae
1630 1970 1774 2041 religionis

131 2059 254 2126 mamm,
269 2060 373 2115 dicitur
387 2061 562 2117 descendisse
577 2063 705 2131 angelus,
716 2067 745 2114 et
758 2061 855 2115 fecisse
869 2078 929 2115 me·
971 2070 1000 2119 et
1014 2060 1214 2117 observationis
1225 2058 1547 2130 superstitionemUnde
1560 2063 1589 2112 et
1600 2058 1630 2111 in
1640 2058 1701 2128 lego
1713 2074 1775 2129 pro·

40 2199 44 2209 ,
133 2146 211 2202 dium
219 2148 427 2220 fornacisquasi
438 2155 551 2203 ventum
562 2151 635 2204 roris
654 2150 780 2204 flantem.
793 2150 852 2203 Hoc
863 2165 930 2220 ergo
971 2152 1084 2207 hibetur
1093 2149 1216 2220 plantari
1227 2149 1306 2203 lucus
1318 2148 1347 2201 in
1357 2147 1463 2217 templo
1473 2147 1635 2202 Domini.Et
1644 2146 1774 2201 civitates

135 2235 212 2303 dicit,
228 2236 294 2308 quia
306 2236 435 2291 doctrina
448 2238 640 2307 apostolorum
651 2239 706 2293 erit
718 2239 749 2292 in
762 2239 855 2292 medio
869 2254 930 2292 om·
973 2242 1045 2296 male
1068 2244 1252 2303 constructas,
1275 2254 1345 2308 quas
1361 2238 1444 2308 paulo
1466 2240 1531 2290 ante
1550 2235 1678 2290 civitates
1692 2242 1774 2290 varra

134 2325 213 2380 nium
226 2325 364 2396 gentium,
381 2326 461 2397 quasi
472 2342 519 2380 ros
533 2343 550 2380 a
566 2326 697 2392 Domino,
714 2336 743 2380 et
755 2326 834 2397 quasi
850 2326 931 2381 stillae
972 2331 1089 2394 dixerat,
1106 2328 1231 2382 minatur
1244 2326 1319 2398 quod
1336 2330 1464 2380 conterat
1477 2329 1562 2395 atquo
1577 2329 1736 2379 consumat.

133 2429 219 2486 super
228 2414 528 2469 herbamstillisenim
538 2432 599 2486 quae
609 2416 643 2470 de
653 2415 734 2470 tectis
742 2415 932 2479 cadunt‚com-
1010 2438 1021 2471 ι
1038 2419 1073 2472 Et
1083 2416 1183 2471 faciam
1200 2417 1228 2470 in
1239 2415 1333 2470 lurore
1348 2414 1412 2468 etin
1426 2413 1620 2483 indignatione
1633 2412 1773 2467 ultionem

135 2507 252 2574 paratur
276 2503 436 2574 predicatio
460 2503 588 2558 celestis.
607 2503 687 2568 Quod
701 2509 796 2558 autem
816 2503 929 2568 dicitur,
971 2509 1001 2564 in
1024 2506 1153 2561 omnibus
1171 2505 1313 2576 gentibus,
1331 2520 1392 2574 quae
1411 2519 1467 2557 non
1483 2502 1645 2557 audierunt.
1665 2520 1677 2553 n
1699 2501 1772 2565 Quia

136 2607 287 2663 aquoenon
297 2597 438 2664 exspectat
449 2591 549 2657 virum,
562 2597 591 2646 et
606 2609 663 2647 non
675 2593 852 2663 praestolatur
860 2592 931 2646 filios
974 2612 1066 2650 rorem
1078 2594 1216 2648 sermonis
1231 2593 1286 2646 mci
1301 2592 1424 2663 recipere
1444 2591 1606 2655 noluerunt,
1623 2589 1725 2643 faciam
1746 2590 1775 2643 in

135 2680 292 2748 hominum,
303 2701 316 2733 v
328 2682 468 2752 significat
480 2682 554 2753 quod
564 2687 662 2752 gentes
673 2681 781 2735 nullum
791 2686 932 2753 exspecta·
973 2686 1067 2740 surore
1083 2688 1111 2738 et
1125 2683 1168 2736 ira
1183 2681 1318 2735 ultionem
1335 2679 1520 2751 ingentibus,
1539 2695 1600 2751 quae
1615 2678 1724 2739 audire,
1746 2678 1775 2733 id

136 2768 205 2824 bant
218 2770 359 2826 doctorem
372 2771 415 2826 vel
426 2770 757 2842 praedicatoremquieos
769 2770 932 2824 infunderet
973 2779 1025 2841 est,
1042 2772 1157 2827 obedire
1170 2770 1328 2824 voluerunt.

136 2874 200 2914 rore
214 2859 432 2930 predicationis,
456 2864 486 2914 et
508 2858 648 2914 excoleret
671 2874 781 2914 vomere
797 2858 932 2914 doctrinm
1279 2857 1400 2914 CAPUT
1416 2855 1465 2910 vl.

135 2948 302 3021 spiritualis.
528 3015 535 3023 ,
1002 2945 1777 3021 «AuditequaeDominusloquitur:Surgecontenclcju·

173 3038 230 3092 «Et
241 3037 456 3109 eruntreliquiac
466 3037 551 3092 Jacob
562 3037 732 3108 ingentibus
743 3037 772 3092 in
782 3037 874 3092 medio
885 3047 961 3108 poc
971 3040 1042 3094 dicio
1051 3040 1183 3093 adversus
1195 3035 1469 3102 montes,etaudiant
1479 3035 1563 3088 colles
1573 3050 1669 3088 vocem
1680 3041 1773 3101 tunna,

136 3127 268 3199 pulcrum
283 3126 533 3198 multorum,quasi
543 3126 586 3180 leo
596 3128 624 3181 in
635 3128 773 3197 iumentis
786 3128 931 3192 silvarum,
974 3129 1090 3184 audiant
1104 3133 1214 3182 montes
1220 3125 1358 3197 judicium
1371 3123 1494 3178 Domini.
1509 3142 1520 3174 v
1535 3123 1677 3194 Propheta
1686 3124 1777 3195 loqui·

134 3215 253 3288 etquasi
267 3215 378 3269 catulus
392 3215 480 3269 leonis
489 3215 931 3286 rugiensingregibuspecorum,
974 3224 1030 3284 tur,
1048 3223 1076 3272 et
1089 3215 1405 3288 imperatutaudiamus
1418 3229 1479 3284 quae
1489 3212 1625 3266 Dominus
1636 3211 1774 3283 loquitur.

136 3303 185 3375 qui
199 3319 262 3358 cum
275 3303 420 3357 transierit
432 3308 461 3357 et
480 3304 683 3358 conculcaverit
697 3309 726 3358 et
745 3305 861 3375 ceperit,
877 3321 933 3359 non
975 3307 1087 3361 Montes
1101 3322 1151 3376 per
1164 3304 1357 3374 metaphoram
1373 3306 1501 3372 potentes
1516 3304 1544 3354 et
1556 3299 1672 3367 divites;
1688 3301 1775 3355 colles

136 3392 236 3464 estqui
251 3397 340 3447 eruat.
350 3391 388 3447 Et
397 3391 566 3446 exaltabitur
574 3409 674 3447 manus
683 3397 732 3448 tua
744 3410 829 3464 super
838 3393 933 3448 hostes
973 3412 1048 3459 vero,
1071 3393 1211 3464 subjectos
1226 3396 1254 3446 et
1267 3391 1359 3445 minus
1374 3394 1503 3461 potentes
1517 3388 1650 3460 appellat.
1669 3389 1775 3444 Deinde

136 3486 211 3537 tuos.
225 3500 237 3533 r
253 3482 309 3535 Leo
322 3481 451 3537 Christus
466 3488 518 3547 cst,
534 3487 567 3536 ut
581 3481 609 3535 in
622 3482 791 3553 Apocalypsi
803 3483 908 3536 dicitur
925 3501 930 3536 :
973 3483 1033 3554 ipsc
1048 3481 1183 3536 Dominus
1192 3480 1318 3551 loquitur
1331 3479 1367 3532 ad
1382 3478 1547 3548 prophetam
1561 3495 1566 3529 :
1579 3496 1590 3529 a
1603 3478 1777 3547 Surge,con·

140 3570 230 3647 allicit
240 3571 283 3626 leo
293 3572 328 3626 de
338 3571 500 3628 tribuJuda.
511 3569 591 3641 »ipsc
606 3577 649 3624 est
664 3577 692 3625 et
706 3571 816 3625 catulus
832 3571 931 3639 leonis,
974 3571 1057 3625 tende
1069 3570 1175 3641 judicio
1190 3569 1338 3623 adversum
1359 3572 1479 3631 montes,
1505 3571 1533 3619 ct
1556 3566 1675 3620 audiant
1688 3567 1776 3621 colles

136 3659 236 3732 dequo
251 3661 281 3715 in
296 3661 395 3718 Genesi
410 3660 462 3715 sub
477 3675 598 3733 persona
609 3659 687 3713 dudae
697 3660 799 3714 dicitur
816 3678 838 3713 :v
851 3660 932 3714 (latu-
973 3677 1067 3715 vocem
1080 3666 1186 3714 tuam.r
1199 3659 1321 3712 Rursum
1338 3656 1485 3728 propheta,
1495 3655 1669 3709 sicuttuerat
1679 3655 1704 3709 ei
1718 3655 1774 3708 im-

138 3748 182 3803 lus
191 3750 279 3804 leonis
290 3751 412 3815 Juda,ad
422 3749 556 3821 praedam,
569 3748 665 3814 filimi,
677 3748 856 3803 ascendisti.»
871 3750 933 3820 lpse
973 3747 1240 3820 peratum‚loquitur
1248 3746 1284 3799 ad
1295 3752 1405 3799 montes
1415 3744 1529 3806 etiam«
1544 3748 1572 3797 et
1582 3742 1666 3797 sortia
1676 3742 1777 3796 sunda·

99 3877 101 3881 -
140 3853 207 3908 ergo
220 3839 268 3910 qui
281 3844 325 3893 est
338 3839 391 3905 leo,
404 3838 482 3893 dedit
496 3837 682 3909 apostolis,ut
698 3843 726 3892 et
739 3838 792 3909 ipsi
806 3837 865 3892 sint
880 3839 934 3893 leo·
974 3843 1070 3892 menta
1083 3842 1174 3899 terrae,
1194 3858 1206 3887 n
1223 3850 1394 3904 causamque
1406 3832 1507 3892 reddit,
1526 3848 1614 3903 quare
1633 3846 1682 3885 eos
1695 3848 1776 3885 com-

136 3942 197 3994 nes,
210 3929 323 3999 quando
336 3928 406 3983 dixit
420 3929 462 3984 eis
476 3946 501 3982 :r
519 3929 569 3995 lte,
582 3928 679 3983 docete
694 3944 792 3983 omnes
805 3932 931 3998 gentes»
974 3927 1060 3998 pellat
1074 3925 1183 3990 audire,
1199 3943 1212 3977 a
1228 3923 1295 3995 quia
1303 3922 1441 3994 judicium
1461 3920 1573 3974 Domini
1589 3937 1653 3975 cum
1673 3921 1778 3991 populo

119 4022 191 4072 'etc
200 4018 235 4073 Et
247 4019 388 4089 quomodo
402 4034 486 4073 nemo
499 4022 592 4090 potest
601 4017 732 4072 resistere
746 4017 831 4083 leoni,
842 4016 883 4070 ita
894 4016 932 4070 illi
974 4013 1035 4078 suo,
1061 4020 1091 4068 et
1114 4030 1178 4067 cum
1203 4012 1291 4066 lsrael
1314 4009 1524 4081 dijudicabitur.
1543 4029 1556 4062 a
1584 4012 1704 4064 Possunt
1724 4026 1776 4080 per

137 4105 934 4178 liberatidemanuAssyriorum,acceperuntpotestatem
975 4109 1085 4158 montes
1099 4108 1127 4156 ct
1142 4102 1227 4156 colles
1251 4099 1344 4171 angeli
1366 4098 1528 4169 significari,
1556 4096 1658 4168 quibus
1677 4113 1776 4152 rerum

137 4201 170 4251 ut
183 4201 310 4267 peterent
319 4196 515 4266 jumenta,hoc
526 4194 932 4261 est,hominesirrationabiles,
975 4193 1162 4247 humanarum
1179 4189 1329 4244 commissa
1339 4192 1382 4242 est
1391 4187 1561 4258 procuratio.
1571 4187 1643 4241 Nam
1658 4190 1779 4256 Aposto-

136 4283 214 4337 verbi
228 4283 279 4337 Dei
293 4284 402 4337 ratione
415 4287 552 4337 carentes.
570 4301 582 4335 s
600 4284 690 4337 Homo
705 4300 768 4361 cum
785 4283 813 4337 in
828 4284 935 4337 honore
975 4283 1019 4336 lus
1028 4282 1143 4351 angelos
1156 4279 1224 4333 dicit
1235 4276 1491 4331 administratorios
1506 4275 1632 4346 spiritus,
1648 4275 1677 4328 in
1691 4275 1776 4328 mini·

135 4377 219 4433 esset,
236 4386 292 4424 non
301 4369 448 4436 intellexit,
467 4390 480 4424 a
496 4376 549 4424 etc.
566 4371 687 4441 Rapient
701 4376 795 4424 autem
810 4362 1090 4439 eos,nonDstcrium
1108 4369 1209 4423 missos
1218 4364 1440 4437 proptereosqui
1455 4364 1648 4418 hmreditatem
1660 4364 1778 4433 capiunt

138 4464 171 4515 ut
179 4458 326 4523 dilanient,
346 4459 396 4513 sed
414 4463 447 4513 ut
459 4464 589 4529 separent
601 4459 662 4530 (hoc
676 4464 726 4522 cst,
743 4459 877 4527 dividant)
899 4460 935 4513 ab
975 4458 1082 4513 salutis.
1099 4456 1243 4511 Contende
1258 4453 1370 4524 (inquit)
1382 4452 1490 4523 judicio
1506 4468 1570 4505 curn
1581 4451 1736 4516 montibus,
1748 4452 1777 4507 id

137 4548 316 4605 infidelibus:
329 4554 358 4603 et
371 4548 466 4603 nullus
484 4549 538 4603 erit
556 4555 719 4620 persecutor
732 4550 780 4620 qui
793 4549 832 4604 eis
847 4549 936 4621 possit
975 4553 1027 4610 est,
1039 4545 1197 4615 angebant
1211 4543 1234 4596 si
1245 4541 1348 4612 reperti
1358 4541 1464 4595 suerint
1478 4556 1533 4594 non
1548 4540 1633 4610 digne
1646 4540 1777 4596 homines

137 4637 278 4705 resistere,
300 4643 329 4694 et
349 4638 518 4694 exaltabitur
536 4655 636 4693 manus
649 4638 761 4693 Domini
775 4655 860 4709 super
875 4654 931 4703 eos,
976 4650 1149 4706 procurasse,
1164 4632 1280 4686 tollatur
1296 4632 1378 4701 culpa
1392 4646 1409 4683 a
1424 4629 1536 4701 populo,
1546 4634 1575 4681 et
1588 4628 1730 4682 referatur
1741 4629 1777 4683 ad

137 4727 186 4800 qui
200 4726 243 4781 vel
263 4727 355 4799 ipsum
376 4727 528 4783 Dominum
542 4725 584 4780 vel
598 4727 739 4797 apostolos
753 4727 813 4796 ejus
827 4725 934 4780 asssixe·
975 4724 1125 4796 principes,
1140 4719 1229 4775 velud
1242 4736 1296 4785 me,
1309 4719 1357 4790 qui
1372 4719 1442 4772 tales
1453 4716 1613 4771 bominibus
1622 4717 1776 4788 praeposui.

137 4820 240 4871 rant«
258 4818 292 4872 Et
315 4834 412 4873 omncs
432 4817 540 4872 inimici
561 4816 604 4871 tui
617 4814 782 4869 interibunt.
800 4834 813 4869 a
830 4833 886 4871 non
904 4821 935 4870 ut
975 4811 1010 4867 Iu
1023 4810 1191 4882 Apocalypsi
1207 4809 1325 4878 legimus
1335 4808 1409 4878 quod
1419 4804 1521 4878 angeli,
1538 4805 1621 4859 idest
1633 4807 1777 4876 praepositi

138 4908 266 4974 pereant,
279 4905 328 4959 sed
342 4910 376 4959 ut
386 4921 420 4960 ex
430 4906 550 4961 inimicis
565 4912 594 4960 et
602 4904 762 4960 infidelibus
771 4903 840 4958 fiant
851 4905 935 4959 amici
976 4900 1175 4967 Ecclesiarum,
1186 4898 1228 4952 vcl
1242 4897 1404 4959 laudantur,
1412 4895 1453 4949 vel
1462 4894 1661 4966 vituperantur
1676 4911 1709 4947 ex
1721 4894 1779 4948 vita

138 4997 168 5046 et
182 4991 288 5046 fideles.
976 5005 1074 5045 eorum
1086 4986 1188 5058 quibus
1198 4990 1333 5056 praesunt.
1346 4985 1421 5038 Deus
1439 4999 1505 5053 ergo
1520 4983 1568 5053 qui
1586 4986 1710 5053 poterat,
1731 4989 1778 5037 ut·

176 5097 190 5133 a
202 5079 238 5133 Et
251 5078 306 5133 erit
318 5079 349 5133 in
362 5080 408 5134 dic
420 5080 495 5146 illa‚»
512 5083 624 5153 quando
639 5083 760 5137 exaltata
776 5080 862 5136 luerit
878 5097 937 5134 ma·
976 5086 1041 5151 pote
1056 5078 1140 5142 Deus,
1153 5091 1203 5146 pro
1217 5074 1368 5129 sceleribus
1382 5071 1536 5144 peccatoris
1551 5071 1647 5142 populi
1667 5071 1777 5142 suppli-

138 5174 285 5236 nustua,o
295 5168 394 5235 Israel,
410 5187 496 5241 super
506 5172 601 5227 hostes
613 5177 703 5237 tuos,‹
716 5171 935 5241 auferamcquos
976 5167 1019 5222 cia
1030 5166 1143 5232 inferre,
1161 5181 1216 5218 non
1230 5163 1289 5218 vult
1300 5179 1428 5217 exercere
1444 5161 1610 5232 potentiam,
1627 5160 1676 5213 sed
1688 5161 1777 5229 justi-

137 5262 202 5314 tuos
216 5256 251 5311 de
264 5257 356 5310 medio
368 5257 420 5323 tui,
435 5257 484 5311 vid
496 5264 547 5323 cst,
559 5275 656 5312 omnes
665 5260 839 5314 lascivientes
849 5259 935 5329 impe·
975 5256 1054 5321 tiam,
1071 5261 1100 5309 et
1113 5254 1188 5325 cogit
1202 5254 1336 5324 populum
1351 5250 1440 5304 Israel
1463 5248 1647 5320 praesentibus
1667 5248 1776 5318 angelis

136 5346 561 5416 tusanimi,dcquibusdicitur:
575 5347 683 5402 «Nolite
693 5348 754 5401 lieri
766 5347 933 5417 sicutequus
975 5349 1004 5399 et
1017 5345 1093 5398 omni
1106 5348 1284 5398 cremarunt
1294 5339 1401 5394 dionisi
1417 5339 1483 5410 quid
1498 5338 1609 5403 haabeat,
1626 5342 1659 5391 ut
1672 5354 1774 5390 sccun-

137 5441 166 5492 et
179 5434 281 5490 mulus.
301 5454 311 5485 ι
327 5434 386 5488 «Et
400 5434 551 5505 quadrigas
564 5441 629 5488 tuas
644 5434 812 5505 disperdam,
829 5441 857 5489 et
872 5452 933 5506 per·
974 5433 1040 5487 dum
1062 5432 1239 5487 psalmistam
1262 5429 1434 5500 justificetur
1454 5428 1528 5483 Dens
1551 5427 1580 5480 in
1595 5426 1774 5482 sermonibus

136 5524 202 5579 dam
214 5520 340 5576 civitates
351 5527 433 5576 terrae
447 5525 512 5585 tuae,
527 5525 556 5576 et
569 5520 712 5576 destruam
727 5536 824 5576 omnes
838 5522 931 5576 muni·
973 5522 1041 5588 suis,
1057 5526 1085 5576 et
1099 5522 1193 5576 vincat
1206 5535 1269 5574 cum
1282 5517 1435 5588 judicatur.
