3818 6104
51 294 104 355 137
474 369 478 376 Ι
548 296 757 354 ENARRATIO
775 297 816 354 IN
833 297 954 354 solinu
972 298 1203 357 PROPHETAM.
1639 300 1690 362 1³8

48 419 165 476 diceus:
181 419 283 491 Surge,
295 419 364 474 vade
373 418 409 473 ad
418 418 538 474 Ninivcn
553 420 694 476 civitatem
709 438 850 494 magnam.
860 422 968 493 Aquod
985 429 1029 477 est
1041 425 1145 495 palam,
1160 425 1244 480 idest
1258 442 1363 481 saccus.
1380 426 1456 481 'l'alis
1468 426 1567 487 victus.
1583 434 1613 484 et
1625 431 1691 487 talis

50 512 81 563 ct
89 508 213 581 praedica
222 507 252 562 in
265 524 299 562 ea
307 507 533 580 praedicationem
544 525 629 580 quam
642 527 694 581 ego
704 512 804 582 loquor
816 512 852 567 ad
893 509 1006 565 babitus
1015 512 1216 582 penitentibus
1226 515 1364 579 convenit,
1376 520 1404 568 et
1414 515 1499 586 digne
1509 517 1588 584 satis,
1600 519 1692 589 utqui

52 601 92 652 tc.
107 598 197 652 »Non
210 597 384 667 increpatur,
393 611 446 650 uec
460 595 563 651 dicitur
576 598 612 661 ei,
625 598 683 652 Gur
696 615 753 654 non
762 599 853 655 fecisti
894 597 983 653 Deum
996 599 1063 654 luxu
1075 604 1104 654 et
1117 601 1270 656 ambitione
1280 602 1467 672 pretiosarum
1476 605 1596 660 vestium
1607 606 1693 662 odau-

52 684 129 755 quod
141 683 281 756 precepi?
296 684 451 739 Sudecerat
464 684 539 739 enim
553 685 704 743 durissima
715 689 854 759 naufragii
894 685 1004 752 derant,
1013 703 1088 742 nunc
1093 689 1202 758 jejunio
1213 695 1241 742 et
1250 689 1338 744 cilicio
1349 707 1413 745 eum
1423 692 1544 762 placent.
1556 694 1592 748 Et
1600 696 1693 766 major

53 777 83 828 et
100 772 291 827 devorationis
312 773 456 828 correctio.
480 773 579 844 Neque
598 776 673 830 enim
692 792 771 831 servo
791 783 854 848 post
894 777 962 827 etas
976 774 1082 845 incipit,
1094 775 1334 846 sequiturminor,
1345 778 1516 848 quianullus
1531 786 1574 835 est
1586 782 1692 854 absque

52 860 483 932 plagasimputaturquodsecit.
494 862 548 916 Sed
558 864 854 936 atmysticeDominus
893 867 1019 932 peccato,
1035 878 1086 946 nec
1105 864 1198 918 infans
1212 865 1295 920 unius
1309 866 1365 921 diei
1384 867 1463 937 cujus
1478 869 1535 924 rita
1551 875 1693 944 estsuper

27 954 161 1011 ,nostem
175 949 224 1020 qui
239 950 341 1004 missus
355 949 495 1005 lueratad
512 950 672 1006 salvandam
683 953 812 1020 Niniren,
825 953 853 1008 id
894 955 1010 1004 terram.
1514 962 1517 967 ’

53 1041 98 1092 est
118 1037 321 1108 gentilitatem,
341 1044 370 1093 et
389 1039 595 1109 quodammodo
616 1041 714 1112 fugere
732 1042 852 1108 volebat,
932 1038 991 1093 «El
1000 1038 1127 1108 pervenit
1134 1039 1250 1095 verbum
1260 1040 1295 1095 ad
1305 1058 1400 1113 regem
1410 1044 1521 1109 Ninive,
1530 1052 1560 1102 et
1570 1050 1694 1106 surrexit

53 1141 190 1180 recusans
202 1125 373 1197 passionem,
384 1133 413 1181 et
426 1126 540 1182 dicens:
554 1145 567 1178 u
582 1128 676 1194 Pater,
688 1129 711 1183 si
723 1128 855 1202 possibile
894 1126 930 1180 de
943 1125 1013 1181 solio
1031 1142 1094 1195 suo,
1109 1131 1138 1181 et
1151 1127 1253 1198 abjecit
1270 1129 1437 1187 vestimenta
1450 1149 1502 1188 sua
1517 1151 1586 1203 ase,
1603 1142 1632 1191 et
1646 1138 1693 1192 in·

54 1218 107 1279 est,
119 1219 250 1268 transeat
263 1231 281 1268 a
294 1231 341 1269 me
355 1215 425 1270 calix
441 1215 505 1269 iste.
521 1235 534 1269 r
547 1216 629 1271 Nunc
642 1222 792 1289 postquam
803 1218 855 1286 illi,
896 1214 982 1269 dutus
997 1218 1040 1268 est
1054 1231 1143 1281 sacco,
1160 1220 1188 1270 ot
1207 1216 1282 1271 sedit
1296 1218 1325 1271 in
1344 1218 1447 1286 cinere,
1465 1227 1494 1275 et
1507 1223 1648 1291 clamavit,
1664 1231 1694 1281 et

53 1308 171 1375 propter
180 1319 251 1375 quos
261 1303 320 1375 pati
331 1304 455 1370 nolebat,
466 1305 668 1371 clamaverunt,
682 1325 693 1356 ι
706 1304 855 1376 Crucifige,
896 1300 966 1356 dixit
975 1302 1004 1356 in
1010 1302 1110 1358 Ninive
1116 1320 1150 1359 ex
1159 1320 1208 1358 ore
1216 1304 1290 1375 regis
1298 1310 1326 1360 et
1336 1307 1494 1378 principum
1503 1310 1572 1380 ejus,
1583 1312 1693 1369 dicens:

54 1392 199 1463 crucifige,
210 1396 268 1459 iet,
278 1409 291 1444 a
300 1393 362 1446 Non
372 1391 509 1447 habemus
517 1408 613 1464 regem
622 1393 676 1448 nisi
687 1394 853 1460 Caesarem,r
896 1389 1041 1459 Homines,
1049 1392 1222 1461 etjumenta,
1232 1399 1261 1447 et
1268 1392 1361 1459 boves,
1371 1404 1400 1450 et
1408 1412 1511 1466 pecora
1520 1405 1696 1469 nongustent

54 1480 184 1539 redditus
200 1480 236 1535 de
254 1485 351 1535 ventre
365 1480 429 1547 ceti,
442 1481 472 1535 id
487 1486 540 1548 ost,
552 1481 734 1537 resuscitatus
748 1499 766 1536 a
779 1498 856 1536 mor·
897 1478 1060 1550 quidquam,
1074 1497 1126 1535 nec
1136 1487 1296 1552 pascantur,
1311 1489 1340 1537 et
1352 1500 1456 1555 aquarn
1470 1502 1526 1542 non
1539 1487 1652 1559 bibant;
1667 1495 1697 1546 et

55 1570 121 1635 tuis,
137 1569 242 1624 iterato
260 1568 390 1639 dirigitur
402 1569 437 1624 ad
452 1569 581 1634 Niniven,
599 1576 631 1624 ut
649 1570 781 1640 predicet
794 1576 859 1641 post
898 1567 1062 1637 operiantur
1076 1568 1164 1623 saccis
1178 1570 1315 1637 homines,
1332 1577 1361 1627 et
1376 1575 1507 1643 jumenta
1524 1576 1647 1634 clament
1659 1579 1697 1636 ad

55 1658 304 1724 resurrectionem,
317 1658 393 1730 quod
412 1658 439 1712 ei
453 1674 471 1712 a
483 1658 567 1712 Patre
580 1658 674 1712 suerat
686 1659 857 1730 imperatum
898 1653 988 1709 Deum
1009 1656 1040 1711 in
1061 1657 1233 1724 fortitudine,
1250 1665 1279 1714 et
1301 1668 1481 1717 convertatur
1493 1664 1535 1719 vir
1554 1682 1572 1721 a
1586 1668 1630 1722 via
1644 1686 1698 1726 sna

57 1752 122 1802 ante
137 1745 309 1819 passionem.
322 1745 426 1800 Totum
439 1749 535 1800 autem
557 1745 610 1801 boc
624 1746 699 1816 quod
722 1746 747 1801 ei
763 1733 982 1819 praeci-Bmala,
999 1748 1028 1798 et
1041 1745 1076 1799 ab
1090 1746 1240 1817 iniquitate
1253 1764 1315 1818 quae
1330 1755 1372 1804 est
1391 1751 1422 1805 in
1439 1754 1570 1810 manibus
1585 1773 1695 1814 eorum.

58 1834 142 1907 pitur,
161 1834 238 1906 quod
249 1833 356 1896 obedit,
372 1834 447 1905 quod
462 1850 520 1889 uon
536 1834 602 1900 vult,
621 1839 650 1888 et
670 1834 773 1891 iterum
788 1836 858 1891 velle
899 1832 967 1896 Quis
985 1834 1038 1888 soit
1050 1834 1075 1888 si
1091 1841 1270 1891 convertatur
1283 1842 1311 1892 ct
1324 1838 1452 1910 ignoscat
1465 1842 1549 1910 Deus,
1564 1851 1593 1899 et
1606 1862 1698 1902 rerer·

61 1922 181 1994 cogitur,
193 1923 229 1976 ad
243 1922 364 1977 formam
377 1922 449 1977 servi
466 1922 645 1979 referendum
660 1929 713 1978 est.
899 1922 977 1994 tatur
991 1919 1113 1975 afurore
1124 1922 1173 1977 irae
1186 1940 1253 1988 suae,
1267 1927 1297 1978 ei
1307 1939 1363 1979 non
1373 1926 1548 1997 peribimus?
1563 1949 1574 1982 a
1589 1932 1698 2004 Regem

95 2031 107 2063 ι
124 2012 162 2066 Et
173 2009 298 2066 surrexit
308 2011 404 2078 Jonas,
417 2016 448 2065 et
458 2010 528 2066 abiit
540 2011 570 2065 iu
580 2011 698 2066 Niniven
711 2013 793 2082 juxta
801 2029 860 2067 ver·
900 2006 1001 2062 Ninive
1009 2008 1189 2080 philosophos
1195 2011 1343 2082 gentilium
1354 2013 1489 2071 debemus
1496 2018 1698 2091 accipere,Pla·

61 2099 125 2155 bum
134 2099 431 2166 Domini.»Surrexit,
439 2099 540 2170 inquit,
548 2099 657 2155 nullam
665 2100 731 2154 fecit
739 2116 859 2167 moram,
900 2100 1006 2163 tenen,
1025 2097 1217 2165 Aristotelem,
1239 2105 1419 2172 ceterosque,
1445 2105 1493 2176 qui
1517 2108 1598 2177 quasi
1617 2126 1698 2180 reges

62 2189 107 2244 sod
117 2188 254 2244 continuo
265 2189 342 2243 sead
353 2187 540 2243 obediendum
549 2187 677 2243 accinxit.
692 2206 703 2239 r
717 2189 752 2242 Et
761 2188 860 2243 Ninive
901 2189 968 2240 sunt
981 2184 1137 2253 hominum,
1158 2192 1187 2241 et
1209 2204 1308 2242 eorum
1324 2198 1462 2262 precepta
1485 2194 1525 2249 sic
1539 2195 1697 2267 observant,

62 2283 121 2332 erat
134 2277 236 2332 civitas
257 2293 361 2348 magna
373 2276 474 2331 itinere
488 2276 599 2331 dierum
619 2276 715 2332 trium.
734 2276 861 2332 »Ninive
902 2272 983 2343 quasi
1004 2274 1117 2328 oracula
1133 2275 1237 2330 divina.
1260 2277 1303 2332 Ad
1323 2278 1374 2333 bos
1396 2281 1548 2338 novissime
1572 2288 1700 2356 pervenit

63 2366 158 2421 civitas
170 2382 190 2420 a
204 2365 278 2421 Nino
298 2365 359 2421 Beli
381 2365 449 2430 ulio,
467 2364 558 2434 primo
577 2381 643 2435 rega
666 2364 860 2436 Assyriorum,
901 2360 1026 2425 verbum,
1048 2363 1114 2433 quia
1133 2364 1278 2419 novissimi
1298 2371 1326 2420 et
1348 2366 1488 2425 difficilius
1507 2373 1698 2432 crediderunt.

64 2454 175 2509 condita
199 2458 252 2521 est,
274 2469 360 2525 quam
383 2453 478 2507 ferunt
499 2452 572 2506 tanti
597 2469 658 2507 esse
679 2451 812 2516 ambitus,
829 2457 861 2507 ut
901 2450 1024 2504 Stultum
1044 2451 1121 2505 enim
1139 2454 1278 2523 putabant
1298 2454 1389 2511 Deum
1410 2459 1554 2518 hominem
1574 2465 1700 2536 potuisse

63 2542 146 2598 trium
161 2541 274 2597 dierum
289 2541 378 2612 possit
390 2540 492 2596 itinere
505 2540 625 2596 circuiri.
637 2539 692 2596 Sed
705 2542 790 2596 lonas
801 2542 862 2611 jam
901 2538 972 2596 fieri.
989 2545 1018 2593 et
1031 2540 1112 2594 mori.
1128 2540 1234 2596 Verum
1249 2547 1278 2596 et
1295 2543 1352 2610 isti,
1366 2546 1430 2602 licet
1443 2551 1524 2604 tarde
1538 2552 1623 2608 fidam
1642 2554 1700 2611 Do·

64 2635 214 2698 umectus,
225 2634 255 2685 et
267 2630 408 2701 naufragii
422 2628 497 2701 quod
511 2631 666 2701 pertulerat
678 2646 796 2696 memor,
808 2630 862 2684 iter
901 2626 972 2680 mini
986 2634 1181 2699 susceperunt,
1195 2635 1289 2685 tamen
1303 2632 1438 2704 depositis
1452 2641 1626 2696 ornamentis
1640 2659 1701 2698 rer·

63 2719 145 2774 trium
155 2719 269 2774 dicrum
279 2718 425 2774 uniusdiei
433 2717 777 2790 festinationecomplerit.
789 2718 862 2772 Sunt
902 2711 1012 2781 borum,
1020 2721 1048 2770 ct
1057 2716 1336 2788 pompisdogmatum
1347 2723 1535 2792 secularium,
1543 2728 1701 2800 simplicem

64 2808 106 2878 qui
130 2812 236 2879 putant
256 2807 331 2879 quod
351 2807 382 2862 in
404 2806 490 2861 tertia
512 2812 624 2862 tantum
648 2813 727 2878 parte
741 2806 862 2861 civitatis
903 2808 932 2857 et
943 2804 1078 2859 rusticam
1091 2805 1261 2876 piscatorum
1275 2807 1431 2865 doctrinam
1446 2815 1526 2885 sequi
1542 2824 1698 2888 coeperunt.

64 2896 263 2966 praedicaverit,
280 2900 309 2950 et
322 2895 362 2950 sio
376 2895 412 2950 ad
430 2912 528 2950 omnes
547 2894 754 2967 predicationis
767 2911 859 2950 sermo
900 2891 1036 2948 Homines
1045 2898 1141 2948 autem
1155 2899 1184 2948 et
1194 2895 1323 2964 jumenta
1334 2897 1531 2971 intelliguntur
1542 2910 1602 2958 tam
1615 2906 1700 2964 ratio·

65 2984 228 3056 pervenerit.
245 2985 280 3038 Et
299 2983 351 3038 Dei
364 2984 452 3039 Filius
470 2983 594 3038 surrexit
606 2999 624 3038 a
637 2984 765 3049 mortuis,
782 2989 809 3038 et
830 2983 860 3039 in
901 2980 1008 3035 nabiles
1023 2997 1107 3052 quam
1120 2981 1339 3052 irrationabiles,
1357 2987 1423 3058 quia
1441 3005 1524 3046 omne
1543 3009 1634 3064 genus
1647 2995 1700 3052 ho·

65 3073 195 3145 apostolis
213 3072 337 3144 perrexit
356 3072 392 3126 ad
415 3072 547 3143 Niniren,
566 3073 619 3127 hoc
642 3077 694 3138 ast,
715 3071 746 3126 in
762 3045 890 3127 omnesc
901 3071 1009 3124 minum
1024 3075 1084 3124 tam
1098 3071 1208 3126 ratione
1223 3074 1372 3140 utentium,
1388 3093 1474 3147 quam
1495 3084 1636 3137 eteorum
1651 3083 1701 3157 qui

65 3162 157 3217 nundi
166 3161 307 3217 terminos
316 3161 417 3216 itinere
425 3160 535 3216 dierum
547 3161 643 3227 trium,
652 3160 719 3230 quia
728 3161 861 3233 praecepit
900 3157 1701 3240 morebrutorumvirebantanimalium,adpoenitantiam

66 3249 394 3323 utbaptisarentgentes
407 3249 564 3304 innomine
580 3248 683 3314 Patris,
699 3255 728 3303 et
741 3248 814 3314 Filii,
832 3254 861 3304 et
901 3252 929 3300 et
943 3246 979 3300 ad
993 3246 1078 3301 fidem
1093 3247 1197 3303 Christi
1212 3265 1377 3306 conversum
1392 3260 1442 3309 est.
1459 3256 1510 3310 Vel
1525 3257 1615 3314 induti
1634 3265 1701 3316 sunt

67 3339 182 3412 Spiritus
197 3339 297 3394 sancti.
312 3338 368 3394 Sed
382 3339 435 3393 boc
452 3338 507 3392 iter
522 3337 609 3392 trium
622 3337 733 3392 dierum
748 3354 805 3392 una
817 3337 862 3392 ria
901 3349 993 3403 sacco,
1008 3334 1100 3402 idest,
1112 3336 1188 3392 luctu
1200 3343 1229 3392 et
1243 3354 1372 3407 moerore,
1390 3359 1474 3413 quem
1484 3345 1635 3404 sumebant
1648 3349 1700 3406 do·

67 3436 110 3493 cst,
127 3429 198 3501 quia
211 3444 286 3484 unus
300 3432 344 3483 est
356 3428 432 3483 Deus
447 3426 532 3481 Pater
546 3431 574 3480 et
588 3424 677 3480 Filius
692 3431 721 3480 et
739 3425 860 3497 Spiritus
900 3423 990 3477 lentas
1001 3423 1106 3478 damna
1114 3424 1178 3480 ritae
1187 3427 1345 3497 praeterita.
1359 3429 1438 3495 Quod
1451 3449 1548 3489 saccus
1557 3452 1608 3507 pro
1621 3438 1701 3494 luctu

68 3524 183 3575 anctus.
201 3518 284 3574 Unde
304 3534 363 3572 non
383 3517 413 3571 in
437 3513 608 3579 nominibus,
625 3514 675 3568 sed
696 3513 725 3568 in
747 3515 861 3569 nomine
901 3516 1032 3584 ponatur,
1047 3513 1170 3568 ostendit
1189 3515 1340 3572 Psalmista
1361 3518 1458 3575 dicens
1473 3539 1480 3574 :
1498 3540 1513 3574 a
1532 3523 1700 3582 conscidisti

67 3605 216 3674 Trinitatis,
240 3623 303 3679 quae
324 3622 398 3661 unus
417 3610 460 3660 est
477 3604 562 3671 Deus,
582 3609 791 3658 sacramentum
811 3602 860 3657 ba·
901 3617 1013 3655 saccum
1028 3617 1135 3669 meum,
1152 3608 1181 3657 et
1195 3604 1403 3661 circumdedisti
1418 3626 1462 3663 me
1474 3610 1580 3666 laetitia.
1598 3614 1699 3669 »Sane

68 3696 155 3766 ptismi
167 3696 325 3769 peragitur,
342 3710 397 3749 non
411 3698 471 3748 tam
486 3693 521 3747 ab
535 3692 668 3765 apostolis
679 3709 764 3762 quam
776 3709 794 3746 a
808 3693 862 3747 Do·
898 3690 980 3761 juxta
993 3689 1127 3756 litteram,
1142 3692 1217 3762 quod
1232 3693 1394 3750 dubitantes
1404 3697 1510 3765 dicunt,
1525 3700 1594 3764 Quis
1607 3702 1662 3757 scit
1674 3702 1699 3759 si

69 3785 242 3857 uino‚!quem
252 3784 338 3840 Jonas
347 3782 555 3855 praefigurabat.
566 3781 601 3835 Et
608 3780 764 3836 notandum
775 3781 859 3851 quod,
901 3784 1081 3834 convertatur
1095 3785 1124 3833 et
1137 3779 1264 3851 ignoscat
1279 3780 1366 3849 Deus,
1382 3785 1445 3840 ideo
1460 3786 1592 3860 ambigue
1605 3791 1700 3861 prose·

70 3873 151 3929 bibus
159 3872 260 3928 diebus
268 3870 506 3939 commemoratis,
515 3869 606 3925 noctis
615 3869 693 3924 nullu
703 3869 858 3933 fltmentio,
901 3872 977 3934 runt,
992 3872 1025 3922 ut
1035 3867 1113 3922 dubii
1128 3868 1163 3922 de
1174 3870 1265 3925 salute
1279 3871 1379 3928 lortius
1392 3881 1479 3945 agant
1492 3876 1696 3947 penitentiam,

72 3963 171 4034 quiain
192 3969 292 4018 sanem
309 3960 446 4017 Trinitata
465 3959 537 4014 nihil
556 3964 599 4014 est
613 3958 773 4025 obscurum,
790 3957 860 4013 nibil
901 3963 930 4012 et
943 3958 1033 4029 magis
1047 3963 1198 4028 provocent
1208 3958 1298 4013 Deum
1310 3959 1345 4013 ad
1362 3961 1593 4020 misericordiam.

72 4052 253 4109 tenebrosum,
938 4067 950 4099 ι
968 4048 1002 4102 Εῖ
1016 4047 1085 4101 vidit
1100 4048 1175 4102 Dens
1190 4063 1275 4118 opera
1289 4063 1397 4114 eorum,
1410 4049 1475 4120 qnia
1489 4054 1615 4109 conversi
1631 4062 1698 4112 suut

104 4142 164 4197 «Et
173 4141 261 4214 coepit
273 4141 360 4196 Jonas
370 4135 488 4195 introire
498 4136 529 4194 in
540 4137 681 4194 civitatem
691 4135 792 4192 itinere
804 4135 860 4191 diei
901 4136 936 4191 de
948 4135 992 4190 ria
1004 4153 1056 4191 sua
1069 4136 1153 4199 mala,
1170 4141 1199 4190 et
1220 4134 1352 4191 misertus
1371 4142 1414 4192 est
1426 4138 1501 4195 Deus
1515 4157 1601 4213 super
1614 4144 1698 4200 muli·

76 4229 156 4297 unius,
172 4237 202 4286 et
225 4230 368 4299 clamarit,
384 4233 413 4283 et
434 4227 525 4283 dixit:
547 4225 651 4282 Adbuc
674 4225 861 4297 quadraginta
900 4224 980 4292 tiam,
996 4241 1081 4296 quam
1095 4225 1205 4280 locutus
1218 4224 1311 4280 suerat
1323 4230 1353 4281 ut
1367 4225 1471 4283 faceret
1486 4229 1537 4296 eis,
1548 4236 1577 4286 et
1589 4249 1647 4288 non
1660 4235 1699 4290 se·

79 4315 136 4386 dies,
147 4324 175 4374 et
191 4318 293 4374 Ninive
305 4317 493 4372 subvertetur.
514 4334 528 4369 a
544 4315 790 4385 Quadragennrius
803 4330 860 4368 nu·
901 4313 948 4368 cit.
961 4334 975 4367 a
987 4315 1065 4369 Sicut
1074 4319 1141 4368 tunc
1151 4313 1272 4386 Assyriae
1281 4313 1353 4381 urbi,
1366 4315 1395 4372 id
1404 4317 1566 4387 estNinire,
1577 4320 1617 4376 sic
1627 4339 1699 4395 quo-

80 4419 159 4462 uerus
173 4405 366 4480 peccatoribus
379 4404 508 4460 convenit
521 4404 551 4458 in
570 4404 679 4473 jejunio
693 4408 722 4458 et
738 4403 768 4457 in
786 4402 860 4458 alili-
902 4402 971 4457 tidie
986 4404 1060 4459 Deus
1075 4402 1150 4457 omni
1165 4402 1271 4457 mundo
1284 4405 1409 4461 minatur
1423 4403 1569 4464 interitum
1584 4411 1619 4466 ad
1634 4412 1696 4482 boc,

82 4493 173 4550 ctione:
187 4496 263 4552 unde
277 4501 306 4550 et
320 4493 433 4567 Moyses
447 4498 476 4548 et
489 4493 564 4548 Elias
578 4496 621 4548 tot
638 4491 736 4547 diebus
746 4493 860 4562 jejuna·
901 4490 1237 4563 utagantpoenitentiam.
1250 4491 1278 4546 Si
1289 4492 1364 4547 enim
1376 4500 1555 4551 convertatur
1565 4500 1696 4569 mundus,

81 4589 173 4652 rerunt,
195 4585 256 4657 ipse
270 4583 406 4639 Dominus
419 4598 501 4637 verus
515 4583 600 4637 lonas
622 4581 651 4636 iu
672 4581 808 4636 mundum
824 4579 860 4633 ad
901 4580 1073 4634 convertitur
1087 4579 1221 4633 Dominus
1238 4598 1243 4633 :
1261 4587 1289 4635 et
1308 4583 1501 4652 peccatoribus
1523 4586 1699 4645 mutantibus

82 4673 271 4739 predicandum
283 4673 386 4727 missus
397 4672 450 4727 hoc
464 4669 545 4726 nobis
563 4669 702 4742 jejunium
717 4686 862 4725 consecra·
900 4668 997 4735 vitam,
1008 4667 1130 4722 mutabit
1143 4668 1322 4723 sententiam.
1333 4670 1469 4724 Malitiam
1479 4688 1547 4727 sane
1559 4675 1612 4741 bic,
1625 4677 1699 4733 sicut

82 4757 335 4818 detruncandum
355 4760 429 4832 quod
450 4760 627 4826 dictumest,
649 4777 663 4812 a
683 4758 822 4814 clamavit.
844 4776 858 4812 a
900 4761 930 4813 et
943 4757 1080 4827 superius,
1096 4773 1147 4828 pro
1172 4757 1321 4812 alilictione
1345 4764 1375 4812 et
1396 4759 1541 4830 suppliciis
1562 4761 1699 4822 debemus

81 4844 134 4903 ‘lale
145 4856 172 4905 et
186 4851 220 4906 de
233 4848 355 4905 Domino
369 4849 498 4920 legimus,
514 4847 582 4920 quia
603 4853 682 4902 stans
705 4848 735 4902 in
753 4848 858 4919 templo
899 4846 1033 4917 accipere.

82 4933 207 4995 damam:
225 4955 240 4993 a
256 4939 286 4995 Si
300 4939 363 5010 quis
372 4937 442 5006 sitit,
457 4937 552 4993 veniat
565 4941 594 4991 et
608 4935 694 4992 bibat.
711 4956 723 4990 r
740 4937 859 5007 Magnus

83 5022 169 5083 mmor
181 5034 223 5084 est
246 5027 338 5083 omnis
358 5043 452 5082 sermo
472 5025 586 5093 Christi,
610 5025 677 5098 quia
691 5041 794 5096 magna
806 5041 859 5080 an·
1208 4988 1325 5048 CAPUT
1339 4990 1389 5048 IV·

84 5117 184 5173 nubat.
939 5115 1701 5196 cEtefflictusestlonasafflictionemagna,stimma

111 5206 164 5261 «lit
176 5207 356 5263 crediderunt
365 5203 417 5262 riri
429 5206 560 5264 Ninivitas
572 5206 601 5261 in
611 5203 741 5269 Domino,
752 5209 781 5261 et
794 5223 863 5278 pree·
903 5211 955 5261 est.
973 5225 986 5259 a
1004 5206 1108 5260 Videns
1123 5206 1283 5262 subintrare
1300 5208 1502 5279 plenitudinem
1519 5218 1656 5288 gentium,
1672 5231 1702 5280 et

84 5287 224 5351 linierunt
241 5296 395 5367 jejunium,
407 5302 437 5352 et
445 5296 540 5352 vestiti
549 5301 615 5351 sunt
626 5295 712 5350 saccis
724 5312 741 5348 a
755 5296 862 5369 majore
903 5294 1013 5366 impleri
1029 5295 1102 5365 quod
1124 5294 1153 5348 in
1177 5296 1395 5353 Deuteronomio
1419 5301 1583 5371 predictum
1598 5308 1700 5380 luerat,

85 5393 154 5454 usque
167 5386 202 5440 ad
214 5384 365 5440 minorem.
380 5405 393 5438 r
404 5386 496 5456 Major
503 5391 586 5440 estas
597 5384 715 5440 credidit
728 5384 758 5437 in
769 5384 863 5438 Domi·
906 5402 919 5436 u
936 5383 992 5455 Ipsi
1006 5399 1052 5436 me
1066 5390 1287 5454 provocaverunt
1299 5387 1328 5440 in
1339 5404 1372 5442 oo
1383 5388 1496 5458 quinon
1506 5399 1567 5448 erat
1578 5397 1658 5466 Deus,
1672 5407 1702 5455 ot

84 5482 145 5540 lum,
167 5474 350 5546 predicantes
370 5475 521 5545 jejunium,
541 5480 570 5529 et
592 5489 671 5528 sacco
695 5472 860 5527 vestiuntur.
904 5488 955 5542 ego
971 5470 1126 5542 provocabo
1141 5488 1188 5527 eos
1200 5473 1228 5527 in
1245 5489 1278 5528 co
1293 5477 1341 5545 qui
1354 5491 1409 5530 non
1420 5482 1463 5531 est
1473 5483 1603 5551 populus,
1621 5504 1634 5538 a
1650 5487 1700 5541 de·

84 5558 141 5618 lule
148 5564 221 5637 quod
235 5568 280 5619 est
290 5564 442 5632 occultum,
453 5563 483 5621 id
496 5567 549 5634 est,
558 5562 710 5635 ieiunium,
718 5565 783 5634 post
793 5561 863 5617 illud
904 5565 1000 5632 sperat
1008 5557 1043 5615 de
1052 5559 1144 5617 salute
1154 5559 1278 5631 lsraelis,
1289 5563 1352 5619 ideo
1359 5565 1444 5635 dolet,
1452 5571 1481 5621 et
1487 5567 1551 5624 ideo
1557 5571 1696 5642 tristatur,

169 5662 305 5751 Rarior,
329 5662 451 5743 cxlii.
1560 5666 1580 5727 t
