3818 6104
129 283 182 342 743
365 280 555 339 datuurus
569 277 814 338 HALBERSTAT.
830 278 942 335 EPISO.
958 276 1038 334 OPP.
1055 278 1148 335 Palts
1163 278 1187 336 1.
1204 308 1238 321 -
1254 277 1444 337 COMMENT.
1460 277 1556 335 alst.
1703 283 1741 342 ill

165 408 218 464 svo
243 413 267 461 et
291 410 317 460 si
336 407 475 461 immolor.
500 402 533 458 id
547 409 590 458 est
603 400 758 457 interliciov
770 415 788 455 a
801 401 923 458 Nerone.
934 397 1075 462 ,ibitabst
1088 407 1188 458 utrum
1201 401 1382 458 decollandus
1407 405 1483 458 esset
1495 401 1643 470 sNerone,
1661 419 1704 460 sut
1713 407 1744 463 di·

130 496 206 552 Nero
234 495 295 568 ipse
309 495 363 551 luit
377 493 506 549 sacerdos
527 491 604 546 Petri
627 495 657 544 et
675 489 765 552 Pauli.
786 491 854 560 quia
871 489 931 560 ipse
973 490 1127 547 mittendus
1140 491 1212 546 liber
1223 491 1258 546 de
1272 507 1394 558 carcere,
1403 491 1524 562 ideoque
1538 488 1610 545 dixit
1624 491 1746 550 :cunco

131 584 266 640 mactavit
278 601 347 639 eos:
370 582 502 637 mactavit
523 579 646 652 quidem,
667 578 717 633 sed
737 593 793 633 non
817 577 927 644 obtulit,
970 595 1094 649 gnovero
1110 579 1177 651 quid
1193 579 1261 634 mihi
1276 582 1410 635 evenerit.
1431 579 1461 635 Si
1485 578 1521 634 de
1535 595 1647 636 carcere
1659 582 1746 638 incolu-

131 674 198 745 quia
206 674 259 745 ipsi
273 672 380 744 seipsos
388 669 657 737 obtuleruntSupro
673 668 930 735 sacriflciumtiou·
971 667 1056 722 lumis
1070 668 1174 734 exiero,
1191 667 1302 724 mittam
1317 685 1381 724 eurn
1394 668 1431 722 ad
1446 685 1505 724 vos.

131 760 263 827 deoQuiu
278 778 326 816 vos
338 759 426 814 obtuli
441 758 610 813 sacrificium
626 756 693 811 Deo.
710 757 744 811 El
758 771 840 824 supver
858 757 930 811 obre-
1005 757 1116 825 Confido
1133 761 1228 812 cutem
1240 760 1272 813 in
1281 758 1399 813 Domino
1411 763 1550 826 quonium
1564 767 1590 817 et
1604 765 1658 831 ipss
1671 765 1749 816 citove

130 852 229 918 quium
240 851 305 918 fidei
314 853 415 902 vestra.
422 848 455 902 Et
463 862 547 919 supra
553 846 660 900 cultum
670 843 736 898 ildei
746 849 776 898 et
784 843 929 914 religionis
970 846 1049 898 aiom
1063 846 1100 899 od
1113 861 1166 900 vos.
1181 845 1332 901 Sciendum
1348 852 1446 901 tamen
1460 849 1528 918 quia
1543 849 1711 922 postmodum
1720 851 1750 923 ip

131 954 214 1009 quens
227 954 275 993 vos
289 937 381 993 docui.
398 937 501 992 Beatus
515 935 621 990 Paulus
628 933 678 1005 qui
690 932 883 1004 Philippenses
893 931 929 987 ab
970 948 1067 988 senon
1082 932 1158 988 venit
1171 933 1206 988 ad
1222 950 1280 990 eos.

128 1026 296 1082 infidelitate
310 1025 480 1088 liberavit,et
489 1023 718 1095 inbaptismatea
732 1021 852 1092 peccatis
862 1037 931 1092 pur·
1007 1023 1466 1079 Necessariumoutemecistimovi
1476 1024 1695 1093 Epaphroditum
1703 1031 1752 1082 mil

129 1114 223 1185 gando
237 1113 430 1179 sanctificavit,
447 1112 508 1183 ipse
523 1111 620 1182 utique
639 1108 741 1164 obtulit
751 1125 799 1164 eos
811 1115 839 1164 et
848 1108 933 1164 sacri·
974 1115 1028 1164 tere
1041 1111 1079 1163 od
1092 1127 1146 1165 uos.
1162 1109 1235 1175 Quia
1248 1108 1427 1167 Timotheum
1448 1129 1506 1168 nou
1529 1129 1646 1184 possum
1660 1114 1752 1172 mittero

129 1203 224 1258 licium
242 1203 303 1274 ejus
318 1201 373 1273 ipsi
385 1201 509 1256 luerunt.
524 1198 697 1270 Obsequium
708 1197 793 1252 etism
809 1197 933 1269 appellet
972 1214 1120 1270 quousque
1133 1215 1298 1270 cognoscam
1308 1216 1370 1271 quae
1380 1200 1455 1255 circa
1465 1206 1667 1273 mesuntputo
1679 1220 1753 1259 nass

130 1293 238 1348 cultum
251 1295 281 1347 et
289 1290 464 1361 religionem,
479 1294 508 1344 et
522 1287 590 1343 alibi
604 1303 610 1339 :
625 1289 797 1343 Rationobile
811 1289 848 1340 sit
862 1288 933 1342 obse-
972 1286 1079 1341 sarium
1094 1303 1155 1342 esse
1169 1286 1248 1341 vobis
1259 1287 1371 1342 mittere
1381 1288 1606 1359 Epaphroditum
1622 1302 1628 1338 :
1643 1289 1689 1360 qui
1699 1291 1753 1361 Epa

132 1383 232 1449 quium
248 1385 368 1434 vestrum
383 1379 469 1443 (Rom.
486 1376 548 1447 sn),
564 1381 593 1431 et
602 1381 646 1430 est
654 1391 755 1432 sensus
773 1393 779 1428 z
796 1374 866 1430 Etsi
882 1375 933 1444 (in·
973 1375 1059 1447 phras
1072 1376 1232 1448 appellatur
1250 1376 1306 1431 alio
1316 1377 1387 1440 loco,
1399 1376 1473 1432 siem
1483 1377 1754 1451 Lucius,Lucas.hpv

134 1468 206 1539 quit)
219 1465 378 1522 interficior
392 1482 408 1519 s
421 1465 542 1530 Nerone,
552 1479 608 1519 non
622 1463 713 1519 sentio
728 1478 933 1535 prensamque
973 1464 1062 1519 stolus
1075 1464 1150 1519 enim
1162 1480 1217 1519 non
1236 1463 1354 1520 curabat
1373 1465 1409 1520 de
1423 1465 1600 1537 proprietate
1614 1467 1753 1523 nominum.

132 1555 299 1628 pertimesco
312 1559 441 1620 mortem,
451 1552 630 1624 congaudens
639 1553 768 1608 omnibus
778 1553 930 1623 vobupro·
972 1553 1190 1622 Oooperolorem,
1204 1553 1233 1608 id
1252 1559 1297 1610 est
1309 1553 1393 1609 simul
1407 1553 1583 1610 laborantem
1598 1553 1628 1610 iu
1639 1555 1752 1626 predica·

132 1652 229 1716 pterea
241 1644 307 1716 quia
322 1660 371 1698 vos
385 1641 554 1698 sacrificium
569 1641 658 1697 obtuli
673 1642 741 1708 Deo,
753 1646 783 1696 et
801 1640 869 1712 quia
883 1655 931 1695 vos
971 1640 1059 1696 tione.
1077 1641 1111 1696 Et
1122 1641 1230 1696 socium
1246 1641 1305 1697 sive
1325 1645 1555 1712 commilitonem,
1564 1642 1597 1697 in
1610 1644 1706 1698 castris
1717 1644 1754 1700 ild

131 1732 215 1787 docui
232 1731 400 1803 religionem
415 1729 491 1785 lldei.
940 1711 1023 1802 Bpro
1038 1729 1103 1785 lide.
1119 1728 1245 1786 Vestrum
1257 1736 1352 1786 autem
1364 1729 1545 1799 Apostolum,
1560 1731 1605 1787 rel
1618 1731 1665 1804 qui
1675 1731 1708 1787 sd
1719 1748 1754 1787 ros

168 1822 292 1891 idipsum
314 1824 408 1874 aulem
429 1823 454 1873 et
472 1833 518 1872 vos
538 1818 663 1886 paudete.
678 1816 709 1872 Id
725 1822 778 1883 est,
793 1816 866 1871 sicut
879 1832 932 1888 ego
972 1835 990 1872 a
1004 1835 1049 1872 me
1062 1818 1195 1882 mittitur,
1212 1819 1255 1874 vel
1270 1835 1354 1890 quem
1368 1836 1417 1874 vos
1443 1819 1478 1874 de
1497 1821 1600 1875 vestris
1621 1821 1753 1892 elegistiiu

130 1910 240 1983 gaudeo
255 1909 290 1964 de
300 1913 392 1964 vestra
407 1906 470 1971 lide,
482 1906 522 1962 ita
531 1911 561 1961 et
576 1921 622 1960 vos
633 1904 808 1976 congaudete
821 1904 857 1959 de
869 1919 931 1959 ineo
972 1906 1130 1978 apostolum
1141 1907 1279 1962 mittendo
1288 1908 1368 1963 illum
1384 1907 1421 1962 ad
1432 1924 1488 1962 me.
1502 1909 1537 1963 Et
1551 1912 1712 1964 ministrum
1722 1926 1754 1965 ns·

131 1998 246 2071 praemio
259 1997 333 2070 quod
352 2002 536 2068 percepturus
554 2010 616 2048 sum
626 2009 676 2065 pro
687 1991 774 2047 vobis.
971 1999 1105 2050 versitatis
1118 2013 1191 2060 vives,
1207 2001 1237 2050 et
1250 1995 1383 2051 desiderii
1405 1996 1453 2068 qui
1475 1996 1546 2052 mihi
1558 1998 1622 2069 jam
1640 1997 1754 2070 positoiv

167 2088 252 2157 Spero
264 2085 529 2140 auteminllomv'no
540 2085 604 2138 ,iesu
616 2083 726 2139 Christo
745 2081 926 2147 Tvmvtlveum,
972 2100 1082 2139 carcere
1098 2083 1241 2140 ministrat
1255 2102 1317 2156 que
1337 2084 1497 2140 necessaria
1517 2096 1597 2153 sunt,
1621 2087 1755 2158 etinsupa

133 2180 186 2230 etc.
201 2174 367 2231 Timotheus
389 2177 451 2228 erat
465 2170 619 2242 discipulus
632 2169 768 2241 Apostoli,
785 2168 862 2224 omni
877 2169 932 2225 ilde
972 2172 1164 2244 predicationi
1178 2173 1461 2246 insistithpostolum
1476 2179 1573 2230 autem
1586 2174 1667 2231 illum
1681 2180 1752 2241 root

134 2268 218 2334 atque
232 2259 361 2316 doctrina
378 2264 463 2330 atque
483 2257 615 2330 operibus
629 2257 710 2312 honis
722 2257 888 2325 adornatus,
903 2262 933 2314 st
973 2260 1039 2332 quia
1052 2260 1088 2317 ab
1102 2261 1151 2317 illo
1166 2262 1268 2318 missus
1290 2269 1343 2318 est.
1370 2262 1471 2318 Omnis
1483 2263 1561 2318 enim
1586 2264 1635 2336 qui
1653 2262 1754 2320 mittitur

133 2366 185 2423 per
197 2350 251 2406 hoc
264 2348 398 2420 Apostolo
419 2346 572 2401 admodum
592 2346 704 2411 charus,
724 2345 755 2400 in
772 2351 884 2401 tantum
900 2352 933 2401 ut
972 2351 1126 2420 Apostolus
1141 2356 1264 2406 vocatur.

134 2438 276 2496 unanimis
289 2437 400 2492 dicatur
414 2452 475 2492 esse
489 2435 542 2500 illi,
555 2434 584 2490 id
600 2440 652 2501 est,
669 2434 752 2489 unius
768 2434 932 2491 voluntatis.
1008 2441 1155 2509 Propterea
1165 2441 1753 2509 quodaudieratisitluminfirmatum:non

135 2526 263 2584 ilabebat
276 2532 372 2582 tamen
386 2531 415 2580 et
425 2525 496 2580 alios
506 2524 604 2579 eodem
616 2523 718 2579 ellectu
731 2523 890 2594 diligentes,
903 2529 935 2579 ut
974 2529 1169 2595 elinfirmotur
1178 2533 1308 2597 estusque
1316 2529 1353 2584 od
1365 2534 1492 2593 vnortem,
1504 2531 1550 2584 red
1559 2531 1632 2586 Deus
1646 2533 1752 2586 misertus

135 2622 197 2673 erat
209 2617 299 2683 Titus,
311 2615 409 2679 Lucas,
421 2614 550 2670 Clemens
559 2619 588 2668 et
598 2613 661 2680 alii;
679 2612 728 2668 sed
740 2613 852 2684 quando
863 2612 936 2667 hanc
976 2619 1093 2685 catejas,
1110 2616 1243 2672 subaudis
1258 2616 1324 2688 quin
1350 2617 1491 2673 revocavit
1512 2635 1579 2674 eum
1593 2619 1628 2674 de
1648 2618 1752 2674 faucibus

135 2706 289 2779 Epistolam
304 2704 382 2760 misit
395 2702 460 2766 illis,
476 2719 531 2758 non
549 2702 671 2758 habebat
684 2718 778 2757 secum
793 2701 828 2756 de
843 2699 935 2772 perie-
976 2704 1076 2759 mortis
1090 2705 1125 2760 ad
1141 2705 1237 2764 vitam.
1260 2706 1322 2761 Non
1338 2709 1429 2761 solum
1446 2711 1541 2761 ouum
1558 2710 1629 2777 qus,
1641 2705 1751 2763 subaudis

134 2795 270 2851 ctiorihus
284 2793 339 2849 nisi
349 2793 436 2849 istum
451 2812 456 2847 :
471 2808 570 2847 omnes
586 2791 662 2846 enim
672 2796 754 2846 erant
767 2806 854 2845 causa
867 2807 936 2862 prav-
976 2792 1109 2848 misertus
1124 2799 1176 2857 est,
1189 2796 1380 2849 verumetiam
1389 2797 1445 2849 snei
1454 2795 1588 2853 misertus
1602 2801 1655 2852 est.
1664 2780 1751 2861 Quare?

135 2883 283 2940 dicationis
298 2881 417 2953 dispersi
432 2897 484 2953 per
505 2880 615 2935 diversa
629 2880 699 2946 loca,
720 2878 839 2950 ideoque
866 2877 935 2933 dicit
976 2896 1009 2935 ne
1020 2884 1164 2936 tristitiom
1180 2882 1278 2937 mortis
1291 2884 1352 2952 ejus
1364 2899 1448 2951 super
1460 2886 1612 2940 tristitiam
1625 2884 1750 2940 infirmita·

135 2971 390 3028 neminemhabere
404 2969 476 3025 sein
489 2968 620 3040 praesenti
646 2973 742 3023 tamen
759 2967 932 3023 unanimem.
973 2969 1012 3023 tis
1023 2969 1083 3039 ejus
1097 2972 1224 3026 iuberem
1254 2972 1357 3026 Beatus
1376 2973 1528 3043 Apostolus
1549 2973 1663 3029 dolebat
1682 2972 1750 3028 deio-

133 3061 185 3116 Vel
200 3066 312 3133 poterat
325 3076 386 3114 esse
400 3065 433 3113 ut
444 3057 610 3113 Timotheus
626 3058 688 3128 plus
702 3057 833 3112 omnibus
848 3025 961 3111 disci·C
973 3057 1107 3114 firmitate
1130 3059 1323 3130 Epaphroditi.
1345 3059 1400 3115 Sed
1422 3059 1446 3113 si
1465 3059 1514 3115 ille
1536 3059 1573 3115 ab
1585 3061 1639 3116 hoc
1652 3057 1749 3116 lucani·

134 3150 207 3221 pulis
222 3150 284 3219 ejus
307 3148 500 3218 Philippenses
518 3146 656 3216 diligeret.
678 3147 745 3201 dito.
770 3145 801 3201 ld
823 3152 875 3203 est.
902 3144 931 3200 in
972 3153 1092 3218 grasset.
1109 3163 1194 3219 super
1207 3147 1352 3202 tristitiam
1367 3147 1543 3205 infirmitatis
1557 3149 1674 3206 haberet
1686 3147 1749 3205 tristi·

134 3237 270 3310 proximo,
293 3238 335 3290 Me
351 3239 460 3289 mittere
473 3234 512 3288 od
526 3251 579 3300 uos,
596 3239 629 3288 ut
644 3239 669 3287 et
688 3250 736 3302 epo
758 3235 824 3289 bono
837 3236 934 3288 animo
974 3237 1043 3293 tiam
1060 3236 1159 3290 mortis
1174 3236 1377 3307 ejusvvtquio
1390 3236 1449 3308 ipse
1464 3237 1493 3291 in
1510 3237 1630 3293 vinculis
1641 3237 1746 3294 aenou

135 3330 198 3380 sirii.
209 3325 242 3383 Id
256 3331 299 3380 est
310 3322 463 3394 tranquillo
477 3327 506 3376 et
520 3337 618 3376 securo
628 3321 722 3376 animo
732 3321 795 3375 siin.
811 3322 934 3390 Oogvritis
974 3323 1133 3390 tenebatur,
1159 3324 1184 3378 si
1200 3324 1365 3396 contigisset
1388 3325 1612 3397 Epaphroditum
1632 3326 1705 3392 mori,
1715 3321 1748 3395 qui

134 3431 193 3486 qua
204 3417 278 3469 circo
288 3430 333 3469 uos
347 3416 425 3468 sunt.
441 3410 471 3466 ld
486 3415 537 3473 est,
552 3409 618 3465 dum
628 3425 782 3480 cognovero
794 3409 933 3481 perillum
975 3412 1001 3467 ei
1017 3413 1176 3468 necessaria
1192 3413 1370 3486 procurabat,
1393 3430 1480 3486 super
1492 3415 1639 3471 tristitiam
1652 3414 1747 3471 manv

135 3520 197 3578 quae
212 3503 342 3558 circavcs
352 3505 486 3572 aguntur,
499 3504 557 3554 tarn
573 3499 601 3553 in
615 3498 670 3553 fide
680 3514 765 3570 quarn
780 3498 808 3553 in
822 3514 935 3553 conver·
974 3518 1037 3557 rum
1052 3502 1169 3558 haberet
1184 3503 1329 3558 tristitiam
1348 3503 1383 3559 de
1399 3511 1490 3559 morte
1501 3504 1589 3561 illius.

134 3593 254 3649 satione.
1013 3592 1044 3646 ill
1057 3595 1114 3645 viso
1129 3607 1157 3645 eo
1178 3595 1281 3646 ilerum
1301 3593 1455 3660 postdeotis.
1487 3593 1630 3649 Gaudium
1648 3586 1746 3665 Apostd'

169 3682 403 3739 Neminemenim
418 3679 510 3734 babeo.
531 3676 671 3733 Subaudis
686 3675 770 3731 modo
784 3676 858 3747 apud
876 3691 930 3731 me.
972 3680 1178 3751 goudiumerat
1192 3679 1426 3752 Philippensium,
1434 3680 1510 3736 sicut
1519 3677 1747 3753 tristitiaejisslriv

135 3774 189 3840 Qui
200 3768 354 3827 sincero,id
366 3773 410 3824 est
422 3783 492 3839 pura
502 3771 531 3821 et
541 3767 631 3826 firma,
644 3767 785 3833 offertione
796 3781 849 3834 pro
860 3765 932 3820 vobis
973 3769 1038 3823 titio
1049 3768 1160 3823 illorum
1172 3767 1316 3824 :similiter
1330 3769 1445 3824 tristitia
1457 3769 1677 3842 Philippensium
1685 3764 1746 3825 mni

134 3863 269 3916 sollicitus
291 3860 336 3912 sit.
355 3857 389 3912 Et
402 3873 436 3911 ea
451 3855 580 3910 voluntas
595 3865 656 3925 qua
675 3853 779 3908 eratin
798 3853 932 3925 Apostolo
972 3857 1225 3925 tiaerathpostoli,
1237 3855 1748 3915 etlmtitiaillorumlvetitiailliuszsicul

134 3965 201 4022 erga
214 3947 418 4019 Philippenses,
432 3951 493 3999 erat
507 3949 536 3999 et
549 3943 578 3998 in
592 3943 747 3998 Timotheo.
761 3941 827 3997 ldeo
841 3941 910 3996 dicit
924 3959 930 3996 ε
973 3945 1148 4016 ipsedirerat
1159 3946 1291 4002 :Gaudete
1301 3963 1365 4001 eum
1379 3948 1576 4015 gaudentibus,
1592 3954 1618 4003 et
1640 3950 1694 4018 flete
1704 3958 1747 4000 tud

134 4040 280 4095 Neminem
293 4036 375 4091 haheo
391 4038 449 4088 torn
463 4035 638 4098 unonirnem,
649 4030 699 4102 qui
712 4031 840 4086 eamdem
852 4045 933 4085 men·
974 4035 1103 4104 flentibus
1118 4036 1205 4101 (dom.
1217 4039 1275 4104 vn),
1291 4039 1317 4089 ct
1329 4051 1376 4101 epo
1390 4037 1451 4089 siue
1465 4039 1659 4100 tristitiosv'vn,
1671 4032 1748 4091 subm

134 4135 192 4182 tem
203 4131 284 4197 gerat
297 4139 364 4194 erga
380 4139 436 4189 vos,
454 4128 481 4177 et
495 4136 546 4192 pro
570 4119 647 4175 vohis
669 4120 710 4174 ita
731 4119 867 4174 sollicitus
886 4118 932 4175 sit.
975 4121 1017 4177 dis
1031 4138 1094 4176 cum
1109 4138 1265 4193 cognovero
1275 4139 1323 4178 vos
1336 4122 1492 4179 letificatus
1509 4124 1587 4180 illius
1602 4121 1746 4197 praesentis:

134 4214 256 4284 Ideoque
269 4213 317 4266 ille
336 4209 489 4265 mittendus
503 4214 556 4273 est,
569 4207 656 4278 quiet
671 4207 739 4262 mihi
750 4206 934 4262 estoharissi·
975 4217 1080 4266 etcum
1098 4210 1240 4282 perillum
1255 4227 1397 4282 agnovero
1412 4228 1474 4283 quae
1489 4213 1567 4295 circa
1579 4230 1629 4269 vos
1641 4214 1748 4285 mortun

134 4318 199 4357 mus
211 4320 218 4356 :
229 4306 258 4356 et
266 4315 363 4354 curam
375 4297 411 4352 de
420 4296 498 4352 vohis
508 4295 659 4351 maximam
667 4296 966 4396 gerit.0mnesenimD
1009 4300 1132 4368 Excipite
1139 4302 1320 4368 itoques'llum
1332 4317 1396 4354 curn
1403 4301 1750 4370 poudiov'nllommoultitv

135 4406 194 4459 que
206 4404 258 4442 suo
270 4383 484 4452 sunt,suboudis
492 4383 649 4450 commoda,
664 4390 933 4455 quaruntmonqusr
974 4386 1050 4439 enodi
1062 4386 1235 4441 cambonore
1243 4386 1373 4452 habetote,
1380 4384 1408 4440 id
1424 4391 1477 4450 est,
1489 4403 1547 4442 non
1561 4387 1654 4444 solum
1666 4385 1749 4460 quiv-

134 4482 201 4532 ssmt
211 4478 274 4532 lesu
287 4475 403 4531 illinisti.
412 4471 495 4527 blodo
508 4471 631 4526 ostendit
645 4488 732 4543 quare
745 4472 794 4527 alii
803 4472 853 4545 qui
866 4489 931 4530 cum
972 4478 1031 4527 ster
1044 4474 1187 4544 apostolus
1210 4478 1254 4528 est
1276 4490 1341 4528 cum
1353 4473 1457 4545 gaudio
1472 4474 1617 4546 spirituali
1631 4471 1751 4546 suscipite

134 4567 288 4630 dicerunt,
311 4566 469 4619 nouerant
489 4559 515 4615 ei
543 4559 583 4615 ita
608 4560 748 4630 conjuncti
772 4561 846 4616 sicut
867 4562 931 4617 ists.
973 4561 1130 4617 sedomnes
1145 4561 1193 4634 qni
1208 4561 1337 4617 eamdem
1352 4561 1436 4617 fidem
1453 4562 1753 4633 habentethonisopa·

133 4658 238 4714 Omnes
252 4655 328 4712 enim
340 4668 393 4708 sua
406 4649 554 4707 commoda
573 4655 704 4720 querunt
726 4657 776 4707 out
795 4650 931 4722 quietem,
973 4651 1051 4706 ribus
1064 4650 1494 4719 insistunt,sicutille.0ooniom
1503 4659 1618 4722 propter
1628 4647 1754 4724 opurdiri·

134 4746 261 4802 uolentes
271 4741 402 4801 tribulari
416 4741 536 4796 aliorum
551 4739 652 4805 salute,
667 4739 722 4794 nisi
737 4746 769 4796 ut
782 4740 817 4795 ab
828 4740 870 4795 eis
886 4740 932 4795 lu·
973 4743 1009 4795 sti
1023 4741 1159 4809 usquead
1173 4747 1287 4795 mortem
1299 4743 1420 4805 occessit,
1436 4739 1464 4794 id
1481 4747 1534 4806 est,
1559 4749 1675 4816 propter
1686 4735 1755 4796 chari·

134 4851 182 4888 cra
193 4833 360 4906 temporalia
374 4829 524 4903 recipiant,
535 4844 592 4884 non
606 4834 738 4884 curantes
749 4829 784 4883 da
798 4844 932 4884 remune·
973 4833 1060 4884 tatem
1076 4827 1499 4900 etpraedicationemiivangelii
1510 4831 1756 4902 usqueadeone·

134 4921 243 4975 ratiove
253 4927 368 4976 aeterna.
972 4916 1099 4981 accessit,
1115 4915 1251 4972 subaudis
1265 4916 1443 4988 predicando
1459 4924 1489 4973 et
1505 4918 1577 4973 mihi
1589 4913 1757 4976 ministrando

169 5006 407 5075 liopers'mentum,
423 5009 507 5063 idest
520 5006 747 5079 probamentum,
763 5007 822 5074 aas
836 5020 932 5072 cogno-
972 5011 1069 5060 contra
1080 5004 1602 5077 jussaprincipumTrodemonv’mom
1615 5002 1762 5069 suomsub·

133 5094 207 5154 scite
218 5096 285 5161 quio
295 5097 366 5148 sicut
377 5099 455 5162 patri
467 5097 542 5162 fliius
551 5109 657 5149 mecum
670 5094 783 5146 servivit
796 5094 827 5147 in
837 5091 933 5148 Evan-
971 5094 1053 5150 audis
1064 5093 1188 5165 periculo
1203 5093 1312 5156 mortis,
1329 5099 1361 5147 ut
1381 5096 1510 5162 impleret
1528 5097 1559 5148 v'd
1573 5099 1648 5165 quod
1658 5113 1688 5152 es
1701 5094 1762 5150 volit

39 5200 42 5206 ·
134 5183 213 5250 pelio.
224 5180 286 5236 Non
302 5181 381 5244 mihi,
393 5182 622 5254 inquit,servivit,
638 5180 688 5236 sed
698 5196 805 5236 mecum
815 5179 932 5237 servivit
971 5185 1063 5238 deerat
1078 5199 1145 5252 erpo
1160 5199 1254 5237 meum
1275 5183 1446 5251 obsequium.
1465 5182 1664 5256 Philippenses
1681 5183 1726 5257 qui
1733 5180 1765 5237 sb

134 5268 245 5326 Christo
258 5268 289 5323 in
309 5269 452 5340 Evangelii
467 5270 677 5340 predicatione.
696 5268 818 5324 Servivit
835 5274 931 5325 tamen
971 5271 1106 5343 Apostolo
1118 5271 1231 5326 verbum
1245 5269 1632 5342 predicationis-audierunt,
1644 5268 1767 5345 perquod

134 5364 163 5415 et
180 5357 262 5413 beato
277 5356 420 5428 Apostolo.
972 5359 1073 5415 salvati
1082 5365 1150 5415 sunt
1159 5359 1182 5414 si
1193 5360 1310 5415 facultas
1323 5358 1363 5414 eis
1374 5357 1554 5423 adfuissetet
1564 5361 1712 5433 longitudo
1720 5367 1769 5417 to»

167 5448 248 5506 Hunc
262 5461 326 5514 erpo
333 5459 411 5512 spero
425 5461 467 5499 me
478 5446 631 5501 mittereod
645 5463 699 5514 vos,
715 5464 780 5503 succ
790 5452 824 5502 ut
837 5448 931 5504 videro
973 5467 1011 5505 ru
1025 5465 1082 5504 non
1095 5448 1261 5512 obstitisset,
1280 5447 1333 5519 ipsi
1355 5446 1513 5503 debuerant
1526 5448 1553 5504 ei
1578 5451 1678 5506 omnis
1690 5448 1773 5507 subsi-

131 5555 192 5610 que
206 5537 280 5592 circo
289 5538 416 5590 nusum.
427 5532 538 5589 Positus
547 5534 697 5606 Apostolus
708 5535 737 5591 in
746 5535 866 5592 vinculis
876 5537 931 5593 du·
970 5538 1018 5594 dia
1031 5538 1201 5610 temporalia
1222 5535 1347 5610 prebere
1372 5542 1403 5591 et
1422 5537 1599 5596 ministrare.
1615 5539 1699 5605 Quod
1712 5555 1773 5612 erge
