3818 6104
160 295 215 368 iiii
381 295 571 354 HAYMONIS
585 290 830 352 timentium.
847 289 963 346 EPiSC.
984 286 1063 346 OPP.
1080 283 1172 344 Palla
1184 288 1207 344 i.
1224 316 1259 331 -·
1273 282 1461 344 (timim.
1479 286 1573 379 Brut.
1731 280 1773 346 ib]

162 425 194 476 iu
210 425 302 491 lpnem
315 428 450 477 aternum
464 421 571 480 (Multis.
587 423 660 482 xxti.
676 414 895 470 involventurab
905 415 958 468 isto
968 417 992 474 Α
1002 413 1201 482 deosgentiunr
1215 411 1380 466 :Herculem
1394 410 1531 478 videlicet,
1548 413 1725 485 appetuntur,
1738 416 1773 469 io·

161 509 236 582 igne,
253 517 282 565 et
296 511 447 566 trahentur
459 510 496 564 ad
510 508 647 578 euripiicia
660 506 770 559 interni.
1004 519 1074 560 rem,
1086 502 1132 570 qui
1144 498 1774 572 laisodicunturdii,etsupruomnestiectosqui

197 601 252 668 Qui
266 599 377 669 reprobi
390 601 494 651 dobuul
506 610 597 664 putetur
607 601 721 648 eternus
731 597 762 646 iu
777 592 960 645 interituila-
1002 591 1190 659 nuncupative
1205 597 1338 642 vocantur
1352 591 1401 648 dii,
1417 597 1448 643 ut
1478 594 1593 661 lloyses,
1609 591 1657 660 qui
1673 590 1772 644 dicitur:

160 689 232 744 buut
245 703 342 758 poenas
355 687 486 748 ullis,sed
504 685 554 738 sibi
574 683 681 738 dabunt
695 691 724 735 et
739 683 876 736 inserent:
892 681 959 749 quia
1000 680 1064 731 dece
1074 682 1206 731 cunstitui
1219 685 1242 730 te
1254 680 1334 730 cierent
1358 681 1514 732 Pharaonis
1530 679 1627 737 (duod.
1647 677 1707 746 vrri,
1720 684 1743 731 et
1753 680 1772 733 lr

159 774 615 845 maiaieceruutproquibustuiia
630 771 772 840 recipient.
784 771 856 822 Dare
871 769 957 822 etiam
999 766 1075 834 iege:
1090 768 1149 818 iliis
1165 783 1198 819 ae
1217 765 1453 825 detruirusiiirod.
1477 770 1557 833 xxti).
1574 762 1602 819 id
1617 772 1660 819 est
1673 768 1773 821 sacerdo

157 864 311 934 aliquando
326 863 440 934 ponitur
454 873 504 933 pro
516 863 664 921 sustinere,
682 860 754 912 sicut
770 859 797 911 in
814 857 931 927 Virgilio
949 873 954 907 :
999 854 1092 920 tibus;
1113 861 1159 908 et:
1176 857 1230 920 Epo
1245 856 1306 906 diui
1322 873 1330 906 ,·
1347 857 1392 907 llll
1413 859 1475 907 erlis
1492 857 1577 915 (Psoi.
1593 860 1691 919 nxxxrl.
1705 855 1773 924 Igitur

266 951 295 999 iit
312 965 354 1015 pro
368 964 487 1015 purrrureo
500 962 582 1012 rroencs
593 951 633 996 dot
645 946 725 1010 seym
741 945 839 1007 capillo.
999 960 1082 1012 super
1092 960 1189 996 ornnes
1199 943 1267 996 istos
1282 944 1396 996 extollet
1405 958 1434 996 se
1449 942 1650 1006 Antichristus,
1671 948 1697 996 et
1709 945 1773 1014 mule

155 1019 185 1088 id
199 1037 243 1087 est
255 1033 377 1087 sustinet
392 1048 498 1103 poenus,
525 1030 565 1084 ita
580 1034 609 1083 et
627 1029 656 1082 hi
678 1026 786 1082 dabunt
800 1042 906 1096 poenas,
927 1025 956 1079 id
999 1048 1057 1083 reru
1070 1031 1317 1085 sedicetomnibus
1328 1031 1400 1085 istis.
1411 1037 1439 1084 et
1450 1046 1505 1084 non
1520 1032 1612 1084 solum
1630 1024 1771 1101 superinos,

154 1125 198 1177 ert
210 1121 402 1176 sustinebunt.
997 1119 1043 1172 sed
1056 1119 1232 1189 etinmlquod
1246 1120 1337 1187 majus
1349 1128 1401 1186 est)
1416 1135 1502 1190 supra
1512 1134 1597 1173 omne
1612 1120 1683 1189 quod
1695 1121 1773 1174 colitur

191 1210 538 1276 Cumcerwritptorirtcari
548 1210 578 1259 r'n
588 1207 764 1271 sanctirejua
775 1203 802 1256 id
815 1203 954 1256 estelarus
996 1208 1023 1260 id
1040 1220 1083 1261 est
1099 1225 1182 1277 supra
1198 1214 1323 1260 sanctam
1344 1208 1522 1269 Trinitatem,
1537 1222 1599 1278 que
1621 1209 1771 1263 solummodo

154 1310 292 1370 apparere
304 1296 378 1350 eiset
389 1295 518 1359 blandus,
527 1293 653 1363 reprobis
668 1297 762 1345 autern
777 1290 912 1344 torribilis
924 1296 954 1344 et
995 1297 1109 1349 colenda
1122 1303 1150 1349 et
1165 1297 1365 1349 adorandarum
1387 1296 1421 1348 ab
1446 1296 1523 1349 omni
1546 1302 1688 1352 creatura.
1702 1296 1739 1350 ita
1750 1312 1771 1351 tt

154 1384 327 1453 saevus-Ouia
337 1386 471 1439 creditum
483 1388 519 1436 est
528 1383 715 1436 testimoniavit
730 1385 857 1432 nostrum
871 1394 952 1444 ευριπ*
993 1385 1108 1437 extoilet
1120 1392 1152 1437 ut
1165 1385 1193 1437 in
1210 1386 1313 1454 templo
1324 1385 1374 1438 Dei
1392 1385 1497 1450 sedeat,
1521 1385 1672 1438 ostendens
1689 1400 1716 1438 se
1727 1392 1770 1440 tun·

153 1474 250 1539 wald
266 1478 308 1527 est
323 1473 389 1543 quia
413 1479 556 1540 receptum
573 1475 601 1523 et
620 1469 757 1522 creditum
774 1475 817 1521 est
831 1468 952 1536 Evange-
992 1488 1077 1542 quam
1094 1474 1131 1526 sit
1145 1473 1224 1526 deus.
1242 1474 1299 1525 lloc
1316 1473 1466 1542 dupliciter
1479 1478 1574 1543 potest
1588 1472 1702 1543 intelligi
1714 1493 1719 1526 :
1731 1475 1768 1528 Νι·

153 1562 224 1618 lium
239 1567 268 1616 et
282 1560 442 1633 pradicatio
458 1558 593 1613 nostruin
609 1557 689 1612 nobis
699 1563 753 1610 etu
764 1555 849 1618 robis,
867 1558 897 1608 ln
907 1556 951 1608 cite
993 1568 1086 1613 smine
1098 1561 1291 1614 Antichristus
1300 1561 1327 1612 in
1336 1560 1478 1630 Babylone
1487 1561 1522 1614 de
1536 1561 1614 1614 tribu
1631 1556 1696 1615 Dan.
1709 1561 1767 1629 jurla

151 1653 209 1716 illo,
222 1649 250 1703 id
265 1655 309 1703 est
322 1655 438 1718 propter
451 1647 531 1702 illum
544 1647 628 1710 diem,
641 1652 673 1699 ut
696 1644 876 1713 Evangelium
889 1659 950 1712 per·
992 1649 1066 1717 quod
1077 1649 1161 1702 Jacob
1180 1649 1265 1701 dicit:
1285 1651 1344 1701 Ftot
1359 1648 1420 1702 llort
1435 1652 1546 1701 colaber
1560 1653 1592 1702 tn
1608 1652 1662 1706 clu,
1678 1655 1766 1703 amca

149 1736 332 1792 hibeatuobis
342 1734 536 1790 testimonium
550 1733 725 1788 credulitatis
739 1732 768 1786 in
781 1732 828 1785 die
843 1732 900 1794 iilo,
920 1737 950 1785 et
960 1715 983 1779 Β
993 1739 1023 1789 ln
1034 1740 1130 1789 sentito
1144 1738 1311 1802 (Gerrunml.
1323 1737 1429 1792 Etcum
1439 1738 1547 1791 venerit
1558 1736 1765 1806 tiierosoiyrnun.

150 1826 294 1898 recipietis
301 1825 459 1879 mercedem
468 1829 613 1878 eternum.
628 1824 662 1877 iu
676 1838 739 1890 quo,
753 1820 888 1874 subaudis
903 1836 949 1874 ne·
989 1825 1429 1888 circumcidetsedicenstudzeis:
1442 1824 1501 1895 Ego
1513 1825 1765 1880 suanhristusroblt

147 1915 236 1985 gotio,
253 1930 379 1978 oramus,
397 1914 438 1967 rei
448 1913 483 1967 od
494 1913 547 1967 hoc
560 1927 676 1966 oramus
685 1923 790 1978 rerrrper
801 1924 853 1977 pro
864 1911 947 1974 uobis,
990 1913 1159 1982 prornissus;
1175 1920 1243 1966 tunc
1256 1912 1400 1967 conlluent
1409 1915 1443 1966 ad
1461 1930 1525 1967 eum
1539 1914 1764 1976 omnesiudrei,el

148 2009 202 2060 etc,
989 2001 1197 2055 reaedificabunt
1210 2003 1357 2072 templum,
1372 2003 1447 2072 quod
1461 2010 1505 2055 est
1518 2003 1690 2057 destructum
1703 2003 1763 2056 aiio

988 2090 1088 2152 manis,
1102 2091 1265 2161 sedebitque
1279 2091 1327 2154 ihi,
1339 2092 1434 2145 dicens
1444 2108 1474 2144 se
1489 2108 1551 2145 esse
1565 2092 1713 2154 Christum,
1726 2086 1761 2143 ici

460 2140 577 2198 CAPUT
596 2138 635 2196 Π·
987 2179 1083 2241 etiam,
1100 2185 1131 2232 ia
1149 2185 1246 2247 templo
1259 2182 1316 2245 Ilei,
1331 2180 1358 2233 id
1375 2188 1417 2233 est
1433 2180 1461 2233 in
1478 2178 1602 2234 Ecclesia
1615 2180 1760 2237 sedabitur·

182 2273 320 2340 amamus
332 2268 502 2333 russeolam.
513 2268 721 2333 percurrentem
732 2266 845 2318 liorrrtni
859 2268 949 2318 nostrl
988 2268 1107 2321 tendens
1121 2285 1150 2321 se
1162 2275 1295 2338 tanquam
1309 2269 1347 2321 sit
1362 2269 1445 2322 Deus.
1462 2269 1535 2321 Nam
1551 2267 1625 2322 sicut
1635 2270 1664 2322 ln
1676 2268 1760 2322 Cinna

146 2359 361 2415 increbrescet
380 2362 479 2412 nostra
488 2357 708 2422 corrompatr'om's
719 2356 750 2406 lu
759 2356 861 2420 ipsunt.
875 2353 947 2406 iluos
988 2356 1078 2408 omnis
1092 2357 1237 2425 plenitudo
1247 2357 1401 2410 divinitatis
1416 2357 1565 2426 requierit,
1582 2357 1622 2411 itu
1636 2357 1664 2411 ln
1675 2357 1715 2411 ilio
1724 2357 1760 2409 io·

148 2446 261 2503 Domini
274 2446 411 2500 aduentus
435 2443 564 2514 legimus,
591 2442 757 2512 primumin
775 2442 944 2506 humilitate,
989 2445 1325 2514 minequihntichristus
1341 2446 1509 2515 appellatur,
1526 2446 1651 2516 eoquod
1675 2445 1759 2500 silete

150 2536 302 2590 seeundum
317 2535 345 2588 in
362 2533 496 2604 potentia,
513 2531 625 2601 quando
641 2530 732 2582 veniet
749 2530 785 2583 ad
798 2530 946 2598 iudicium,
989 2533 1093 2586 trarius
1108 2533 1230 2592 Christe,
1245 2534 1389 2603 plenitudo
1404 2535 1519 2589 malitiae
1535 2540 1564 2589 et
1578 2536 1668 2588 omnis
1680 2533 1758 2604 iniqui·

147 2625 251 2694 dequo
271 2624 318 2677 hic
332 2623 404 2676 ratio
415 2622 517 2692 agitur.
535 2619 785 2688 congregationem
802 2636 881 2673 sunm
897 2637 948 2689 ap·
988 2623 1054 2674 tutis
1069 2621 1215 2684 habitabit,
1231 2623 1331 2692 quiain
1346 2623 1407 2692 ipso
1416 2623 1470 2676 erit
1486 2628 1573 2693 eaput
1588 2625 1705 2678 omnium
1715 2636 1757 2676 rot·

147 2714 235 2784 pellat
247 2711 458 2765 multitudinem
474 2710 637 2771 electorum,
654 2707 695 2759 uel
710 2724 771 2776 quae
790 2724 852 2760 curn
864 2724 947 2762 eore-
987 2710 1078 2763 iorum
1099 2710 1235 2772 diabolus,
1252 2711 1300 2780 qui
1315 2719 1358 2764 ost
1373 2729 1518 2782 rexsuper
1540 2730 1639 2767 omnes
1652 2713 1712 2766 lilios
1724 2725 1755 2764 su·

145 2789 216 2867 niet,
230 2801 272 2854 rel
284 2817 345 2871 quae
358 2799 383 2853 ei
394 2797 518 2853 obviabit
528 2797 562 2849 ud
583 2795 730 2865 judicium.
748 2793 780 2847 iu
797 2794 886 2864 ipsum
903 2796 946 2848 di·
987 2797 1099 2868 perbiur.
1118 2800 1166 2852 iiis
1183 2799 1486 2853 verbisdemonstravit
1498 2801 1651 2870 Apostolus
1669 2802 1754 2855 ulee-

146 2889 271 2959 eitquasi
283 2890 312 2941 in
327 2888 397 2958 ipso,
409 2887 473 2955 quia
494 2886 524 2939 in
538 2883 649 2938 Christo
664 2889 731 2936 sunt
744 2897 841 2936 omnes
853 2881 944 2941 electi.
987 2886 1184 2948 ionicensibus,
1201 2903 1257 2941 non
1271 2888 1349 2957 prius
1363 2894 1510 2942 venturum
1525 2887 1675 2943 Dominum
1688 2888 1714 2941 ad
1723 2888 1754 2956 ju·

148 2971 943 3046 utpotemembraadhaerentesiiiiRogomusrosimtres,
987 2974 1101 3039 dicium,
1118 2975 1165 3045 qui
1176 2977 1253 3044 regni
1271 2976 1385 3029 humani
1397 2976 1517 3029 delectio
1527 2978 1619 3039 ficret,
1633 2977 1697 3048 quod
1711 2976 1753 3044 jan

147 3064 356 3133 peradventum
371 3063 484 3115 Domini
494 3062 570 3124 iesu,
588 3060 622 3113 ad
636 3059 784 3128 judicium,
797 3066 825 3111 et
836 3076 885 3129 per
895 3061 975 3129 ad-(J
987 3078 1038 3114 nos
1050 3063 1195 3132 impletum
1204 3064 1338 3126 videmus,
1350 3071 1378 3117 el
1392 3065 1598 3119 Antichristum
1607 3062 1755 3137 apparereiu

146 3154 260 3204 rentum
275 3153 377 3204 'nostrae
388 3147 612 3219 congregationis
624 3147 653 3200 in
668 3145 771 3218 ipsum,
787 3146 815 3200 id
835 3153 945 3202 estom-
986 3151 1091 3203 mundo
1106 3151 1153 3220 qui
1168 3151 1318 3205 interficiet
1331 3152 1436 3206 Christi
1451 3158 1603 3224 martyres.

146 3234 226 3292 ilium
240 3240 401 3292 sanctorum
417 3237 509 3306 quiin
524 3236 584 3306 ipso
599 3234 808 3297 consistentem
824 3252 880 3289 noa
893 3240 945 3290 cilo
1022 3239 1084 3292 riou
1097 3242 1222 3292 retinetis
1242 3241 1312 3306 praed
1341 3257 1404 3293 curn
1427 3242 1520 3294 adhuc
1545 3243 1755 3312 canicapulus.

146 3328 323 3392 moveamini,
340 3324 369 3377 id
384 3327 468 3378 estut
479 3339 536 3377 nou
548 3323 602 3376 cito
616 3320 833 3386 conturbemini,
860 3341 945 3392 neque
988 3327 1041 3380 bac
1050 3328 1171 3380 dicebaut
1181 3329 1273 3381 croilis?
1288 3328 1322 3382 de
1337 3328 1459 3382 adventu
1472 3330 1638 3385 antichristi
1652 3338 1678 3386 et
1688 3327 1756 3384 leuc

31 3400 46 3418 '
146 3415 320 3478 terreamini,
337 3414 418 3481 quasi
433 3415 515 3466 instet
529 3412 585 3464 dies
598 3412 717 3470 Dorrrr'ai.
734 3428 818 3479 nequae
830 3428 880 3478 per
892 3416 946 3480 spi·
983 3414 1093 3484 judicii.

143 3506 245 3567 ritant,
255 3500 283 3556 id
298 3507 341 3557 est
355 3502 378 3555 si
393 3500 495 3573 uliquis
509 3517 538 3553 se
552 3499 652 3553 dixerit
662 3498 836 3552 admonitum
853 3516 870 3552 a
885 3500 945 3572 Spi-
1023 3505 1054 3557 Et
1069 3521 1144 3558 rrunc
1158 3507 1226 3574 quid
1246 3507 1468 3568 detineatscitis,
1483 3512 1515 3561 ut
1528 3509 1665 3563 reueletur
1680 3509 1704 3562 iu
1718 3517 1754 3560 sut
1798 3550 1800 3577 ÷

145 3591 203 3646 ritu
217 3596 324 3654 sancto,
341 3589 416 3662 quod
431 3588 490 3643 dies
510 3586 609 3658 J'udicii
630 3586 785 3645 immineat,
804 3586 889 3641 nolite
903 3589 943 3642 illi
985 3597 1122 3663 tempore.
1148 3593 1222 3647 Dicit
1232 3613 1237 3644 :
1248 3594 1330 3648 Scitis
1343 3595 1408 3665 quid
1423 3595 1590 3651 detineatet
1604 3615 1657 3652 non
1669 3597 1754 3651 denot-
1797 3582 1800 3645 ἷ

144 3675 268 3746 credere,
294 3696 385 3750 neque
410 3677 572 3732 terreamini
598 3677 659 3746 ejus
675 3674 775 3738 verbis,
797 3694 881 3746 ireque
893 3693 944 3746 per
986 3688 1057 3734 strat
1070 3682 1310 3751 quidQuodniiril
1323 3683 1468 3737 meliusibi
1481 3685 1650 3757 intelligitur
1663 3684 1751 3739 vuum
1798 3684 1800 3695 '

142 3767 336 3833 sermonem,id
348 3775 391 3821 est
403 3785 452 3837 per
461 3766 655 3821 tractatuur.Si
669 3765 770 3835 uliquis
781 3767 944 3835 explanator
985 3770 1144 3839 significare
1157 3787 1241 3842 quam
1257 3771 1476 3826 destructionem
1493 3777 1575 3844 regni
1595 3775 1750 3829 Rornarroruu

144 3864 171 3914 ei
182 3860 319 3913 tractator
330 3856 540 3929 prophetiarum
552 3854 628 3908 vobis
640 3854 750 3907 dixerit:
762 3854 867 3924 Collegi
878 3871 942 3908 sen·
983 3859 1080 3929 dequo
1088 3858 1205 3912 obscure
1228 3859 1273 3912 hic.
1293 3860 1401 3914 locutus
1410 3867 1463 3924 est,
1477 3879 1513 3915 ne
1528 3864 1601 3917 torte
1619 3859 1750 3934 aliquem

142 3950 203 4003 'sum
212 3943 484 4019 prophetreisaiaeet
494 3944 627 4005 Danielis,
640 3943 815 4013 aliorumque
824 3944 942 4014 prophe·
985 3964 1132 4001 manorum
1140 3949 1248 4018 legeret
1262 3949 1502 4019 hancepistolam,
1511 3953 1749 4007 eteucitaretcoutrt

141 4042 244 4096 tarum.
257 4040 284 4089 et
295 4028 432 4105 praevideo
447 4035 520 4089 diem
529 4032 627 4103 judicii
648 4031 804 4095 imminere,
815 4038 845 4084 et
860 4032 941 4086 Chri·
984 4053 1013 4091 se
1029 4037 1153 4106 aliosque
1169 4037 1344 4091 Christianos
1358 4040 1585 4108 persecutionem
1600 4029 1747 4107 ilioruqu'

141 4131 216 4180 stum
232 4121 616 4192 venireodjudiciurn,noiite
639 4122 701 4175 ideo
721 4121 832 4174 terreri.
850 4122 942 4189 rl'equc
983 4142 1012 4179 se
1028 4124 1166 4196 putabant
1180 4142 1291 4197 semper
1306 4133 1472 4196 regnaturos
1482 4128 1513 4182 in
1526 4135 1586 4184 toto
1601 4129 1704 4186 muodo.
1714 4124 1748 4178 lc

138 4215 189 4280 per
204 4211 492 4279 epistolomtcnpaum
506 4225 556 4275 por
578 4226 624 4262 nos
653 4209 821 4263 caessara&
839 4209 941 4279 aliquis
982 4217 1067 4275 scitis,
1082 4213 1186 4283 inquit,
1201 4215 1269 4281 quid
1290 4215 1505 4269 delr'uectiiium
1520 4200 1748 4281 antichristum&

141 4294 392 4368 pseudoapostolus
402 4298 455 4350 hoe
468 4296 589 4353 finxerit.
601 4297 686 4350 nolite
697 4298 722 4350 ei
738 4298 862 4351 credere.
982 4300 1049 4370 quid
1064 4307 1190 4355 moretur
1205 4301 1296 4365 iilum,
1313 4303 1379 4372 quia
1404 4304 1529 4357 necdum
1552 4299 1748 4360 destructum&

177 4385 316 4452 'Qrcout'am
332 4386 389 4436 nist
400 4386 502 4437 uenerit
518 4385 641 4437 discessio
654 4388 790 4452 prirentur,
814 4391 844 4439 ut
855 4379 1102 4459 disce-Dregnum
1118 4391 1319 4452 Romanorum.
1329 4409 1381 4445 nec
1391 4400 1670 4449 recessemntomneu
1679 4395 1747 4464 gente

140 4470 210 4529 dant
223 4472 319 4527 omnia
333 4488 420 4541 regna
433 4487 546 4540 aregno
562 4478 589 4524 et
602 4471 718 4542 imperio
729 4474 940 4529 Rornanorum:
984 4477 1018 4530 ab
1034 4478 1098 4531 iliis.
1117 4480 1147 4532 tit
1171 4483 1315 4545 reuelato-r,
1340 4481 1398 4535 sire
1422 4483 1621 4538 manifestetur
1632 4484 1686 4554 ipse
1695 4474 1747 4534 iuli·

139 4569 164 4619 el
176 4565 322 4623 revelatus,
335 4559 392 4615 sive
409 4559 612 4625 manilestatus,
623 4563 709 4626 liceret
729 4563 807 4614 lrouro
829 4563 941 4630 peccati.
984 4566 1113 4626 christus,
1126 4570 1158 4620 iu
1168 4584 1216 4620 stro
1230 4569 1394 4636 ternpore,id
1404 4575 1704 4643 estcongruotempore
1713 4574 1747 4619 et

138 4646 327 4709 Antichristus
338 4642 474 4711 videlicet,
492 4649 539 4719 qui
555 4649 622 4702 lieet
643 4649 726 4703 homo
750 4649 797 4710 sit,
817 4649 878 4703 sons
897 4658 937 4704 ta·
980 4654 1190 4724 Deodisposito,
1202 4663 1350 4726 postquam
1362 4658 1556 4729 omniarcgna
1574 4655 1747 4714 disoescunuit

138 4759 202 4797 men
214 4738 268 4796 erit
280 4739 406 4794 omnium
422 4745 611 4808 pcccatorum.
624 4739 657 4792 Et
667 4740 743 4803 fiir'us
761 4739 935 4804 prcrcittr'onr's,
980 4742 1106 4795 Romano
1117 4743 1248 4814 imperio.

137 4828 166 4885 id
181 4839 223 4887 est
234 4824 308 4884 iliius
323 4822 436 4892 diaboii,
454 4845 510 4882 non
525 4844 575 4898 per
590 4833 729 4888 naturam,
745 4827 795 4880 sed
806 4844 856 4896 per
870 4828 935 4881 imi·
1012 4833 1084 4883 Nora
1099 4835 1265 4899 mysterium.
1281 4836 1507 4903 r'nr'qur'tutr'sjam
1521 4841 1660 4905 operatur.
1675 4834 1746 4906 15⁵1?

137 4919 285 4973 tationem.
302 4917 354 4982 Qui
370 4916 433 4971 ideo
449 4916 608 4987 appellatur
626 4915 755 4989 perdide,
769 4916 834 4984 quia
844 4917 935 4985 perii·
977 4918 1050 4971 rium
1066 4920 1171 4978 Graece,
1186 4921 1286 4974 Latino
1297 4921 1428 4975 uocabulo
1444 4923 1550 4977 dicitur
1572 4925 1673 4997 aliquid
1687 4914 1746 4976 ortui·

138 5007 198 5059 ium
215 5005 290 5059 uenit
304 5005 529 5077 perditio,etipse
541 5004 663 5076 perdidit
675 5005 828 5056 humanum
839 5021 939 5074 genus.
982 5012 1041 5060 tum
1052 5012 1233 5062 etsecretum.
1243 5008 1406 5081 Mysterium
1418 5028 1485 5082 ergo
1496 5004 1746 5084 iniquitatisappeilli

175 5093 228 5160 Qui
237 5094 410 5156 adversatur,
421 5093 449 5146 id
465 5101 507 5149 est
523 5094 680 5148 contrarius
693 5099 735 5146 ost
753 5091 864 5145 Christo
879 5111 939 5148 om-
981 5093 1202 5150 intersectionem
1218 5106 1378 5152 sanctorum
1398 5106 1559 5170 martyrum
1579 5110 1609 5158 et
1626 5091 1745 5172 pemcclil'l

132 5176 271 5254 tribusque
284 5181 428 5235 membris
439 5183 510 5252 ejus,
540 5190 563 5237 ct
579 5186 731 5245 ertollr'lur,
749 5182 806 5235 sive
821 5182 939 5251 erigitul¹
979 5185 1311 5254 nem,quarninlerebunt
1320 5187 1392 5241 Nero
1399 5195 1427 5241 et
1435 5188 1578 5261 principes
1586 5183 1744 5262 ejusltdethu

42 5331 51 5343 ‚
130 5266 334 5342 in'superbiam
358 5285 538 5336 sumumnne
563 5273 635 5338 quod
659 5272 767 5323 dr'cr'lur
794 5271 938 5335 herceant
981 5272 1094 5327 Christi.
1107 5274 1245 5338 Quaeideo
1257 5276 1607 5347 appeliaturmysteiium,
1623 5280 1684 5351 quia
1696 5264 1744 5345 ulli

138 5362 211 5430 q'uod
223 5362 346 5425 colr'tur,·
358 5362 467 5411 nonest
487 5375 582 5411 rerum
594 5360 666 5428 quod
678 5359 717 5412 ait
730 5377 737 5440 :¹
748 5359 935 5426 (luoddr‘citur
977 5360 1105 5417 diabolus
1118 5370 1249 5434 operatus
1263 5371 1308 5418 est
1331 5366 1480 5420 urnuileste
1494 5384 1546 5438 per
1559 5367 1743 5423 aruchaeum

128 5445 210 5513 Beue,
223 5448 274 5502 out
288 5448 360 5516 quod
373 5450 484 5501 colitur.
505 5447 625 5500 Extoiiet
640 5465 669 5502 se
679 5449 868 5502 Antichristus
883 5466 931 5504 su·
975 5449 1167 5505 interficiendo
1198 5459 1310 5508 sanctos
1342 5461 1482 5526 martyres
1507 5456 1599 5512 Elium
1618 5465 1647 5512 et
1664 5448 1740 5510 mort

127 5552 270 5618 pruomne
293 5535 368 5613 quod
394 5534 497 5593 dicitur
528 5535 648 5603 deus,id
661 5543 704 5592 est
729 5554 816 5609 supra
831 5554 928 5594 omnes
977 5538 1103 5611 aliosque
1130 5540 1278 5610 plurimos,
1298 5542 1352 5598 hoo
1370 5546 1584 5619 operaturiam
1600 5545 1745 5618 ooeuitti‘
