3818 6104
132 230 185 307 nea
338 227 529 286 neruosis
547 229 791 300 maurusam.
812 228 927 291 arisa-
948 232 1028 301 tir-P·
1050 230 1153 303 tets-
1173 237 1197 305 t·
1217 264 1247 281 -
1265 235 1452 311 aunuum.
1471 233 1568 295 aiot.
1722 234 1768 311 nst

131 364 186 437 tas,
203 358 276 422 sicut
291 356 450 431 invertimus
465 357 494 413 in
509 356 701 429 sequentibus,
719 358 815 423 eodem
830 356 1050 431 angeloAlibris
1061 360 1151 431 Moysi
1164 361 1327 432 frequenter
1338 361 1440 433 populo
1451 362 1571 419 dicitur:
1589 363 1638 419 l'os
1651 365 1770 419 reiturus

133 448 246 511 dicento
264 445 343 503 :Scio
354 462 434 516 opera
447 452 495 511 tuq
502 464 509 507 ‚·
522 445 702 511 etconsilinm
713 448 894 513 correctionis
903 449 931 509 in
972 466 1003 503 rr
1011 451 1137 515 erunibus
1145 453 1286 520 pertrita-s,
1298 452 1327 513 id
1335 450 1564 523 cst:Voselegit;
1576 450 1768 524 etipsiblopsi:

133 539 187 605 boc
201 536 274 613 quod
289 535 450 607 subjungit:
465 535 709 603 liobeourlrersum
720 541 743 593 te
752 554 850 606 trauca.
860 539 932 607 quoii
972 537 1042 593 lt'eei
1056 543 1079 591 te
1094 555 1126 594 er
1145 543 1256 594 notitiae
1267 540 1365 609 (Eroti.
1386 550 1496 608 sicinii,
1520 539 1548 605 iu
1570 545 1618 596 est
1634 552 1640 586 1
1656 539 1695 599 'le
1709 539 1771 613 eligo

135 628 299 695 alteritatem
308 630 385 681 tuom
394 626 519 692 prienam
528 626 795 697 reliquistqetomni
805 626 932 697 Ecclesiae
972 626 1132 698 specialiter
1140 645 1196 701 prae
1204 628 1592 701 caeterisatliquandoautern
1600 628 1673 683 scire
1681 627 1772 687 dicitnr

134 700 310 787 generaliter.
329 712 408 776 Quod
424 712 500 765 onim
514 712 614 767 licitur
624 715 734 783 angelo,
744 714 771 771 id
787 720 831 774 est
844 732 933 770 sacer·
973 716 1231 783 scientesredtlere3
1244 717 1369 773 undeest
1379 731 1384 765 τ
1394 717 1498 783 Tentat
1506 733 1555 785 ros
1563 716 1705 775 Dominus
1712 715 1773 773 [leus

136 804 194 867 doti
210 803 298 873 ipsius
313 801 451 867 Ecclesia,
465 800 495 859 in
511 801 558 857 illo
571 803 646 865 ennii
663 803 792 859 Ecclesia
810 804 930 870 (licitum
975 810 1074 865 tester,
1088 812 1119 860 ut
1128 805 1198 861 sciat
1208 806 1232 861 si
1244 805 1367 881 diligatis
1376 822 1485 863 suman
1496 821 1567 870 non,
1578 804 1609 869 irl
1620 810 1665 867 ast
1674 806 1773 867 utscire

134 892 206 968 etin
222 891 348 969 Ecclesia
361 890 557 959 Ephesiorum,
571 892 707 950 unirersae
721 894 848 951 Ecclesia
864 893 933 949 sida-
974 893 1128 959 rosiacum
1143 900 1172 949 et
1181 893 1316 955 Abrahae:
1329 896 1409 953 rl'uuc
1418 898 1533 963 coerceri
1541 895 1621 963 quod
1630 895 1772 955 iterumne

134 981 212 1049 lium.
229 980 301 1042 Nam
327 984 355 1033 ct
372 996 422 1051 per
444 986 552 1051 septem
568 981 663 1043 stellas
679 998 748 1053 quas
769 982 883 1039 tenebat
904 983 934 1037 in
975 985 1085 1039 aritium
1094 983 1167 1045 tGen.
1179 984 1261 1051 xxiv),
1273 984 1300 1038 id
1314 989 1358 1044 est
1371 1000 1544 1055 cognoscere
1552 990 1584 1039 te
1599 983 1664 1039 teci.
1676 981 1774 1045 Dicitur

133 1069 249 1131 dextera
262 1086 322 1145 sua,
335 1085 433 1131 ornnes
446 1070 537 1131 sancti
546 1069 752 1142 intelliguntur,
765 1072 853 1143 quiin
867 1088 935 1142 prae
976 1088 1087 1143 quoque
1102 1072 1173 1126 scire
1188 1073 1272 1129 Deus.
1285 1078 1314 1126 ct
1328 1072 1388 1143 ipsa
1398 1072 1571 1129 scientioris
1583 1071 1687 1127 ditiore
1697 1069 1773 1125 subti-

134 1159 322 1231 uestinatlono
331 1156 697 1228 aetarnaebeatitudinisjam
705 1166 839 1217 tenentur
847 1160 875 1214 io
885 1160 935 1217 Dei
975 1158 1065 1215 litatis
1071 1158 1216 1231 accipitur,
1223 1159 1266 1213 cui
1278 1159 1353 1225 nuda
1364 1165 1392 1214 et
1402 1165 1503 1231 aperta
1511 1164 1582 1215 sunt
1590 1158 1698 1221 omnia,
1706 1158 1775 1226 juxta

133 1248 293 1330 prasentia.
310 1247 367 1319 Ipsi
387 1263 499 1327 quoque
514 1248 698 1318 designantur
712 1255 741 1313 et
760 1264 809 1319 per
826 1256 934 1321 septem
975 1247 1060 1305 illud:
1075 1249 1772 1323 Tricopnoristiamuionorissiurertantiquanscl.

135 1336 479 1414 candelabr·a,inquorurn
489 1336 717 1397 medioambulat
728 1338 935 1416 Christus,quia
976 1337 1117 1407 cxxxviii).
1135 1337 1167 1391 ln
1183 1336 1244 1390 istis
1259 1336 1356 1408 itaque
1370 1335 1560 1395 locutionibus
1576 1336 1718 1399 Ecclesiae,
1734 1351 1775 1409 pro

135 1426 209 1487 dona
218 1426 317 1497 gratia
326 1442 384 1483 suae
394 1425 434 1485 eis
445 1425 633 1495 particulatim
645 1425 785 1481 diffundit.
797 1426 852 1481 Alii
863 1426 935 1485 scili·
976 1426 1100 1483 locorum
1113 1425 1295 1497 qualitatibus
1302 1426 1373 1481 scire
1385 1426 1434 1482 Dei
1446 1426 1587 1485 deleamus
1598 1425 1776 1497 acciperelii

135 1522 180 1583 eet
202 1531 361 1579 sermonem
384 1513 538 1584 sapientiae,
559 1514 606 1570 alii
625 1531 783 1571 scurionem
798 1515 933 1578 scientim,
976 1513 1776 1587 citurergoEcclesimaCbristo:Sciooperatumiilestap

135 1605 184 1667 alii
198 1621 304 1675 genera
317 1604 487 1675 linguarum,
500 1603 547 1659 alii
561 1603 823 1675 interpretationem
832 1621 936 1661 serino·
948 1635 968 1692 B
978 1603 1063 1675 probo
1073 1604 1246 1673 eteligo,rcl
1255 1602 1311 1668 scio
1320 1620 1415 1675 opera,
1425 1603 1507 1663 idest
1517 1601 1707 1671 scireteiacio
1717 1619 1776 1657 mer·

133 1710 214 1759 tium,
226 1693 274 1767 alii
285 1692 517 1767 hospitalitatem,
527 1692 576 1753 alii
586 1691 798 1757 abstinentiam,
810 1700 933 1750 contem-
978 1692 1073 1750 cedem
1081 1709 1196 1764 operum
1204 1691 1777 1762 tuorumetlaborern-Quiahomooperans

134 1783 298 1857 platiopem,
310 1788 339 1839 ct
353 1788 454 1839 caetera
467 1782 510 1837 his
523 1782 635 1847 similia,
647 1799 705 1852 qua·
715 1789 847 1855 operetur
859 1799 933 1837 retius
975 1781 1095 1847 laborat,
1106 1781 1208 1837 idcireo
1218 1788 1281 1852 post
1291 1798 1377 1853 opera
1386 1781 1522 1843 virtutum
1535 1787 1617 1839 recte
1626 1782 1715 1841 etiam
1723 1779 1777 1843 sub·

134 1877 217 1941 utque
238 1874 309 1931 idern
328 1871 451 1939 Spiritus
465 1872 492 1941 (I
516 1872 577 1928 Cor.
593 1880 652 1939 xli).
668 1871 723 1935 Qui
744 1888 806 1926 cum
831 1870 935 1943 ubique
973 1870 1105 1941 jungitur
1118 1877 1147 1925 et
1159 1870 1246 1934 labor,
1260 1871 1325 1944 quia
1340 1877 1438 1931 sancta
1450 1870 1579 1938 Ecclesia
1594 1871 1670 1937 sicut
1686 1885 1776 1941 magu

133 1977 259 2043 praesens
267 1961 384 2025 sit,dum
395 1960 533 2017 donorum
540 1961 661 2033 gratiam
674 1960 715 2017 eis
724 1960 938 2033 largitur,quasi
978 1967 1022 2015 est
1040 1959 1069 2013 in
1088 1960 1228 2030 oporibus,
1246 1959 1286 2016 ita
1300 1976 1405 2029 magna
1418 1965 1462 2015 cst
1476 1966 1505 2017 ct
1527 1959 1684 2020 inlabere.
1702 1960 1775 2031 Cujus

134 2051 165 2125 iq
172 2051 265 2115 medio
272 2049 505 2111 candelabrorum
515 2049 640 2121 quotidie
650 2049 785 2107 ambulat.
794 2049 848 2107 va
858 2055 933 2107 certc
975 2048 1060 2107 etiam
1073 2048 1210 2121 patientia
1224 2048 1381 2121 specialiter
1396 2048 1582 2121 praedicatur,
1595 2066 1660 2121 quae
1673 2054 1774 2107 cunctos

134 2155 308 2221 permenam
318 2154 469 2211 possumus
482 2138 639 2207 intelligere
649 2138 826 2207 clementiam
837 2138 936 2195 divini·
976 2138 1078 2193 tolerat
1093 2137 1201 2193 labores
1217 2138 1366 2208 patienter.
1382 2144 1411 2192 et
1424 2155 1474 2191 eos
1488 2154 1563 2211 quos
1579 2139 1657 2208 male
1672 2144 1772 2209 agenta

134 2227 202 2301 tatis
211 2229 284 2297 ejus,
295 2242 380 2298 quam
391 2226 486 2283 nultus
497 2232 589 2297 potest
598 2227 726 2292 eradere,
735 2227 800 2299 quia
810 2226 840 2281 in
850 2243 935 2295 manu
978 2232 1080 2295 portat.
1097 2226 1245 2283 sinceriter
1260 2232 1346 2290 amat,
1362 2232 1389 2281 et
1410 2242 1501 2296 usque
1519 2226 1558 2283 acl
1578 2228 1666 2287 linem
1682 2226 1770 2286 ritant

136 2317 197 2389 ojus
211 2321 279 2375 sunt
299 2332 397 2373 omnes
416 2317 487 2369 sines
512 2322 603 2372 terrae.
619 2315 654 2370 In
669 2317 721 2374 liae
742 2316 856 2375 dextera
870 2320 937 2385 suut
977 2315 1029 2373 hoc
1038 2316 1297 2389 pommeranicum
1309 2315 1391 2371 illud:
1402 2316 1456 2382 Oui
1465 2319 1562 2371 outrm
1569 2315 1768 2386 perseuerarent

134 2404 202 2467 boni
217 2411 246 2464 et
260 2404 347 2466 mali:
363 2404 429 2461 boni
450 2403 563 2476 quidem
589 2408 822 2477 comprimuntur,
843 2422 880 2461 ne
894 2406 935 2461 rel
977 2407 1103 2475 usquein
1115 2406 1208 2471 fiarent.
1221 2404 1265 2459 trie
1277 2405 1369 2459 salros
1378 2407 1430 2457 crit
1441 2403 1556 2472 (linita.
1569 2402 1768 2474 x,nsrr).0pera

135 2494 935 2568 ultramansuramacceptaerirtutispcrinanemgloriam
978 2490 1768 2561 enimetlaborescommuniasuntbonisetmalis:patien-

134 2589 291 2653 transeant,
302 2583 344 2651 rel
353 2582 389 2637 ad
400 2582 531 2651 uitiorum
541 2583 688 2643 illecebras
698 2590 798 2650 ruaut;
811 2583 878 2641 mali
888 2600 936 2641 au·
977 2582 1018 2638 tia
1028 2589 1123 2639 autem
1136 2597 1210 2647 vern,
1221 2581 1363 2653 singulare
1375 2597 1478 2636 munus
1487 2580 1627 2651 coll‘ttupp
1640 2588 1684 2639 est
1694 2579 1719 2649 in
1728 2595 1767 2633 oe

133 2675 202 2737 tam,
213 2677 395 2743 acquantum
405 2670 514 2739 volunt,
523 2687 624 2727 nocere
634 2671 750 2744 possint,
762 2671 813 2727 hac
825 2670 936 2733 virtutis
977 2669 1108 2737 leuibus,
1121 2687 1182 2742 quae
1192 2670 1216 2733 si
1226 2670 1308 2732 desit,
1319 2670 1408 2735 multa
1419 2686 1514 2745 opera,
1524 2669 1667 2741 multique
1677 2668 1766 2729 biberes

135 2759 250 2819 dextera
262 2759 429 2826 retinentur,
441 2759 490 2817 sed
501 2766 637 2832 tanquam
647 2760 720 2821 servi
731 2759 783 2815 sub
798 2765 936 2833 potestate
977 2759 1235 2818 subitoadnibilum
1244 2759 1766 2831 religantur-Fauentinauternrcraest

133 2847 257 2915 nomini,
273 2848 309 2907 ad
327 2864 488 2918 mensuram
508 2848 581 2902 tilios
604 2846 718 2905 uerbere
732 2847 849 2903 cadant.
865 2846 937 2903 Sunt
978 2849 1357 2920 quaetmalaproximornm
1368 2847 1569 2923 equanimiter,
1578 2848 1765 2911 toleratores

134 2954 201 3011 ergo
211 2938 327 3011 quidam
338 2938 373 2995 ad
384 2937 459 3009 quod
467 2937 603 2993 Dominus
613 2936 690 3001 verrit
697 2952 746 3009 per
757 2937 841 2999 tidem
853 2952 937 3008 quam
979 2955 1049 3011 quos
1061 2955 1146 3010 praee
1159 2942 1275 3012 egentes
1289 2943 1392 3011 portat,
1409 2936 1561 2993 sinceriter
1575 2943 1665 2993 amat.
1680 2938 1710 2993 Et
1722 2950 1765 2989 iren

133 3027 249 3093 habent,
269 3027 463 3100 utaliquando
483 3043 533 3098 per
556 3025 657 3089 bonam
677 3027 849 3082 voluntatem
866 3044 872 3078 ε
888 3026 968 3093 sede
975 3033 1050 3097 potes
1061 3029 1197 3083 sustinere
1210 3031 1305 3095 raetos,
1318 3025 1604 3093 subaudislibenter3
1620 3032 1649 3085 ct
1664 3025 1765 3095 bitiae

135 3116 201 3189 qula
210 3117 313 3183 iterum
323 3115 452 3189 reprobis
462 3115 588 3175 moribus
598 3131 663 3182 euin
675 3115 802 3186 ejiciunt,
814 3121 843 3169 et
851 3114 887 3171 ad
899 3114 936 3173 ri·
975 3115 1099 3188 gendum
1111 3122 1152 3177 cst
1163 3116 1230 3176 scio,
1242 3115 1316 3173 sieut
1325 3131 1421 3189 supra.
1434 3113 1468 3169 In
1479 3115 1535 3170 bac
1545 3116 1622 3183 apim
1632 3115 1689 3171 rita
1697 3111 1764 3173 amul

134 3203 389 3275 tialabuntur‚non
398 3208 490 3277 potest
499 3203 538 3257 ibi
548 3220 672 3267 rnnncre,
684 3204 788 3261 idcirco
797 3203 933 3269 amnuit,
976 3205 1053 3262 inisti
1067 3210 1133 3261 sunt
1148 3203 1212 3259 boni
1228 3210 1257 3265 et
1271 3205 1347 3267 malr.
1373 3203 1498 3275 Ideoque
1513 3221 1633 3261 neccsse
1646 3210 1697 3270 est,
1712 3202 1764 3275 qua

134 3297 163 3349 et
176 3292 213 3347 ad
228 3292 331 3353 eiectos
345 3292 496 3357 transitum
510 3291 585 3355 tacit,
598 3292 672 3362 apud
683 3309 753 3362 quos
764 3291 813 3347 diu
827 3298 933 3359 retonat,
977 3295 1059 3349 aliter
1072 3311 1133 3350 esse
1147 3310 1204 3349 non
1217 3299 1318 3367 potest,
1330 3298 1362 3350 ut
1375 3293 1429 3364 ipsi
1444 3293 1513 3351 mali
1536 3294 1690 3359 tolerentur
1702 3309 1717 3349 a
1728 3292 1764 3347 bo

134 3385 163 3443 et
173 3380 202 3437 in
213 3378 448 3447 eorumcordilius
458 3380 679 3439 nioratur.Facit
687 3380 790 3452 quippe
800 3381 935 3447 adrentus
976 3384 1030 3439 nis.
1044 3382 1152 3439 Debent
1162 3383 1237 3439 enim
1247 3382 1276 3436 in
1288 3383 1344 3439 illis
1354 3383 1418 3439 odio
1426 3366 1532 3439 babere
1544 3383 1623 3457 quod
1631 3382 1693 3441 mali
1702 3388 1762 3441 aaut

133 3470 178 3539 sui
200 3469 378 3544 presentiam
398 3468 504 3528 sentire
520 3468 651 3540 reprobos
669 3487 675 3522 ι
697 3469 746 3524 sed
765 3469 832 3540 quia
851 3470 935 3526 sidem
977 3479 1005 3529 et
1021 3471 1124 3527 debent
1141 3489 1189 3527 eos
1201 3471 1319 3543 diligere
1332 3488 1383 3543 per
1398 3472 1449 3527 hoc
1463 3472 1539 3545 quod
1555 3472 1684 3535 homines
1696 3474 1759 3525 sunt.

131 3559 244 3629 illorum
260 3575 346 3631 opera
360 3575 416 3621 non
430 3565 598 3631 sequuntur,
610 3574 790 3632 nequaquam
802 3559 876 3629 apud
886 3576 934 3614 eos
978 3561 1048 3617 llinc
1059 3560 1145 3615 David
1156 3560 1196 3615 ait
1209 3580 1216 3614 :
1231 3563 1342 3631 iniquos
1353 3562 1415 3616 odio
1426 3561 1515 3615 liubai
1523 3561 1614 3633 (Psoi.
1624 3560 1761 3623 esuritor

131 3654 238 3716 manet,
253 3650 303 3705 sou
314 3649 349 3709 acl
359 3649 511 3715 electorum
519 3648 604 3702 corda
613 3646 649 3702 ab
658 3648 698 3701 eis
707 3649 817 3715 transit,
830 3647 860 3707 iu
872 3648 936 3719 qui·
977 3651 1042 3723 quia
1055 3656 1184 3705 naturam
1198 3649 1369 3720 iniquorum,
1383 3650 1432 3703 sed
1445 3665 1534 3721 opera
1545 3649 1701 3725 iniquitatis
1711 3648 1762 3704 odio

131 3736 184 3795 bus
200 3755 250 3811 per
259 3755 345 3810 opera
357 3738 493 3795 virtutum
508 3737 657 3804 inhabitet.
668 3738 728 3792 lloc
739 3737 815 3799 enim
830 3736 936 3793 indicat
976 3739 1115 3797 habuerit.
1127 3724 1335 3810 Nonnunquam
1345 3738 1441 3810 itaqua
1453 3738 1561 3809 infirmi
1570 3739 1683 3813 quique.
1695 3737 1763 3793 male

132 3826 263 3895 columba
277 3844 310 3883 ex
325 3843 391 3882 arca
409 3827 537 3892 dimissa,
554 3843 617 3897 quan
633 3843 719 3897 super
733 3842 822 3899 aquas
838 3825 935 3891 ‹titusii
977 3843 1039 3881 rum
1051 3827 1202 3897 pravitates
1212 3832 1297 3899 atquc
1307 3828 1560 3891 eorumeousortia
1572 3828 1762 3901 gressibuscar·

130 3914 262 3981 roLitans,
284 3930 347 3975 curn
371 3931 429 3969 non
450 3915 590 3971 inueniret
611 3914 660 3971 ubi
680 3915 870 3986 requiesceret
887 3930 936 3985 pes
978 3916 1055 3990 poris
1069 3921 1207 3981 conantur
1228 3917 1359 3989 elingere,
1377 3915 1543 3987 uenerantes
1564 3934 1650 3988 quarn
1663 3916 1761 3989 impium

131 4005 202 4077 equs,
215 4005 361 4061 adoream
375 4020 487 4060 reversa
498 4010 550 4068 est.
563 4004 634 4061 ilinc
644 4004 672 4059 in
687 4002 838 4077 Evangelio
848 4003 932 4059 dicit:
977 4005 1013 4063 sit
1027 4011 1142 4078 propter
1155 4020 1305 4076 pratorum
1316 4005 1531 4077 peruersitatem
1543 4007 1700 4081 relinquare
1709 4020 1761 4061 sta·

129 4095 231 4164 Siquis
239 4096 333 4163 artiori
342 4109 553 4159 irie‚sermoncor
561 4109 651 4149 anteum
658 4094 818 4156 sarraliam
826 4094 864 4148 acl
872 4109 935 4147 eum
977 4099 1087 4163 ctorem
1108 4093 1337 4160 unanimitatem,
1353 4093 1402 4165 qui
1420 4093 1445 4151 si
1461 4095 1610 4175 patientiae
1626 4095 1760 4156 studerent

130 4187 280 4249 coaternus,
296 4187 320 4237 ct
334 4185 507 4237 rnomr'onem
521 4184 597 4249 opud
611 4199 672 4236 euru
690 4184 826 4250 [aeternus
843 4185 932 4248 (toan.
976 4182 1043 4256 quia
1056 4182 1124 4238 alibi
1139 4183 1216 4239 toccu
1230 4182 1319 4249 deest,
1335 4182 1365 4239 in
1378 4183 1541 4255 semetipsis
1560 4183 1712 4252 invenirent
1724 4180 1761 4237 ubi

129 4278 195 4340 aaut.
209 4272 243 4327 ln
256 4269 359 4343 quibus
373 4269 465 4337 uerbis
480 4270 603 4327 ostendit
617 4271 684 4343 quia
698 4271 734 4326 nd
748 4287 796 4327 eos
808 4270 884 4334 venit
903 4269 932 4324 in
941 4317 965 4381 D
974 4288 1022 4328 eos
1032 4272 1150 4329 eradere
1161 4278 1283 4351 possent.
1297 4272 1329 4327 Et
1339 4276 1450 4327 tentasti
1459 4289 1501 4333 eos
1511 4276 1563 4348 quq
1573 4290 1601 4327 sc
1611 4276 1703 4333 dunat
1711 4287 1762 4343 ape·

33 4408 36 4415 .
130 4359 233 4434 quibus
243 4358 418 4419 mansionem
428 4374 484 4413 non
495 4358 609 4415 invenit.
620 4360 694 4419 Bene
705 4360 801 4430 itaque
811 4359 930 4423 dicitur:
972 4365 1052 4417 aletes
1066 4377 1129 4421 esso,
1146 4366 1171 4414 et
1186 4377 1243 4415 non
1257 4366 1332 4414 sunit.
1346 4361 1485 4433 Tempore
1500 4360 1577 4417 beati
1591 4363 1701 4418 Jonnnis
1711 4376 1757 4416 sur·

130 4446 580 4521 Qulambulatinmedioseptem
592 4447 932 4503 canrlelabrorumaureo·
973 4458 1106 4508 rexerunt
1128 4448 1192 4503 taisi
1215 4448 1345 4521 apostoli,
1369 4449 1398 4505 id
1421 4454 1465 4509 est
1484 4450 1621 4509 haeretici.
1642 4450 1754 4507 nauto,

129 4539 257 4605 rumne
269 4537 293 4601 si
307 4543 405 4609 aperte
413 4535 555 4593 diceretur
566 4555 572 4588 :
585 4536 695 4595 Tandiu
707 4536 782 4593 inter
791 4537 894 4593 electos
904 4540 933 4591 et
974 4538 1072 4603 Ebiom
1090 4545 1118 4592 et
1138 4539 1289 4592 Chorintus
1308 4539 1336 4591 in
1357 4537 1426 4591 Asia
1448 4537 1575 4594 volentes
1598 4553 1755 4610 corrumpere

128 4626 265 4703 reprobos
286 4624 489 4695 exhortationis
509 4624 590 4699 uerbo
617 4625 758 4687 discurrit,
785 4641 931 4697 quousque
972 4633 1076 4683 rectam
1099 4627 1193 4685 sidem,
1210 4633 1239 4681 et
1261 4626 1445 4697 praedicantes
1469 4627 1616 4685 Christum
1639 4630 1755 4685 rainonem

127 4718 254 4784 inveniat
266 4715 342 4791 apurl
355 4730 439 4789 quern
449 4731 501 4786 per
510 4730 596 4787 opera
607 4714 741 4769 uirtutum
755 4714 929 4773 mansionem
971 4717 1065 4787 Patre,
1083 4716 1131 4789 qui
1145 4716 1242 4788 utique
1266 4715 1330 4772 salsi
1351 4715 1471 4788 apostoli
1485 4724 1580 4786 erant,
1599 4719 1678 4790 juxta
1691 4715 1752 4776 inuti

127 4805 222 4878 iaciat.
235 4807 288 4879 Vel
310 4811 388 4863 certa
409 4804 477 4862 dum
492 4802 646 4879 quemlibet
660 4805 811 4869 electorum
828 4804 928 4859 intimo
968 4805 1112 4879 apostolus
1130 4806 1336 4893 interpretatur
1353 4804 1466 4875 missus.
1482 4805 1538 4872 Sed
1549 4807 1603 4869 isti
1619 4824 1673 4878 non
1690 4808 1753 4865 erant

128 4894 303 4950 discretionis
316 4895 443 4949 examine
456 4893 631 4965 probandum
645 4894 681 4947 ad
694 4899 814 4965 tempus,
828 4893 857 4953 in
870 4899 930 4948 ten·
970 4894 1049 4959 missi
1063 4894 1212 4973 aClirista,¹
1227 4893 1276 4953 sed
1288 4910 1306 4949 a
1316 4893 1437 4959 diabolo,
1447 4896 1682 4973 transfigurantes
1695 4893 1752 4951 seia

128 4985 234 5037 tatione
245 4984 362 5038 deserit:
375 4990 459 5057 atque
476 4989 508 5057 ut
522 4983 608 5057 alium
619 5000 636 5036 a
646 4982 801 5037 tentatione
816 4982 927 5051 eripiat,
969 4985 1112 5056 apostolos
1125 4983 1239 5053 ¹Christi,
1254 4999 1338 5055 aquo
1353 4989 1383 5039 et
1397 4999 1427 5041 se
1442 4984 1543 5043 niissos
1558 4985 1694 5051 dicebant,
1704 4998 1751 5039 cun

129 5070 175 5139 pio
198 5072 292 5124 favore
307 5073 496 5142 prosequitur,
512 5078 647 5143 tanquam
668 5072 697 5126 in
714 5071 804 5125 medio
820 5078 928 5141 septem
970 5090 1027 5133 non
1042 5072 1177 5136 veritatis,
1198 5072 1238 5129 sel
1262 5071 1396 5137 salsorum
1420 5073 1590 5147 dogmatum
1611 5074 1750 5147 esseatllt
1806 5122 1808 5139 ,

129 5158 364 5229 candelabrorum
377 5176 527 5218 aureorum
542 5162 700 5221 discurrere
716 5160 836 5215 ridetur.
969 5161 1074 5219 talibus
1088 5160 1225 5237 bominem
1245 5176 1295 5235 per
1316 5160 1486 5233 tropheum
1502 5161 1572 5223 dicit
1587 5163 1651 5238 tter.
1666 5166 1748 5227 xxrrrt:

163 5248 225 5305 Scio
234 5262 317 5317 opero
330 5254 376 5300 tua
388 5253 413 5301 et
426 5249 546 5307 laborem
557 5258 580 5303 et
588 5253 757 5317 patientiam
768 5254 858 5305 tonia..
869 5249 927 5307 lloc
967 5250 1024 5322 Ipsi
1032 5249 1190 5311 sarriebant,
1199 5266 1264 5305 curn
1274 5265 1325 5319 ego
1336 5266 1393 5307 oon
1403 5249 1529 5311 miserim
1538 5267 1599 5311 eos,
1608 5253 1676 5311 llicit
1686 5264 1747 5323 erga:
1806 5264 1808 5309 ζ

128 5335 926 5413 autamnonspecialitenserlgenernliteroronibuselec·
966 5338 1093 5395 Tentasti
1117 5340 1228 5409 eosqui
1247 5355 1278 5394 ae
1303 5338 1400 5395 dicunt
1423 5340 1691 5413 apostoloseesaet
1708 5352 1747 5393 nat
1806 5338 1808 5377 ἶ

128 5428 167 5503 ζα
178 5424 320 5499 congruit,
334 5439 453 5498 quornm
468 5439 562 5493 opera,
575 5427 664 5490 labare,
677 5433 707 5483 et
721 5427 859 5498 patientia
870 5428 926 5483 noo
967 5431 1043 5498 sunt.
1055 5426 1083 5481 id
1096 5431 1140 5485 est
1153 5426 1278 5499 probasti
1293 5426 1377 5487 tidem
1391 5427 1545 5499 illorumet
1560 5425 1747 5489 doctrinam-ll

128 5523 200 5595 Μ
210 5513 333 5591 cognita
344 5511 423 5595 Seue
436 5516 534 5585 autea
544 5513 608 5587 Dei,
621 5515 727 5591 eligere
738 5523 792 5575 ast.
804 5515 884 5591 Unde
896 5515 927 5575 iu
967 5518 1155 5591 nemetes
1168 5517 1319 5587 Wlffl-
1329 5515 1515 5593 renuamus
1525 5517 1606 5597 illim,
1617 5518 1678 5593 tlt!
1687 5522 1746 5593 &lb
