3818 6104
128 214 180 273 aas
337 177 526 271 HAYMONIS
546 176 789 275 anuasnsrar.
811 221 924 276 anso.
946 220 1029 276 oar.
1050 218 1142 274 raas
1160 218 1183 273 1.
1204 245 1238 258 -
1258 213 1444 270 counanr.
1464 212 1558 270 arat.
1715 208 1766 267 au

128 340 234 397 ossium
248 339 384 394 firmitate
397 338 626 410 premitur.Bene
641 358 707 413 ergo
719 349 817 398 venter
829 345 924 399 Eccle·
932 349 957 406 Α
966 345 1130 399 muniunt«
1141 339 1221 397 Oculi
1231 339 1274 394 tui
1286 338 1358 393 sicut
1378 336 1494 407 piscina
1508 335 1538 390 in
1551 333 1695 400 llasebou,
1706 351 1767 406 qua

129 429 179 484 siaa
194 445 293 483 acervo
307 427 393 482 tritici
406 433 596 499 comparatur,
620 430 685 500 quia
709 433 798 486 sancti
819 434 923 504 quique
967 441 1034 488 sunt
1049 434 1077 487 iu
1089 437 1171 502 porta
1180 429 1245 483 utiae
1256 426 1455 481 multitudinis.
1473 450 1482 470 ·
1496 426 1592 486 idest,
1605 425 1768 495 ipsidocto·

131 522 237 590 quanto
252 517 342 587 magis
351 532 489 571 memores
499 523 565 571 sunt
574 535 631 572 soae
645 518 815 589 fragilitatis,
825 538 857 575 eo
865 530 927 575 stu·
968 540 1023 576 res.
1036 521 1083 592 qui
1099 537 1148 591 per
1161 518 1263 572 collum
1279 515 1419 586 designati
1441 521 1518 577 sunt,
1540 514 1730 584 desigmantur
1740 521 1769 568 et

131 605 237 659 diosius
251 605 285 660 ad
297 605 477 677 proterendos
491 604 626 659 bonorum
640 624 756 677 operum
766 609 873 664 fructus
887 610 928 663 in·
969 628 1020 682 per
1030 609 1132 664 oculos·
1144 607 1198 678 Ipsi
1208 606 1282 659 enim
1293 604 1366 658 oculi
1376 604 1507 658 universo
1517 603 1628 674 corpori
1643 603 1770 658 Ecclesia

132 694 244 748 sistunt.
262 694 296 747 Et
308 699 382 748 recte
397 710 452 747 non
476 694 584 764 copiam
608 695 704 756 tritici,
726 699 774 751 sed
798 714 927 752 acervum
970 698 1125 769 provideat,
1139 702 1167 750 et
1181 696 1236 748 iter
1250 693 1324 764 quod
1339 693 1448 763 ingredi
1462 693 1593 755 debeant,
1605 693 1768 747 ostendunt

132 783 218 837 tritici
232 783 308 845 dicit,
324 789 356 837 ut
370 799 420 852 per
432 783 483 836 hoc
497 783 635 853 significet
652 784 826 840 incrementa
841 788 930 841 virtu-
972 787 1007 841 Hi
1017 786 1089 841 oculi
1100 785 1228 839 Ecclesiae
1247 787 1447 852 comparantur
1461 781 1577 854 piscinis
1596 780 1728 835 Hesebou
1741 781 1771 836 in

132 860 203 935 tum,
212 888 274 943 qua
284 871 369 925 veluti
376 888 493 926 acervus
501 871 536 925 ab
546 872 671 926 interiori
677 873 728 927 bus
739 873 774 928 ad
785 876 931 944 superiora
971 883 1051 946 porta
1065 874 1195 935 civitatis,
1208 872 1273 943 quia
1285 872 1374 925 sancti
1385 871 1512 925 doctores
1522 871 1643 942 populos
1654 870 1771 926 ianri-

132 961 282 1016 crescendo
292 961 493 1014 conscendunt.
513 961 585 1014 Nam
601 961 673 1016 sicut
687 979 804 1017 acervus
817 964 930 1018 inferio·
972 971 1046 1019 stum
1063 963 1210 1017 credentes
1231 960 1306 1014 vitali
1325 960 1435 1014 lavacro
1453 959 1582 1025 abluunt,
1595 964 1626 1012 et
1642 959 1773 1014 &lutaris

132 1049 211 1105 ribus
225 1049 283 1102 lata
297 1049 483 1120 amplitudine
494 1050 643 1119 spatiatur,
652 1051 854 1121 superiusvero
865 1069 933 1123 qua·
972 1053 1104 1113 doctrinae
1118 1058 1185 1122 potu
1200 1049 1338 1103 reficiunt.
1365 1047 1439 1102 Filia
1461 1055 1556 1102 autem
1580 1047 1772 1102 multitudiuis

133 1137 199 1193 dam
214 1137 351 1192 brevitate
365 1137 542 1192 contrahitur
555 1145 584 1191 et
593 1138 781 1206 acuminatur,
791 1140 830 1193 ita
840 1140 869 1194 in
880 1142 933 1194 Ec·
973 1146 1088 1195 vocatur
1110 1137 1239 1193 Hesebon
1255 1138 1336 1207 juxta
1360 1136 1493 1199 litteram,
1509 1135 1546 1189 ob
1560 1136 1772 1190 multitudinem

133 1227 220 1283 clesia
230 1228 312 1282 multi
323 1228 445 1298 suntqui
454 1228 647 1297 indulgentius
658 1229 762 1292 vivunt,
774 1230 855 1300 pauci
867 1248 932 1286 vero
973 1228 1172 1284 confluentium
1188 1226 1255 1280 inibi
1271 1226 1447 1297 populorum.
1464 1225 1511 1280 Sic
1524 1231 1555 1279 et
1568 1230 1670 1279 saneta
1685 1226 1772 1280 Eccle-

133 1317 182 1388 qui
197 1333 314 1371 summa
324 1315 487 1387 perfectioni
495 1316 637 1370 insistunt.
655 1316 754 1372 Plures
768 1319 842 1372 enim
858 1319 932 1372 inve·
974 1320 1015 1374 sia
1028 1323 1103 1372 reete
1115 1316 1218 1370 dicitur
1229 1316 1287 1369 filia
1300 1313 1498 1382 multitudinis,
1508 1314 1577 1384 quia
1586 1313 1773 1368 numerosita-

134 1405 253 1460 niuntur
272 1405 321 1475 qui
344 1403 479 1459 debonis
503 1404 562 1458 suis
586 1405 793 1476 eleemosynam
815 1407 930 1470 faciunt,
973 1410 1030 1460 tem
1040 1403 1164 1476 quotidie
1178 1403 1286 1472 colligit
1297 1400 1574 1472 gentiumllesebou
1583 1406 1682 1454 autem
1690 1401 1773 1456 inter·

136 1507 220 1564 quam
236 1492 285 1563 qui
301 1508 352 1547 sua
366 1492 725 1564 proDeoreliuquunt.llic
738 1510 853 1548 acervus
866 1495 933 1557 liliis
973 1498 1102 1565 pretatur
1120 1491 1264 1561 cingulum
1291 1489 1427 1544 moeroris.
1452 1489 1531 1545 Oculi
1552 1505 1622 1559 ergo
1646 1490 1772 1544 Ecclesia

135 1580 256 1636 vallatus
271 1580 386 1645 dicitur,
404 1581 470 1651 quia
484 1581 574 1635 sancti
587 1580 662 1636 bona
675 1599 736 1652 quae
750 1582 865 1648 faciunt,
881 1598 931 1654 pro
941 1575 964 1634 Β
973 1580 1087 1652 piscinis
1102 1578 1232 1633 Hesebon
1254 1582 1464 1648 comparantur,
1482 1577 1550 1647 quia
1564 1577 1657 1631 sancti
1673 1579 1773 1632 docto·

134 1667 272 1723 desiderio
287 1685 414 1739 superna
426 1669 563 1723 claritatis
577 1675 606 1724 et
615 1671 743 1724 candoris
753 1677 849 1741 agunt.
860 1671 932 1745 Nam
973 1687 1029 1735 res,
1044 1668 1177 1739 neglectis
1192 1667 1303 1722 caducis
1324 1666 1418 1721 seculi
1442 1666 1563 1736 gaudiis,
1579 1665 1695 1736 cingulo
1710 1682 1788 1721 mra-

135 1756 430 1830 perliliacoeleatisilla
440 1758 733 1828 claritasdesignatur.
744 1759 932 1813 potestatium
973 1757 1045 1812 roris
1059 1773 1089 1810 se
1104 1756 1310 1826 constringunt,
1323 1756 1388 1826 quia
1404 1762 1479 1808 casta
1498 1760 1527 1808 et
1540 1754 1635 1808 sobrie
1650 1755 1788 1810 virentes

134 1862 186 1919 per
198 1851 324 1901 ventrem
336 1846 465 1900 Ecclesia
477 1846 610 1901 divinitus
620 1847 683 1901 tous
698 1848 875 1918 baptismatis
889 1864 934 1901 ac·
973 1846 1002 1900 in
1017 1847 1070 1899 hoc
1083 1845 1194 1910 saeculo,
1211 1853 1239 1898 et
1254 1844 1374 1914 proauis
1388 1842 1527 1898 erratibus
1539 1843 1658 1908 delient,
1676 1851 1788 1913 quate-

80 1989 82 1993 .
134 1935 199 2006 cipi,
216 1951 271 2007 quo
283 1935 381 1989 fideles
391 1935 420 1989 iu
433 1951 533 1989 noram
547 1943 706 1990 creaturam
718 1942 931 2006 regenerantur.
975 1950 1027 1987 nus
1041 1933 1070 1986 in
1085 1933 1216 2003 praesenti
1231 1931 1368 2001 lugentes,
1377 1931 1411 1985 ad
1418 1946 1484 1984 vera
1490 1935 1654 2000 aeternaque
1668 1931 1788 2000 possint

135 2024 189 2078 Hic
202 2040 270 2094 crgo
282 2030 380 2079 venter
394 2040 492 2079 acervo
514 2025 602 2079 tritici
625 2026 727 2078 vallato
741 2025 808 2079 liliis
822 2042 934 2096 compa·
974 2021 1119 2093 pervenire
1130 2020 1243 2090 gaudia.
1256 2020 1288 2073 ln
1302 2024 1381 2090 porta
1392 2026 1486 2073 autem
1502 2018 1632 2074 llesebon
1643 2019 1687 2073 hae
1698 2019 1788 2090 pisci-

134 2116 225 2176 ratur,
241 2113 307 2181 quia
321 2113 480 2182 regenerati
495 2113 571 2167 sonte
590 2093 779 2182 baptismatis,
797 2114 933 2168 docentur
974 2126 1083 2164 neeesse
1097 2107 1314 2178 dicuntur,quia
1329 2109 1422 2161 nullus
1436 2109 1588 2162 Ecclesiam
1604 2108 1720 2178 ingredi
1729 2123 1788 2161 va-

135 2199 217 2254 bouis
231 2200 363 2255 insudare
378 2201 559 2271 operibus,ct
573 2201 609 2254 ad
624 2201 788 2255 intuendam
804 2218 933 2272 supemae
974 2199 1022 2263 lat,
1046 2198 1100 2252 nisi
1119 2198 1197 2268 prius
1218 2213 1293 2267 aqua
1310 2196 1487 2266 baptismatis
1510 2196 1654 2259 abluatur,
1672 2201 1703 2250 et
1724 2196 1781 2251 nisi

136 2287 273 2344 claritatis
285 2288 406 2357 gloriam
421 2305 532 2359 semper
545 2289 657 2342 iuhiare
974 2286 1189 2342 fontesalutaris
1199 2286 1461 2357 doctriuaepotetur.
1472 2287 1625 2340 liocetiam
1635 2287 1777 2357 significa·

172 2378 256 2432 «Duo
267 2376 487 2431 uberatuasicut
496 2377 551 2431 duo
562 2377 669 2431 hinnuli
678 2377 933 2449 gemellieapreas.o
975 2377 1023 2431 bat
1033 2376 1142 2431 labrum
1158 2376 1357 2446 aeneum,quod
1372 2376 1504 2430 Salomon
1512 2376 1542 2430 in
1555 2376 1667 2445 porticu
1678 2376 1774 2446 templi

135 2464 229 2522 Ubera
240 2465 378 2520 Ecclesiae.
391 2464 464 2518 sicut
473 2465 530 2534 jam
541 2465 670 2535 superius
680 2466 786 2520 dictum
801 2474 852 2531 est,
868 2483 934 2520 san·
976 2470 1117 2537 posuerat,
1130 2472 1162 2518 ut
1175 2465 1333 2519 sacerdotes
1347 2464 1502 2534 ingressuri
1513 2464 1665 2535 templum,
1682 2470 1712 2519 et
1725 2465 1772 2519 ho-

135 2558 196 2609 ctos
204 2553 332 2607 doctores
342 2553 511 2622 significant,
523 2552 569 2625 qui
582 2555 711 2624 parvulos
723 2571 849 2625 quosque
872 2556 935 2620 (hoc
976 2555 1045 2609 stias
1060 2553 1244 2615 immolaturi,
1260 2552 1298 2606 ibi
1312 2569 1429 2624 corpora
1442 2552 1600 2607 abluerent.

136 2648 188 2709 est,
205 2657 295 2713 nuper
304 2641 333 2695 in
345 2628 456 2695 Christe
466 2648 655 2711 regeneratos)
667 2642 737 2697 lacte
747 2643 896 2712 apertioris
906 2649 935 2698 et
1014 2663 1025 2693 r
1047 2643 1138 2696 Nasus
1153 2647 1218 2695 tuus
1238 2642 1311 2695 sicut
1331 2641 1419 2695 turris
1439 2640 1546 2703 Libani,
1572 2657 1637 2710 qua
1661 2642 1772 2712 respicit

135 2731 267 2785 facilioris
282 2730 414 2784 doctrina
424 2730 577 2784 instruunt.
592 2730 668 2784 Bene
679 2737 772 2785 autem
782 2732 837 2786 dno
848 2732 934 2786 ubera
975 2736 1072 2785 contra
1086 2730 1263 2784 Damascum.
1288 2750 1300 2781 a
1321 2730 1394 2793 Quia
1415 2746 1483 2783 naso
1505 2729 1609 2783 fetores
1635 2737 1664 2784 et
1688 2729 1772 2784 bonos

135 2819 348 2888 dicuntur,quia
358 2817 508 2873 dcduobus
515 2819 635 2890 populis,
644 2820 758 2889 judaieo
770 2820 897 2874 videlicet
906 2826 934 2874 ct
975 2819 1073 2873 odores
1086 2819 1279 2882 discernimus,
1291 2824 1365 2872 recte
1376 2835 1533 2889 pernasum
1543 2818 1675 2872 Ecclesia
1690 2819 1773 2873 iidem

135 2908 245 2980 gentili,
258 2907 354 2962 fideles
364 2915 581 2978 congregantur.
592 2912 621 2961 et
635 2908 706 2962 lacte
716 2909 871 2979 spiritualis
882 2910 933 2963 do·
974 2909 1063 2962 sancti
1077 2908 1205 2963 doctores
1220 2908 1425 2977 intelliguntur.
1451 2907 1506 2977 lpsi
1532 2908 1610 2961 enim
1633 2907 1772 2978 sagaciter

136 2997 234 3052 ctrinae
253 2995 377 3049 aluntur.
391 2996 457 3049 llaec
476 2996 531 3050 duo
550 2995 638 3050 ubera
653 2997 725 3050 sicut
746 2997 802 3051 duo
824 2997 933 3051 hinnuli
974 2986 1774 3063 discernerenoreruntinterfragilitatemcatholicaetidai

135 3099 243 3154 capreae
257 3083 372 3152 gemelli
386 3099 447 3137 esse
460 3084 671 3138 dicuntur.Duo
683 3085 792 3139 hinnuli
802 3087 933 3140 suntduo
975 3087 1130 3139 doctrinam
1154 3090 1181 3138 et
1201 3085 1339 3138 letiferum
1365 3084 1488 3138 haretici
1503 3085 1629 3154 corporis
1644 3084 1773 3139 fetorem.

135 3170 600 3240 Testamenta,quibuseorumdem
610 3173 754 3225 doctorum
767 3174 934 3243 omnisprae-
975 3175 1045 3227 Nam
1060 3179 1088 3227 et
1101 3174 1131 3227 in
1145 3172 1480 3240 diviniscliarismatibus,
1495 3190 1556 3243 quae
1571 3190 1622 3243 per
1636 3172 1774 3243 Spiritum

135 3257 239 3313 dicatio
250 3257 387 3316 subsistit.
406 3274 525 3328 quorum
541 3260 786 3313 Testamentorum
802 3278 875 3315 unus
890 3267 934 3317 est
974 3263 1328 3326 sanctumdistribuuntur,
1342 3262 1445 3316 dicitur
1455 3281 1460 3315 :
1471 3262 1621 3316 Aliidatur
1629 3279 1680 3332 per
1690 3262 1776 3333 Spiri-

136 3351 235 3400 auctor
242 3353 271 3399 et
280 3345 474 3416 promulgator
484 3346 623 3410 Christus,
628 3348 708 3416 Juxta
718 3348 790 3418 quod
801 3349 933 3404 Salomon
973 3359 1034 3407 turn
1049 3352 1180 3406 discretio
1195 3352 1355 3422 spirituum.
1369 3353 1460 3406 Nasus
1475 3368 1542 3422 ergo
1553 3351 1687 3405 Ecclesiae
1703 3350 1775 3406 tuni

135 3435 218 3490 dicit:
231 3434 324 3489 Verba
334 3435 504 3506 sapientium
515 3435 594 3506 quasi
605 3437 722 3502 stimuli,
735 3443 763 3490 et
772 3438 851 3507 quasi
860 3439 932 3493 clavi
974 3440 1266 3511 Libanicomparatur,
1279 3440 1345 3509 quia
1354 3440 1444 3494 sancti
1452 3440 1580 3493 doctores
1590 3446 1620 3492 et
1629 3454 1776 3494 summum

136 3524 262 3579 inaltum
271 3524 364 3590 defixi,
376 3541 438 3595 quae
446 3525 586 3579 datasunt
596 3542 610 3578 a
620 3532 732 3595 pastore
743 3543 809 3588 uno,
821 3527 933 3582 Christo
975 3529 1066 3582 locum
1081 3529 1108 3582 in
1126 3529 1248 3582 Ecclesia
1258 3535 1364 3588 tenent,
1375 3545 1407 3582 ac
1419 3528 1505 3582 veluti
1518 3528 1547 3581 in
1558 3527 1666 3581 Libano
1680 3533 1776 3582 monte

135 3613 276 3667 videlicet.
299 3611 409 3685 Caprea
430 3614 504 3667 enim
522 3619 598 3667 recte
620 3614 763 3668 Christum
783 3615 932 3685 significat,
976 3617 1142 3681 consistunt,
1157 3625 1185 3671 et
1199 3616 1353 3670 defenduut
1367 3616 1521 3671 Ecclesium
1540 3633 1558 3669 a
1581 3617 1775 3686 malignorum

137 3701 205 3774 quia
218 3707 247 3756 et
264 3702 368 3757 intuitu
390 3709 418 3756 et
440 3703 587 3756 velocitate
611 3703 719 3756 caeteris
744 3704 933 3758 animantibus
976 3705 1125 3776 spirituum
1138 3705 1306 3759 incursibus,
1320 3705 1479 3758 llaecturris
1492 3710 1591 3758 contra
1604 3705 1776 3759 Damascum

136 3791 310 3863 praeeminet,
321 3796 350 3844 et
360 3791 795 3861 mundumestanimalungulam
808 3793 933 3847 dividens
975 3810 1035 3847 csse
1048 3793 1158 3847 dieitur.
1169 3794 1320 3847 Damascus
1328 3792 1490 3862 metropolis
1496 3792 1593 3845 civitas
1608 3798 1652 3845 est
1668 3792 1771 3863 Syriae,

136 3884 166 3933 et
179 3877 335 3932 ruminans.
353 3878 434 3932 Tales
447 3879 521 3933 enim
536 3887 603 3934 sunt
617 3880 743 3935 membra
758 3881 871 3940 Christi.
885 3881 933 3935 do-
975 3898 1036 3953 quae
1051 3881 1190 3951 quondam
1201 3881 1378 3935 contralilios
1392 3879 1594 3950 Israel‚utpole
1604 3880 1777 3935 fortissimos

135 3972 228 4022 ctores
243 3967 379 4033 videlicet,
393 3968 499 4023 iutuitu
513 3969 636 4024 scientia
651 3969 784 4040 insignes,
797 3977 826 4024 et
836 3986 869 4023 ea
883 3985 933 4023 ve·
976 3981 1004 4024 et
1013 3970 1220 4024 crudelissimos
1235 3986 1315 4039 reges
1327 3968 1442 4031 liabens,
1454 3967 1619 4022 dimicabat.
1631 3969 1777 4039 Interpre-

136 4055 249 4111 locitate
258 4061 372 4110 terrena
379 4057 550 4121 deserentes,
566 4064 651 4130 atque
665 4059 701 4113 ad
716 4059 839 4113 coelestia
853 4057 934 4112 testi·
975 4064 1053 4112 tatur
1066 4064 1161 4112 autem
1177 4058 1337 4118 Damascus,
1360 4057 1504 4126 sanguinis
1524 4062 1618 4127 potus,
1640 4056 1686 4110 rel
1709 4073 1776 4111 san·

136 4151 246 4198 nantes.
263 4143 395 4199 Dividens
414 4147 560 4216 ungulam,
584 4147 612 4200 id
637 4153 680 4200 est
703 4147 809 4201 habens
826 4146 933 4200 boniet
974 4147 1068 4216 guinis
1083 4147 1189 4201 oculus.
1202 4147 1308 4200 Ferunt
1320 4145 1358 4199 ibi
1372 4145 1440 4199 Abel
1451 4144 1641 4207 intersectum,
1655 4145 1776 4216 ideoque

136 4232 204 4285 mali
229 4231 442 4299 discretionem;
468 4240 497 4288 et
514 4235 670 4298 ruminans,
695 4236 748 4288 hoc
772 4242 815 4289 est
836 4235 934 4288 sedula
975 4233 1480 4307 signifieatpotestateshujussaeculi.
1494 4234 1776 4304 quaesanguiuispo·

137 4318 274 4372 memoria
290 4325 428 4390 praecepta
442 4321 490 4374 Dei
509 4322 657 4376 meditans.
942 4316 1036 4379 Dtum
1051 4325 1159 4388 sitiunt,
1171 4324 1237 4394 quia
1248 4318 1476 4393 voluptatibus'et
1490 4321 1629 4376 illecebris
1640 4323 1737 4376 carnis
1747 4327 1776 4377 ct

176 4429 186 4455 ι
209 4405 317 4460 Collum
333 4413 413 4461 tuum
427 4408 500 4462 sicut
514 4408 600 4462 turris
619 4410 752 4464 eburnea.
772 4432 782 4458 ι
800 4412 933 4465 Doctores
976 4413 1121 4482 sanguinis
1132 4413 1318 4466 delectantur.
1336 4411 1481 4482 Significat
1496 4411 1582 4464 etiam
1596 4411 1776 4481 aeriaspota-

136 4494 237 4555 sancti,
255 4495 302 4566 qui
315 4495 500 4565 designantur
515 4512 565 4567 per
579 4496 673 4562 ubera,
684 4498 737 4568 ipsi
750 4499 934 4569 designantur
976 4508 1072 4566 states,
1090 4519 1151 4572 quae
1166 4501 1323 4554 animarum
1338 4507 1497 4553 nostrarum
1514 4515 1642 4552 cruorem
1660 4499 1773 4553 sitiunt.

137 4589 166 4638 et
179 4600 230 4655 per
243 4584 436 4639 collumNam
453 4601 503 4655 prr
511 4584 631 4638 arterias
644 4586 709 4639 colli
717 4602 767 4640 vox
778 4587 931 4656 egreditur,
976 4592 1080 4646 Contra
1103 4591 1268 4644 Damascum
1290 4605 1356 4658 ergo
1380 4597 1423 4641 est
1434 4589 1493 4641 baec
1505 4587 1603 4649 turris,
1621 4587 1690 4657 quia
1716 4588 1776 4641 haec

136 4677 166 4727 et
179 4673 408 4728 colliministerio
419 4675 526 4729 caeteris
541 4673 674 4728 membris
689 4675 784 4729 vitalia
798 4676 933 4730 alimenta
976 4678 1099 4732 Ecclesia
1107 4694 1217 4747 semper
1229 4676 1339 4730 diabolo
1352 4682 1381 4731 et
1390 4675 1523 4728 membris
1533 4675 1619 4742 illius,
1631 4675 1775 4745 adjutorio

135 4762 344 4818 ministrantur.
362 4763 406 4819 Sic
419 4763 507 4819 sancti
522 4763 649 4819 doctores
663 4769 691 4817 et
705 4763 790 4817 verba
804 4765 867 4818 rita
883 4781 933 4836 po·
976 4766 1079 4820 Christi
1096 4766 1216 4831 munita,
1226 4765 1341 4819 resistit.

135 4850 210 4920 pulis
225 4853 403 4914 annuntiant,
420 4858 449 4908 et
461 4853 595 4908 alimento
604 4852 738 4907 doctrinae
752 4853 873 4907 coelestis
886 4870 933 4909 eos
1012 4856 1208 4924 «Caputtuum
1222 4862 1253 4908 ut
1263 4854 1419 4907 Carmelus.
1430 4870 1443 4904 a
1456 4853 1548 4923 Caput
1561 4868 1628 4922 ergo
1643 4853 1776 4908 Ecclesia

135 4937 276 4992 nutriunt.
293 4941 401 4994 Collum
416 4958 482 5013 ergo
490 4942 618 4997 Ecclesiae
632 4941 703 4996 turri
718 4940 849 4995 eburneae
860 4958 934 4996 com·
974 4943 1167 5016 principalitas
1181 4944 1283 4997 mentis
1296 4942 1420 4996 fidelium
1428 4941 1595 5010 intelligitur
1607 4958 1613 4992 :
1625 4956 1693 4995 uam
1703 4941 1777 4997 sicut

136 5029 263 5093 paratur,
279 5027 346 5096 quia
363 5031 452 5082 sancti
466 5032 594 5086 doctores
615 5030 741 5098 ejusdem
761 5030 889 5085 Ecclesia
905 5035 933 5085 et
975 5033 1064 5104 capite
1080 5032 1205 5085 membra
1220 5037 1356 5101 reguntur
1370 5038 1479 5092 catera,
1501 5029 1541 5083 ita
1558 5039 1653 5083 mente
1666 5031 1776 5100 cogita·

134 5110 372 5181 pulchritudinem
388 5121 417 5168 at
429 5116 514 5171 robur
533 5126 675 5189 praestant.
693 5119 932 5174 Pulchritudinem
975 5121 1065 5175 tiones
1080 5121 1276 5191 disponuntur.
1286 5121 1464 5174 Beneautem
1478 5128 1562 5189 eaput
1572 5118 1703 5172 Ecclesia
1710 5120 1777 5174 Car·

134 5199 330 5274 quidamque
343 5218 393 5272 per
406 5204 554 5259 candorem
566 5209 657 5262 eboris
670 5209 844 5278 designatur,
856 5213 931 5260 caste
974 5210 1046 5263 melo
1061 5215 1251 5279 comparatur.
1275 5208 1421 5262 Carmelus
1436 5208 1522 5259 enim.
1541 5208 1588 5275 qui
1614 5213 1642 5259 ct
1663 5207 1776 5262 Carmel

135 5298 165 5348 et
181 5292 290 5347 sincere
314 5294 440 5348 vivendo.
474 5295 569 5350 Robur
595 5316 658 5353 vero
685 5306 829 5371 praestant,
856 5299 930 5369 quod
972 5293 1774 5369 dicitur,interpretaturcoguitiovelscientiacircumci-

134 5381 761 5454 significaturperturrim,quandocamdem
777 5388 928 5444 Ecclesiam
971 5387 1067 5440 sionis.
1092 5387 1164 5456 Ergo
1184 5393 1268 5454 caput
1281 5383 1409 5437 Ecclesia
1435 5382 1564 5436 Carmelo
1587 5383 1773 5449 assimilatur,

134 5477 233 5529 contra
247 5471 528 5529 tentationesdiaboli
542 5473 583 5528 vel
597 5472 716 5545 impetus
731 5477 926 5531 haereticorum
970 5474 1038 5546 quia
1059 5475 1137 5528 novit
1158 5471 1400 5526 circumcisionem
1416 5470 1566 5541 aliquando
1587 5473 1775 5542 corporaliter
