3818 6104
57 281 61 295 .
130 238 184 301 aar
360 240 552 298 usvuoms
564 242 812 303 saonensem.
826 241 940 299 narso.
956 241 1036 297 oen.
1056 243 1149 300 raas
1159 245 1183 300 1.
1199 272 1233 287 -
1247 245 1436 301 munaus.
1450 201 1543 301 sion.
1632 210 1645 228 ’
1721 246 1777 305 aaa

128 363 190 435 ipse
204 365 341 425 Dominus
355 370 466 425 creator
483 365 619 432 omnium,
644 369 720 424 tilius
744 367 817 425 labri
840 364 1065 426 dictueAventis
1077 367 1139 421 coli
1153 367 1275 439 dispersi
1284 385 1343 433 vos,
1356 366 1425 423 dicit
1431 369 1579 425 Dominus.
1589 369 1699 435 osten,
1710 371 1776 441 ruga

131 457 183 509 est·
972 469 1035 522 quse
1061 456 1172 510 habitas
1195 457 1270 527 apud
1295 458 1383 511 tiliam
1407 455 1569 528 Babylonis.
1590 458 1730 530 »Assyrii
1748 464 1779 512 et

353 530 362 537 ’
449 544 565 600 CAPUT
579 543 616 600 11.
975 541 1097 597 chaldei
1112 545 1160 615 qui
1175 546 1311 615 populum
1324 546 1374 600 Dei
1389 545 1605 616 captivaverant,
1621 547 1651 601 in
1666 546 1776 617 aquilo-

99 688 108 703 ,
167 650 181 687 c
202 632 237 689 Et
250 631 338 688 levavi
352 633 447 686 oculos
459 649 545 693 meos,
557 638 586 687 et
601 632 667 699 vidi,
684 640 713 689 et
728 651 791 689 ecce
807 634 888 689 viret
902 634 932 688 in
972 631 1028 684 nali
1039 631 1152 686 climate
1165 638 1243 694 sunt,
1256 640 1286 687 et
1296 633 1432 688 ieremias
1447 634 1662 705 prophetacum
1671 633 1776 689 deseri·

131 736 217 777 manu
230 722 293 791 ejus
307 721 449 777 funiculus
462 737 623 779 mensorum
634 729 663 776 et
675 723 749 777 diii:
761 724 822 787 Quo
836 729 868 777 tu
881 740 929 777 va·
974 716 1054 774 beret
1065 720 1148 773 ollam
1159 737 1320 775 succensam
1331 738 1350 775 a
1361 721 1432 775 secie
1442 721 1592 792 aquilonis,
1603 723 1702 777 statim
1714 721 1777 777 snb

130 807 346 866 disletdixitad
358 825 402 863 me
413 828 420 865 ;
432 809 469 863 Ut
480 809 581 863 metiar
589 811 776 875 Hierusalem,
784 818 813 866 et
821 811 931 865 videam
969 808 1063 877 junxit
1072 807 1124 861 :Ab
1132 809 1775 881 aquilonepandeturmalumsuperuuirersam

130 905 237 967 quanta
250 898 292 953 sit
301 898 421 955 latitudo
431 899 504 967 ejus,
521 904 550 953 et
559 904 666 969 quanta
676 900 821 969 longitudo
832 900 894 970 ejus
917 919 929 950 ι
972 902 1055 950 terrae
1066 897 1176 951 faciem.
1187 898 1323 952 Hortatur
1330 915 1397 968 ergo
1408 899 1591 969 prophetase
1606 916 1664 954 non
1676 900 1773 961 semel,

130 986 248 1063 Semper
262 987 408 1076 Scriptura
421 986 584 1056 prophetica
600 994 664 1058 post
682 988 775 1043 tristia
789 989 851 1043 laeta
865 988 932 1043 sub·
974 985 1023 1038 sod
1039 983 1166 1040 crebrius
1183 992 1290 1051 monet,
1305 987 1431 1041 clamans
1456 993 1488 1041 ut
1510 987 1618 1057 fugiant
1642 988 1679 1042 de
1701 994 1776 1059 terra

127 1074 234 1145 jungit.
251 1076 321 1130 Nam
339 1074 387 1144 qui
404 1075 482 1145 prius
497 1075 702 1132 levavitoculos
718 1083 750 1131 ut
760 1077 866 1131 videret
880 1077 931 1131 tri·
971 1072 1121 1143 aquilonis,
1143 1072 1191 1128 ubi
1202 1090 1236 1127 ex
1249 1091 1353 1143 magna
1366 1081 1447 1145 parte
1462 1075 1553 1130 adhuc
1567 1082 1773 1142 remanserant,

129 1163 226 1227 atisin
241 1162 381 1223 cornibus,
395 1179 469 1217 nunc
484 1164 585 1219 iterum
599 1164 785 1227 levatoculos,
797 1171 830 1219 ut
841 1166 932 1220 videet
972 1168 1000 1218 et
1021 1163 1139 1219 redeant
1156 1163 1191 1217 ad
1212 1163 1294 1218 sedes
1312 1165 1450 1234 proprias.
1468 1165 1663 1234 Spiritualiter
1676 1167 1774 1236 preci·

15 1301 28 1315 ,
130 1250 222 1306 virum
242 1251 405 1307 metientem
420 1251 607 1305 Hierusalem.
628 1253 680 1307 Hic
700 1257 745 1307 est
763 1254 811 1309 ille
831 1253 880 1315 vir,
896 1254 932 1309 de
973 1251 1198 1320 piturnobis,ut
1217 1252 1265 1322 qui
1285 1252 1474 1307 habitavimus
1489 1253 1517 1307 in
1533 1254 1679 1324 aquilone,
1695 1261 1775 1309 rento

132 1355 188 1411 qno
204 1339 339 1410 scriptum
354 1344 411 1393 est:
425 1357 438 1388 ι
454 1339 524 1397 Ecce
540 1339 581 1393 vir
594 1341 687 1395 oriens
702 1357 804 1396 nomen
819 1343 898 1411 ejus;
918 1361 928 1392 v
972 1338 1167 1409 frigidissimo,
1192 1339 1245 1393 hoo
1269 1346 1313 1394 est
1331 1341 1380 1411 qui
1401 1341 1431 1395 in
1450 1348 1578 1411 tempore
1596 1341 1775 1397 infidelitatis

131 1427 199 1483 etin
210 1426 361 1485 Ezechielis
373 1427 443 1481 libro
454 1426 630 1486 describitur.
648 1429 760 1485 Habens
774 1430 931 1487 funiculum
972 1425 1087 1490 fuimus,
1102 1443 1158 1481 uon
1174 1427 1310 1483 habentes
1327 1428 1466 1483 servorem
1481 1429 1570 1484 divini
1582 1431 1698 1495 caloris,
1713 1431 1775 1502 qui-

132 1521 159 1571 et
174 1516 314 1571 calamum
329 1515 357 1568 in
374 1531 469 1577 mauu,
494 1522 527 1569 ut
548 1518 698 1573 metiretur
722 1519 864 1572 civitatem
879 1519 930 1573 Dei
973 1534 1027 1588 que
1039 1517 1067 1572 in
1081 1518 1243 1573 contusione
1255 1518 1387 1573 vitiorum
1397 1519 1499 1573 versati
1514 1526 1671 1582 samusart
1684 1520 1774 1590 sugiu-

132 1604 321 1669 Hierusalem,
333 1604 415 1673 cujus
424 1604 525 1657 artilex
536 1612 565 1658 et
576 1606 706 1660 conditor
716 1613 758 1661 est
768 1606 853 1661 Deus.
866 1608 931 1662 Haec
972 1620 1036 1659 mus
1045 1605 1080 1660 ad
1095 1605 1172 1663 Sion.
1184 1605 1213 1659 id
1223 1612 1267 1660 est
1275 1606 1427 1661 Ecclesiam
1439 1606 1560 1672 Domini,
1570 1612 1600 1660 et
1609 1607 1773 1678 relinquen-

132 1698 177 1748 est
189 1698 286 1749 sancta
296 1691 417 1751 Ecclesia
429 1698 520 1746 mater
538 1700 719 1755 sanctorum„
728 1712 789 1766 quae
799 1696 929 1751 aedilvcsri
939 1708 961 1766 fl
970 1698 1013 1747 tes
1027 1698 1141 1747 terrena
1152 1699 1181 1747 et
1195 1693 1323 1754 humilia,
1339 1694 1374 1748 ad
1387 1695 1583 1749 celsitudinem
1599 1697 1775 1766 contempla·

132 1780 215 1851 erepit
230 1780 257 1835 in
274 1779 415 1850 passione,
439 1786 468 1837 et
491 1780 520 1834 in
536 1782 740 1837 resurrectione
764 1783 886 1846 Domini,
902 1789 931 1839 et
970 1780 1055 1835 tionis
1069 1782 1336 1841 conscendamus,et
1350 1782 1380 1836 in
1393 1781 1567 1838 sublimitate
1580 1784 1774 1854 spiritualium

132 1868 258 1942 quotidie
273 1868 429 1923 edificatur
442 1874 475 1922 ut
488 1876 597 1924 crescat
610 1870 639 1924 in
654 1878 836 1940 augurentum
852 1873 928 1927 fidei.
972 1870 1135 1940 dogmatum
1151 1870 1349 1924 consistamus.

131 1957 185 2025 Qui
194 1957 279 2013 habet
287 1955 442 2013 funiculum
453 1963 482 2013 et
490 1958 629 2013 calamum
642 1976 790 2025 mensurae,
797 1962 930 2031 quoniam
1010 1978 1022 2007 a
1040 1957 1112 2022 Quia
1124 1958 1181 2011 haec
1201 1958 1270 2012 dicii
1281 1957 1418 2013 Dominus
1433 1959 1617 2023 01ercituum.
1634 1968 1700 2032 post
1713 1963 1774 2033 glo·

131 2045 191 2121 ipse
205 2046 502 2119 dispensatruensuras
510 2054 538 2100 et
550 2047 651 2102 merito
659 2049 932 2119 singulorumllidet
972 2046 1041 2100 riam
1059 2045 1136 2099 misit
1150 2063 1193 2099 me
1204 2045 1239 2130 ad
1248 2052 1358 2116 gentes,
1369 2063 1430 2118 quae
1439 2047 1669 2120 exspoliaverunt
1682 2068 1739 2105 vos.
1760 2069 1773 2104 r

131 2136 218 2193 etiam
229 2136 381 2208 quantasit
390 2135 697 2192 latitudooharitstisin
706 2137 834 2209 singulis,
843 2155 930 2210 quan·
970 2135 1031 2188 Vox
1046 2133 1159 2188 Domini
1179 2140 1222 2189 est
1242 2134 1398 2193 salvatoris,
1416 2142 1444 2190 et
1457 2134 1526 2191 dicit
1540 2154 1570 2191 se
1584 2155 1602 2192 a
1615 2138 1676 2193 Deo
1691 2140 1776 2193 Patre

130 2229 161 2279 ta
174 2225 319 2297 longitudo
333 2224 393 2296 spei
408 2230 437 2279 et
449 2225 679 2295 longanimitatis,
970 2219 1098 2287 missum,
1110 2239 1165 2276 non
1177 2222 1266 2292 perid
1282 2221 1356 2294 qnod
1371 2221 1548 2294 omnipotens
1563 2233 1607 2279 est
1619 2230 1650 2279 et
1659 2226 1776 2297 {equalis

169 2337 181 2361 ι
203 2314 312 2370 Eteooe
326 2314 444 2384 angelus
454 2314 502 2384 qui
517 2313 685 2385 loquebatur
696 2316 725 2370 in
741 2333 795 2378 me,
806 2317 931 2387 gredie-
972 2309 1061 2373 Patri,
1078 2308 1124 2364 sed
1141 2327 1191 2381 per
1201 2310 1229 2364 id
1239 2311 1314 2382 quod
1326 2312 1470 2375 homoest,
1484 2312 1577 2367 minor
1591 2312 1776 2375 PatreUnde

131 2401 227 2468 batur,
240 2408 270 2457 et
282 2402 355 2459 alius
379 2402 497 2472 angelus
520 2403 718 2472 egrediebatur
739 2405 768 2459 in
785 2422 931 2459 occursum
973 2404 1002 2451 et
1020 2407 1083 2469 post·
1094 2398 1213 2469 gloriam
1227 2416 1257 2452 se
1273 2399 1389 2453 missurn
1401 2399 1478 2466 dicit,
1500 2417 1584 2472 quem
1596 2400 1697 2457 hahuit
1712 2420 1777 2458 eum

131 2492 201 2563 ejus,
221 2497 250 2546 et
267 2491 339 2547 dixit
360 2491 397 2545 ad
427 2507 501 2545 eum.
518 2496 616 2556 Curre,
633 2492 747 2562 loquere
761 2495 797 2546 ad
812 2510 931 2564 puerum
973 2487 1046 2557 apud
1072 2488 1184 2541 Patrem
1201 2493 1285 2552 esset,
1301 2486 1366 2541 licet
1380 2505 1525 2560 nunquam
1544 2491 1703 2545 deseruerit
1728 2490 1778 2547 Pa-

130 2580 229 2643 istum,
238 2581 335 2639 dicens
345 2597 351 2633 :
361 2579 473 2650 Absque
484 2596 565 2636 muro
576 2580 747 2635 habitabitur
755 2583 931 2637 Hierusalem
972 2581 1056 2629 trem·
1068 2575 1139 2630 Hinc
1148 2576 1208 2647 ipse
1219 2576 1297 2630 Patri
1306 2576 1381 2630 (ficli-
1398 2598 1409 2628 ε
1427 2576 1558 2632 Glorlslca
1570 2595 1625 2641 ¹¹10·
1637 2585 1669 2635 iu
1679 2581 1774 2645 Pater.

131 2686 188 2740 prae
203 2669 384 2727 multitudine
394 2669 539 2723 hominum
550 2675 579 2723 et
583 2670 778 2739 jumentorum
793 2671 823 2725 in
837 2672 930 2726 medio
971 2665 1100 2723 claritate
1110 2681 1195 2735 quam
1209 2663 1295 2718 habui
1307 2664 1471 2736 priusquam
1482 2666 1606 2721 mundus
1615 2671 1774 2741 essetapud

132 2759 204 2833 eius.
218 2778 230 2811 u
242 2759 381 2831 Angelum
391 2758 440 2829 qui
450 2757 617 2828 loquebatur
626 2758 811 2830 inpropheta,
820 2759 930 2814 Hebraei
972 2758 1008 2806 te.
1022 2773 1034 2803 s
1049 2752 1084 2806 Et
1097 2751 1263 2823 Apostolus:
1277 2750 1331 2815 Qui
1341 2768 1405 2805 curn
1416 2752 1445 2805 in
1455 2750 1544 2839 forma
1553 2753 1604 2808 Dei
1614 2762 1700 2822 esset,
1717 2772 1775 2810 non

132 2846 298 2909 Michaelem
308 2848 342 2902 ad
353 2848 476 2902 litteram
487 2846 659 2917 intelligunt,
675 2854 707 2902 ut
722 2865 808 2918 supra
824 2848 959 2919 dictumc
970 2841 1097 2911 rapinam
1112 2840 1265 2895 arbitratus
1275 2846 1318 2895 est
1330 2846 1362 2894 ut.
1375 2846 1450 2895 esset
1462 2841 1580 2912 aequalis
1590 2841 1661 2898 Deo.
1670 2842 1775 2900 Missus

132 2941 192 2993 est:
206 2937 337 3006 angelum
347 2935 395 3007 qui
406 2935 480 2988 venit
491 2935 519 2989 in
529 2952 675 2990 occursum
686 2936 758 3006 ejus,
769 2936 929 2992 Gabrielem
972 2934 1015 2984 esi
1033 2939 1099 3000 ergo
1113 2929 1163 2984 Dei
1176 2928 1264 2984 Filius
1279 2935 1343 3001 post
1353 2929 1473 2999 gloriam
1498 2928 1599 2988 divine
1612 2932 1774 3003 majestatis

132 3029 291 3088 summanr,
307 3025 355 3096 qur
370 3023 623 3079 reuounousueu
633 3025 828 3091 sammaa
845 3033 874 3081 et
888 3027 930 3080 10-
971 3018 1006 3072 ad
1018 3024 1127 3089 gentes,
1140 3018 1404 3100 ouesooliaverunt
1418 3019 1553 3090 populum
1567 3018 1630 3085 Dei,
1641 3026 1780 3076 utessent

132 3119 237 3183 quatur
252 3113 404 3184 propheta,
421 3118 557 3182 quantem
581 3128 676 3167 rerum
696 3115 823 3169 omnium
840 3114 930 3170 abun·
972 3110 1013 3164 eis
1029 3109 1138 3181 praedae,
1163 3126 1179 3162 a
1207 3108 1308 3181 quibus
1323 3114 1389 3163 ante
1411 3108 1525 3163 fuerant
1548 3110 1675 3180 praedati.
1692 3132 1705 3160 ι
1723 3112 1777 3177 Qui

132 3201 259 3259 dentiam
275 3201 405 3263 habitura
430 3201 465 3253 sil
490 3201 677 3260 Hierusalem,
697 3219 758 3271 qum
777 3204 932 3257 tuncvivle-
973 3198 1047 3251 eninr
1070 3198 1196 3268 tetigerit
1217 3215 1273 3251 vos.
1298 3197 1388 3268 tangit
1408 3198 1543 3269 pupillam
1573 3199 1645 3252 oculi
1671 3202 1739 3255 roei.
1764 3222 1775 3251 s

133 3288 217 3355 batur
230 3290 266 3344 ad
281 3291 391 3345 cineres
405 3305 495 3358 usque
507 3290 661 3352 destructa,
678 3291 808 3362 quodque
826 3292 932 3362 alisque
972 3286 1089 3341 Tectum
1098 3303 1148 3358 pro
1160 3286 1305 3340 vexatione
1319 3292 1347 3339 et
1360 3286 1467 3356 injuria
1480 3286 1615 3341 debemus
1634 3289 1776 3360 accipere,

132 3395 215 3442 muro
223 3378 318 3435 lutura
328 3377 366 3432 sit
375 3394 433 3448 prro
444 3377 624 3433 multitudiue
636 3378 780 3433 hominum
788 3387 815 3433 et
822 3381 933 3449 jumen·
969 3377 1050 3445 juxta
1062 3375 1163 3430 illud«
1181 3375 1274 3429 Nolite
1283 3382 1400 3445 tangere
1416 3373 1536 3429 christos
1549 3393 1637 3430 rrreos.
1656 3378 1777 3434 »Sancti

131 3474 238 3534 torum,
253 3473 282 3523 et
296 3467 373 3539 pacis
397 3466 586 3521 multitudine.
605 3467 697 3531 Quare
711 3474 806 3522 nutem
826 3468 932 3539 absque
972 3464 1046 3517 enim
1060 3463 1139 3534 quasi
1155 3462 1227 3517 oculi
1240 3470 1306 3517 sunt
1319 3462 1379 3525 Dei,
1389 3462 1490 3534 quibus
1501 3463 1638 3518 dicimur
1659 3465 1719 3520 Vos
1729 3467 1778 3522 lux

131 3573 223 3624 muro,
238 3556 322 3629 paulo
342 3564 405 3627 post
418 3555 549 3619 ostendit,
566 3555 681 3610 dicens:
973 3551 1040 3605 estis
1056 3551 1162 3605 niundi.
1181 3569 1194 3602 r
1211 3551 1286 3614 Quos
1299 3552 1346 3621 qui
1363 3551 1447 3617 laedit,
1470 3552 1510 3605 sic
1524 3557 1568 3606 est
1583 3552 1664 3623 quusi
1680 3556 1776 3627 pupil-

170 3647 235 3701 rEt
255 3662 306 3716 ego
329 3662 376 3699 ero
398 3644 449 3709 eis,
474 3644 516 3698 ait
538 3644 685 3705 Dominus,
703 3661 801 3700 murus
814 3645 889 3716 ignis
902 3647 931 3701 in
974 3642 1030 3694 lam
1047 3640 1096 3693 Dei
1109 3639 1411 3709 tangat,etclaraluee
1425 3638 1493 3693 velit
1507 3640 1721 3711 illumprirare.

131 3734 261 3800 circuitu,
274 3744 302 3788 et
313 3734 340 3788 in
351 3734 441 3804 gloria
454 3750 501 3786 ero
515 3734 541 3786 in
559 3733 649 3787 medio
661 3734 731 3802 ejus.
751 3753 762 3785 r
777 3735 842 3789 llaec
856 3741 884 3789 et
898 3735 932 3789 de
1014 3728 1111 3791 ‘Quia
1126 3744 1188 3781 ⁰0⁰⁰
1199 3745 1250 3796 08⁰
1261 3729 1321 3782 l⁰V0
1334 3744 1448 3781 mimum
1466 3744 1557 3781 meam
1570 3746 1657 3800 super
1670 3747 1731 3793 0⁰⁸·
1749 3739 1779 3787 et

130 3822 255 3887 Ecclesia
274 3822 460 3893 spiritualiter
479 3822 535 3876 dici
556 3829 682 3892 possunt,
699 3838 761 3892 quae
776 3829 819 3876 est
832 3823 930 3877 civitas
973 3820 1055 3869 erunt
1068 3814 1168 3884 praedae
1179 3815 1223 3867 uis
1237 3814 1284 3885 qui
1298 3813 1457 3868 serviebant
1475 3814 1537 3872 sibi.
1556 3822 1583 3868 et
1596 3820 1775 3887 cognoscetis

131 3911 184 3967 Dei
198 3912 234 3967 de
252 3927 307 3985 qua
321 3910 481 3967 psalmista,
499 3911 654 3966 «Gloriosa
668 3910 744 3965 dicta
761 3911 873 3967 suntne
889 3918 927 3976 te,
972 3903 1039 3974 quia
1051 3902 1187 3956 Dominus
1209 3902 1384 3955 exercituum
1406 3901 1483 3956 misit
1505 3917 1561 3956 me.
1585 3903 1651 3957 »Et
1673 3904 1779 3959 levarit

131 4000 230 4066 civitas
244 4000 304 4057 Dei.
318 4001 404 4055 illac
414 3999 520 4071 absque
530 3999 774 4066 vnurohsbitatur,
790 4001 930 4055 noninrli·
971 3999 1106 4056 Dominus
1121 4015 1236 4053 manum
1250 4015 1335 4053 suam·
1347 4005 1424 4066 tunc,
1440 4004 1473 4053 ut
1485 4007 1645 4070 percuteret
1663 4008 1777 4073 gentes,

131 4090 321 4160 geusmortali
330 4090 470 4161 prasidio,
482 4089 615 4160 quioniam
626 4089 762 4143 Dominus
775 4105 873 4145 murus
888 4094 932 4145 est
972 4095 1001 4143 et
1012 4090 1160 4144 reduceret
1173 4089 1200 4143 in
1217 4089 1283 4143 Sion
1293 4089 1427 4160 populum
1441 4105 1534 4144 suum.
1548 4090 1635 4144 Levat
1645 4094 1775 4161 quotidie

132 4177 206 4249 ignis
219 4178 249 4233 in
264 4178 382 4233 circuitu
397 4180 469 4248 ejus.
487 4184 515 4231 et
528 4178 589 4247 ipse
602 4194 632 4231 m
648 4177 739 4231 medio
752 4179 812 4247 ejus
835 4185 878 4233 est
901 4180 930 4233 in
971 4179 1179 4250 potentiam‚nt
1195 4179 1331 4249 populum
1348 4194 1430 4231 suum
1441 4178 1506 4246 (hoc
1516 4183 1558 4231 est
1569 4179 1780 4251 Christianum)

131 4266 232 4335 gloria.
247 4265 313 4320 Hac
322 4265 420 4323 civitas
432 4265 518 4319 habet
528 4265 665 4320 homines.
683 4265 768 4320 habet
781 4273 809 4321 et
822 4267 1083 4348 jumen-Dravocot
1102 4282 1152 4337 per
1171 4264 1367 4337 poenitentiam
1392 4265 1422 4318 in
1447 4265 1609 4333 Ecclesiam,
1635 4270 1779 4337 percussis

132 4358 174 4422 ts,
187 4353 216 4409 id
239 4359 283 4411 est
299 4359 451 4425 utrumque
474 4354 618 4425 populum.
641 4355 713 4409 Nam
735 4370 787 4425 per
806 4355 933 4412 homines
974 4354 1153 4418 adversariis,
1170 4355 1197 4409 id
1212 4359 1256 4409 est
1269 4353 1461 4426 spiritualibus
1475 4354 1612 4421 hostibus,
1628 4356 1678 4427 qui
1693 4357 1777 4413 illum

132 4441 213 4512 plebs
225 4441 342 4502 Iudaica
356 4440 529 4512 designatur,
545 4441 638 4510 quiin
655 4442 717 4513 lege
732 4443 933 4499 conversaban·
974 4446 1141 4516 impugnare
1153 4460 1209 4498 non
1224 4450 1343 4497 cessant.

133 4536 191 4599 tur,
203 4536 232 4587 et
246 4530 327 4605 quasi
345 4530 454 4587 rationo
473 4529 626 4589 utebantur
644 4530 780 4589 habentes
800 4532 930 4589 notitiam
1011 4533 1132 4587 «Lauda
1148 4540 1177 4587 et
1191 4533 1296 4594 latare,
1309 4531 1367 4585 filia
1383 4531 1460 4594 Sion,
1470 4532 1537 4602 quia
1547 4548 1610 4586 ecce
1625 4549 1678 4603 ogo
1695 4535 1778 4589 venio

132 4621 193 4677 Dei.
204 4620 330 4681 Gentiles
341 4636 406 4675 vero
415 4619 464 4691 qui
479 4620 568 4676 Deum
577 4619 756 4689 ignorabant,
773 4622 874 4677 merito
883 4623 931 4691 ju·
972 4628 1001 4677 et
1015 4622 1183 4677 habitaboin
1194 4620 1285 4676 medio
1296 4620 1347 4684 tui,
1360 4620 1429 4674 dicit
1442 4620 1589 4676 Dominus.
1603 4621 1639 4676 Et
1651 4623 1779 4694 applica-

131 4715 384 4777 mentarocantur.
400 4708 536 4765 Nonnulli
550 4725 601 4780 per
615 4708 755 4776 homines,
778 4711 931 4780 prudentes
972 4711 1079 4766 buntur
1088 4716 1189 4782 gentes
1204 4711 1300 4765 multae
1315 4710 1350 4764 ad
1367 4709 1519 4764 Dominum
1544 4709 1574 4765 in
1595 4710 1641 4765 die
1661 4711 1724 4779 illa,
1748 4718 1778 4768 et

133 4815 259 4877 quosque
282 4804 311 4855 et
335 4799 462 4855 eruditos
484 4797 648 4869 intelligunt
672 4809 677 4842 ÷
703 4800 834 4868 iumenta
854 4816 929 4866 vero,
972 4805 1057 4855 erunt
1070 4800 1175 4856 mihiin
1190 4798 1334 4870 populum,
1347 4803 1375 4852 et
1383 4797 1516 4853 habitabo
1531 4799 1560 4852 in
1572 4799 1667 4854 medio
1679 4800 1734 4865 tui,
1746 4807 1776 4857 et

133 4886 273 4959 simplices
282 4887 331 4957 qui
350 4889 459 4945 suntin
474 4886 649 4951 Ecclesiam
659 4886 762 4957 quibus
770 4888 929 4953 Psalmista,
972 4887 1043 4941 scies
1057 4886 1123 4957 quia
1137 4887 1274 4943 Dominus
1288 4886 1462 4941 exercituum
1485 4887 1563 4942 misit
1577 4904 1622 4942 me
1636 4888 1675 4943 ad
1689 4894 1729 4944 te.
1741 4890 1777 4951 m

136 4974 300 5031 «Homines
313 4976 478 5045 etiamenta
489 4975 619 5041 salvabis,
632 4975 760 5031 Domine.
773 4977 932 5033 »Dominus
973 4973 1128 5046 possidebit
1146 4975 1281 5030 Dominus
1294 4975 1397 5030 ludam
1419 4980 1527 5044 partem
1547 4992 1630 5031 suam
1648 4977 1680 5031 in
1699 4982 1777 5033 term

134 5079 201 5135 ergo
216 5079 313 5117 murus
327 5062 401 5132 ignis
415 5063 499 5119 estin
519 5065 640 5119 circuitu
662 5065 800 5123 Ecclesia.
818 5069 850 5122 ut
868 5081 932 5119 eam
973 5064 1157 5125 sanctificate,
1172 5070 1200 5118 et
1213 5065 1299 5134 eliget
1318 5064 1408 5119 adhuc
1430 5064 1617 5120 Hierusalem.
1645 5067 1776 5122 »Adbuc

133 5151 280 5207 charitatis
301 5151 365 5222 igno
383 5151 538 5217 calefaciat,
556 5159 585 5208 et
599 5153 706 5225 Spiritu
719 5155 872 5212 ferventem
893 5154 933 5208 la·
972 5153 1031 5224 ipse
1044 5153 1180 5209 Dominus
1196 5152 1329 5224 loquitur,
1342 5153 1513 5207 ethortatur
1528 5154 1664 5224 populum
1677 5154 1713 5210 de
1727 5172 1777 5211 oa·

134 5240 199 5305 ciat,
213 5245 242 5295 et
256 5240 317 5313 ipse
329 5239 409 5299 estin
421 5239 512 5295 medio
521 5241 582 5311 ejus
592 5243 692 5311 gloria,
706 5260 760 5301 suu
774 5243 851 5297 illam
864 5259 932 5314 prm·
973 5241 1098 5313 ptivvtnte
1107 5242 1266 5307 liberatum,
1277 5247 1308 5297 ut
1318 5242 1442 5312 gaudeat
1451 5248 1480 5296 et
1488 5242 1618 5297 exsultet.
1627 5244 1684 5298 Sed
1690 5245 1777 5301 etilo-

134 5329 225 5393 sentin
245 5328 418 5399 glorificans.
441 5327 491 5397 qui
514 5328 543 5384 in
566 5328 683 5385 circuitu
706 5331 741 5385 ab
765 5332 933 5386 adversariis
974 5330 1064 5387 clesiae
1078 5332 1247 5403 praecipitur,
1259 5348 1320 5402 qum
1330 5331 1441 5385 estlilia
1455 5330 1532 5395 Sion,
1547 5330 1575 5383 id
1591 5336 1778 5403 estsupernae

134 5417 216 5505 quasi
237 5432 337 5481 murus
361 5416 436 5487 ignis
454 5432 518 5471 eam
533 5415 692 5475 defendit«
709 5420 743 5487 0,
759 5437 775 5475 o
790 5420 878 5492 fugite
896 5421 933 5476 de
973 5420 1047 5476 illius
1063 5420 1264 5492 civitatisque
1279 5437 1312 5474 ex
1331 5420 1474 5491 angeliset
1488 5419 1776 5478 senctisnonstatho·

134 5514 211 5578 terra
218 5504 449 5583 aquiloniadicit
461 5503 607 5576 Dominus,
619 5507 753 5578 waiam
767 5509 798 5567 in
811 5515 933 5582 quatuor
973 5509 1105 5580 minibus,
1117 5515 1152 5567 ut
1162 5508 1274 5566 liberati
1287 5508 1322 5565 de
1334 5508 1469 5565 serritme
1482 5507 1597 5575 diaboli,
1618 5511 1777 5581 madunt,
