3840 6098
141 315 192 373 303
353 312 543 368 HAYMONIS
562 308 805 365 HALBERSTAT.
827 305 939 360 EPISC.
960 303 1039 360 OPP.
1060 306 1152 360 PARS
1171 305 1194 360 1.
1215 333 1246 346 -··
1265 305 1450 360 GOMMENT.
1472 307 1564 362 BIBL.
1730 307 1782 368 304

140 438 207 511 quia
221 442 349 508 exspecto
362 435 467 507 pertrui
482 433 574 505 specie
584 431 792 494 visionisillius,
805 429 967 488 etsatiariA
979 446 1081 500 vosque
1096 446 1270 500 canaporum,
1283 447 1318 484 ne
1331 432 1472 486 suscitetis
1483 448 1574 502 neque
1594 432 1729 504 evigilare
1740 435 1780 490 fa·

140 526 290 581 dulcedine
304 525 450 579 charitatis
466 523 551 577 illius.
980 517 1060 572 ciatis
1075 519 1216 577 dilectam,
1230 519 1317 574 donec
1332 520 1393 590 ipsa
1406 521 1480 575 velit.
1499 521 1683 591 »Voxsponsi
1701 523 1782 593 adju·

179 635 190 665 ι
208 611 366 669 Introduxit
379 627 478 665 meren
489 610 517 664 in
528 610 626 664 cellam
639 608 787 673 vinariam,
800 605 938 661 ordinavit
979 607 1068 660 rantis
1083 607 1156 661 silias
1174 608 1359 667 Hierusalem,
1374 608 1401 662 id
1415 616 1458 662 est
1468 609 1572 663 amicas
1582 610 1695 665 aeternis
1705 611 1779 666 desi·

141 703 230 757 inme
247 700 423 755 charitatem.
445 719 455 749 r
474 699 550 752 Cella
574 697 681 750 vinaria
695 703 739 750 cst
755 696 886 754 Ecclesia,
909 695 937 749 in
979 693 1065 749 dcriis
1083 695 1216 757 intentas,
1234 703 1261 749 et
1276 696 1410 750 visionem
1437 697 1513 766 pacis
1537 698 1724 768 requirentes,
1744 715 1780 754 ne

141 807 196 863 qua
210 798 253 845 est
268 790 364 843 vinum
388 787 555 856 evangelice
577 785 721 838 doctrina.
737 784 769 838 In
787 785 857 838 hanc
871 799 938 853 ergo
980 783 1168 853 quiescentem
1183 800 1261 837 suam
1279 784 1400 837 animam
1417 787 1550 839 suscitent
1565 793 1595 839 et
1608 786 1776 857 inquietent.

140 879 333 934 cellamamica
344 871 937 947 sponsiintroduciturquandoexomnibus
981 895 991 921 t
1013 872 1119 940 Adiuro
1136 889 1191 934 ros,
1212 893 1222 921 ι
1239 879 1309 940 etc.;
1326 874 1378 926 hoc
1391 879 1444 935 est,
1460 874 1585 927 animam
1599 873 1701 928 divinae
1714 891 1779 930 con·

140 966 270 1040 gentibus
286 968 413 1019 innuant
429 963 577 1018 Ecclesiam
594 963 691 1016 fideles
703 962 873 1015 adunantur.
884 960 937 1015 Or·
979 959 1156 1030 ternplatiooi
1179 960 1313 1021 deditam,
1342 960 1517 1016 orationibus
1543 962 1585 1015 vel
1609 962 1778 1019 lectionibus

140 1056 248 1111 dinavit
263 1053 471 1125 (iuquit)inn1e
484 1052 660 1105 charitatem.
681 1049 757 1104 Inter
769 1066 866 1103 omnes
881 1048 939 1119 pri·
980 1049 1081 1102 divinis
1096 1050 1434 1120 occupatam,inquietare
1448 1050 1524 1104 etad
1539 1051 1678 1106 exteriora
1692 1068 1779 1122 opera

140 1151 248 1199 matum
261 1139 549 1209 tenetchar·itas,quia
559 1139 655 1208 inipsa
666 1137 795 1192 subsistit
805 1137 936 1192 Ecclesia.
979 1136 1115 1191 suscitare
1129 1154 1164 1192 ne
1179 1139 1285 1202 velitis;
1305 1157 1317 1189 a
1334 1138 1422 1192 doner.
1443 1139 1503 1209 ipsa
1524 1140 1597 1200 velit,
1626 1141 1710 1194 ahoe
1732 1147 1778 1196 est

140 1233 270 1289 Charitas
281 1246 347 1301 ergo
358 1229 386 1282 in
397 1228 518 1282 Ecclesia
529 1227 685 1281 ordinatur.
694 1226 758 1296 quia
770 1232 936 1280 nontemere
978 1224 1077 1285 donec,
1089 1227 1198 1294 expleto
1209 1228 1454 1298 contemplationis
1463 1230 1777 1298 ternpore,admonente

139 1319 326 1380 necoonluse,
350 1315 399 1371 sed
424 1315 552 1370 ordinate
567 1315 689 1368 tenenda
703 1320 755 1367 est.
772 1314 847 1367 Deus
861 1313 934 1368 enim
978 1315 1102 1384 corporis
1115 1315 1276 1384 fragilitate.
1292 1316 1352 1386 ipsa
1367 1317 1570 1371 velitsnscitari
1586 1334 1717 1372 asnmno
1731 1320 1777 1373 in·

140 1407 300 1478 diligendus
313 1413 356 1458 est
370 1419 455 1474 super
469 1404 564 1457 onmia
578 1410 637 1456 toto
651 1403 744 1461 corde.
761 1408 820 1455 tota
830 1402 936 1467 anima,
977 1407 1065 1456 ternae
1080 1404 1182 1473 quietis
1195 1412 1224 1458 et
1236 1404 1271 1457 ad
1296 1407 1462 1474 temporalia
1484 1407 1593 1473 agenda
1611 1408 1775 1478 procedere.

139 1496 208 1550 totis
222 1495 336 1554 viribus,
353 1492 429 1546 omni
440 1498 542 1545 mente
560 1491 709 1545 Proximus
723 1490 884 1560 diligendus
894 1496 937 1544 est
978 1491 1130 1546 Videamus
1141 1500 1234 1546 autem
1245 1494 1368 1564 perquid
1383 1495 1498 1565 adjuret
1508 1475 1775 1564 ntiasllieiusalem,

139 1584 261 1654 denique
274 1585 348 1636 sicut
360 1599 390 1635 se
405 1580 598 1651 unusquisque
617 1579 718 1650 diligit.
734 1579 805 1632 Nam
820 1577 936 1632 eonsun·
978 1596 1027 1650 por
1041 1597 1156 1650 capreas
1172 1582 1299 1635 videlicet
1311 1599 1462 1653 cervosque
1474 1600 1645 1654 camporum.
1661 1585 1776 1656 caprea

139 1671 207 1726 dere
221 1671 280 1724 vult
293 1669 469 1729 charitatem,
487 1684 549 1738 quae
563 1667 681 1737 proximi
704 1666 869 1719 charitatem
886 1665 936 1719 Dei
978 1675 1006 1722 et
1015 1669 1087 1722 cervi
1100 1671 1204 1723 munda
1215 1671 1346 1724 animalia
1355 1672 1611 1742 sunt,serpentibus
1622 1679 1651 1727 et
1661 1676 1776 1729 venenis

139 1758 284 1815 dilectioni
296 1757 443 1829 praeponit.
457 1757 496 1810 De
510 1755 612 1828 quibus
627 1755 762 1809 Dominus
773 1754 801 1808 in
813 1754 936 1823 Evange-
947 1733 967 1791 Β
977 1756 1099 1812 inimica.
1115 1759 1279 1828 Significant
1296 1760 1412 1814 virtutes
1424 1766 1596 1818 sanctorum.
1613 1778 1675 1832 quae
1691 1778 1775 1817 mun·

137 1848 175 1902 lio
189 1865 217 1901 :r
235 1847 288 1912 Qui
303 1855 382 1899 amat
395 1852 503 1916 patrem
521 1851 571 1898 aut
586 1850 703 1897 matrem
715 1844 869 1913 plusquam
879 1858 932 1908 me,
976 1843 1045 1898 ditia
1056 1845 1194 1916 spirituali
1211 1847 1504 1910 critateeototvenena
1517 1848 1776 1906 fraudisrliaboliote

137 1943 252 1991 nonest
268 1952 311 1989 me
326 1935 438 2004 dignus.
462 1934 534 1986 »v'el
559 1933 643 1987 etiam
658 1952 669 1982 c
692 1932 832 1985 ordinavit
846 1931 872 1984 in
891 1948 934 1985 me
977 1948 1031 1985 non
1046 1934 1136 1987 solum
1151 1942 1258 2000 cavent,
1274 1935 1322 1988 sed
1338 1936 1422 1989 etiam
1443 1937 1627 2002 insectantur,
1643 1945 1672 1992 et
1686 1938 1721 1992 ad
1735 1939 1777 1993 ni·

137 2025 316 2083 charitatem,
329 2022 436 2077 »idest
449 2020 935 2092 ipsepriormedilexit,deindequa·
976 2022 1064 2075 hilum
1090 2022 1229 2092 redigunt.
1248 2024 1282 2077 Et
1296 2030 1339 2077 cst
1357 2041 1479 2079 sensus:
1503 2025 1610 2095 Adjuro
1631 2043 1691 2082 vos.
1711 2027 1776 2083 tiliae

137 2113 204 2167 liter
217 2128 282 2166 euru
293 2110 409 2181 diligere
423 2109 554 2164 deberem
566 2109 668 2162 docuit.
685 2107 832 2178 Undeipse
846 2107 932 2161 dicit:
977 2109 1162 2171 Hierusalem,
1176 2128 1226 2180 per
1240 2111 1358 2166 virtutes
1373 2120 1488 2175 vestras,
1500 2130 1569 2184 quas
1579 2114 1673 2168 divina
1681 2116 1777 2184 gratie

140 2218 154 2254 c
174 2201 236 2255 Non
259 2216 308 2253 vos
333 2214 378 2252 me
399 2197 532 2267 elegistis,
556 2196 603 2250 sed
628 2212 679 2266 ego
702 2195 773 2265 elegi
796 2212 852 2248 vos.
872 2214 884 2247 a
902 2195 936 2249 Et
977 2197 1053 2251 robis
1068 2199 1333 2270 collatasgaudetis,
1349 2207 1380 2255 ut
1394 2202 1517 2255 animam
1542 2204 1776 2273 contemplationi

138 2289 261 2344 Joanues
283 2287 374 2342 dicit:
396 2286 579 2355 uDiligamus
603 2285 701 2350 Deum,
723 2283 855 2354 quoniam
876 2283 935 2354 ipse
976 2302 1045 2341 mere
1060 2287 1182 2340 deditam
1195 2305 1249 2341 non
1265 2289 1437 2358 inquietetis,
1460 2290 1549 2344 donec
1563 2292 1778 2363 eantemplatio

138 2378 216 2450 prior
229 2377 326 2431 dilexit
339 2392 390 2430 nos
424 2394 435 2424 ι
976 2373 1020 2426 nis
1033 2373 1101 2427 hora
1117 2375 1207 2431 finita.
1223 2375 1283 2445 ipsa
1295 2375 1371 2430 aliud
1383 2376 1449 2447 quid
1466 2394 1550 2447 egere
1564 2378 1640 2434 velit.

176 2461 934 2532 «Fulcitentetloribus,stipatememalis,quiaamore
1014 2480 1026 2513 o
1044 2462 1101 2515 Vox
1117 2463 1211 2517 dilecti
1225 2463 1289 2525 mei,
1309 2483 1321 2515 r
1343 2480 1394 2517 vox
1416 2465 1552 2521 Ecclesia.
1571 2467 1660 2521 «Vox
1679 2468 1775 2523 dilecti

137 2556 267 2626 langueo.
285 2554 462 2623 »Postquam
475 2551 596 2605 Ecclesia
605 2550 645 2604 vel
661 2550 756 2604 anima
768 2548 935 2604 Deodilerta
976 2549 1041 2614 mei,
1059 2550 1216 2604 »subaudis
1230 2551 1354 2606 necess.
1372 2551 1631 2609 laetabundaenim
1650 2557 1777 2611 Ecclesia

136 2643 164 2698 in
176 2660 207 2698 se
220 2641 386 2696 charitatem
400 2641 557 2694 ordinatam
571 2638 649 2698 dixit,
672 2638 793 2709 qualiter
807 2639 874 2691 velit
890 2655 935 2692 re·
976 2638 1050 2707 quod
1066 2643 1176 2692 tantum
1190 2639 1326 2705 diligatur
1338 2657 1476 2711 asponso‚
1488 2644 1613 2697 utetiam
1625 2643 1699 2698 filiae
1713 2644 1778 2700 Hio-

137 2733 292 2804 quieecere,
308 2731 349 2785 vel
365 2731 394 2784 iu
410 2746 465 2800 quo
481 2728 551 2781 lecto
570 2744 632 2782 cuna
646 2727 747 2781 dilecto
768 2743 870 2796 sponso
881 2743 932 2780 suo
973 2727 1095 2779 rosalem
1109 2743 1158 2796 pro
1169 2727 1215 2780 illa
1233 2728 1354 2797 adjuret.
1368 2738 1462 2782 utnon
1473 2746 1534 2783 eam
1548 2731 1776 2802 requiescentem

136 2836 267 2893 pausare,
283 2818 539 2874 ostenditdioensm
552 2816 658 2870 Fulcite
670 2832 713 2869 nte
725 2815 840 2869 floribus
860 2821 931 2871 retr..
973 2814 1232 2884 inqriietent,dicit:
1247 2816 1311 2870 Haec
1326 2823 1429 2869 estvox
1439 2817 1531 2871 dilecti
1547 2819 1601 2872 mei
1617 2836 1668 2888 pro
1680 2835 1725 2873 me
1735 2820 1776 2875 lo·

136 2908 302 2979 Alloquitur
313 2907 423 2961 animas
436 2907 495 2975 jam
512 2907 632 2974 periente
643 2904 736 2957 divino
747 2903 836 2956 artiori
850 2901 934 2958 ihhae·
974 2902 1095 2972 quentis.
1113 2903 1200 2967 Quem
1217 2904 1381 2958 desiderans
1397 2905 1489 2959 videre
1500 2906 1643 2969 dilectum,
1655 2907 1706 2961 sed
1717 2924 1776 2962 non

134 3001 239 3052 rentes.
254 2994 409 3059 Portiones,
419 2993 610 3045 initiasanctee
622 2991 842 3045 conversationis
853 2991 933 3045 intel·
974 2990 1213 3048 valens.annertit
1224 3010 1247 3044 :c
1261 2993 1329 3046 Ecce
1344 2993 1397 3047 iste
1416 2994 1490 3047 venit
1505 2994 1608 3048 saliens
1624 2995 1651 3048 in
1669 2996 1776 3051 monti·

135 3083 264 3154 ligantur
279 3097 285 3131 :
303 3098 354 3154 per
368 3080 444 3134 mala
454 3096 526 3134 vero.
536 3081 655 3150 perlecta
668 3080 804 3134 bonorum
816 3096 932 3149 operum
974 3078 1036 3141 bus,
1049 3080 1210 3133 transiliens
1221 3081 1315 3134 colles.
1334 3083 1500 3136 ahlouteset
1510 3083 1594 3137 colles
1607 3083 1776 3155 intelligun-

136 3172 273 3243 exempla.
285 3172 319 3225 Et
326 3176 369 3224 est
379 3175 497 3223 sensus':
510 3167 532 3222 0
543 3173 646 3222 sanctae
662 3166 772 3232 anina,
790 3185 851 3238 quae
867 3167 933 3221 dile·
975 3169 1140 3237 turpentecti
1150 3168 1601 3238 quiquesanctaeconversationis.
1614 3172 1776 3228 sublimiter

135 3260 222 3315 etium
238 3258 397 3314 conditoris
406 3258 492 3311 vestri
505 3257 648 3311 inhaeretis
670 3257 765 3310 fulcite
786 3273 831 3309 me
845 3254 933 3311 bono·
975 3258 1711 3332 aterrenissublevatietquasicamporumplanitiem
1719 3279 1777 3319 me·

135 3346 507 3420 rumoperumexemplis.et
515 3345 669 3415 qualiterin
677 3344 931 3399 exordiovirtutum
976 3345 1053 3400 lion's
1061 3347 1122 3400 vitae
1133 3348 1240 3401 meritis
1249 3349 1421 3404 excedentes.
1434 3350 1524 3404 Dehis
1532 3351 1676 3405 montibus
1687 3352 1776 3408 Isaiae

135 3439 179 3494 vel
193 3438 223 3493 in
237 3435 371 3509 prosectu,
384 3435 428 3488 vel
436 3435 466 3488 in
478 3433 647 3505 perfectione
662 3433 797 3487 bonorum
817 3449 933 3504 operum
974 3434 1440 3491 dicte«Ericinomdoousttomint
1447 3446 1620 3509 praeparatus
1629 3440 1657 3493 in
1667 3441 1775 3497 vertice

135 3526 259 3582 vixeritis
274 3523 423 3585 ostendite,
437 3522 503 3594 quia
518 3536 613 3576 anmre
626 3521 840 3592 langueoTune
857 3522 932 3574 enim
975 3523 1123 3580 montium,
1135 3524 1522 3596 etelerabitursupercolles.
1538 3529 1692 3598 »Loquitur
1704 3545 1776 3600 ergo

136 3615 233 3670 anima
256 3627 352 3668 ansere
367 3612 416 3666 Dei
432 3612 556 3682 languet,
574 3610 685 3681 quando
709 3611 770 3680 ejus
791 3609 933 3664 dilectioni
975 3627 1076 3681 sponsa
1090 3611 1125 3665 de
1138 3612 1240 3667 dilecto
1254 3631 1305 3667 suo
1322 3634 1354 3671 :r
1377 3615 1444 3669 Ecce
1459 3616 1510 3670 iste
1533 3616 1607 3670 venit
1621 3617 1729 3672 saliens
1745 3618 1777 3674 in

136 3704 208 3760 nihil
223 3701 368 3775 praeponit,
386 3700 443 3753 imo
459 3699 539 3770 quasi
554 3699 589 3753 ad
605 3699 749 3752 saecularia
768 3715 851 3769 opera
875 3699 933 3752 lan·
975 3700 1127 3761 nrootibus,
1140 3707 1168 3754 et
1183 3703 1343 3756 transiliens
1357 3704 1442 3756 collos
1460 3750 1464 3761 ,
1483 3701 1622 3761 »ltocest
1638 3706 1723 3759 etiam
1735 3723 1779 3761 se-

135 3791 223 3865 guida
235 3796 262 3845 st
277 3789 424 3844 imbecillis
440 3788 569 3851 efficitur,
587 3787 713 3857 nihilque
729 3804 790 3841 eam
813 3787 935 3841 delectat
975 3787 1096 3842 cundum
1111 3790 1313 3844 humanitatem
1326 3791 1451 3845 omniurn
1462 3799 1623 3847 sanctorum
1639 3795 1780 3849 excellen-

136 3881 192 3936 nisi
207 3875 762 3946 meditatiocoelestiumetconternplatio
776 3875 934 3929 Conditoris
975 3876 1530 3949 tinmomnemcontemplationisdirinae
1542 3881 1692 3951 puritatem
1700 3899 1782 3938 exee-

135 3970 190 4025 gui,
975 3965 1054 4019 dens.
1072 3967 1129 4020 Nec
1143 3975 1218 4021 stare
1233 3967 1260 4021 in
1276 3967 1427 4028 montibus,
1439 3969 1486 4022 sed
1503 3970 1646 4024 transilire
1657 3971 1776 4037 dieitur,

175 4076 188 4111 c
202 4059 282 4114 Laeva
297 4058 359 4128 ejus
373 4054 425 4110 sub
439 4055 530 4126 capite
541 4068 613 4117 meo,
629 4058 656 4107 et
671 4052 936 4107 dexterailliusam-
976 4053 1043 4125 quia
1055 4054 1107 4107 etsi
1121 4055 1156 4108 ad
1173 4057 1269 4109 horam
1282 4073 1332 4126 per
1346 4057 1484 4110 internam
1500 4057 1716 4129 inspirationem
1728 4077 1780 4116 eor

136 4145 295 4218 plexabitur
309 4161 364 4198 me.
383 4144 477 4198 »Corn
492 4142 606 4213 linquitt
622 4141 650 4194 in
661 4140 708 4195 tali
726 4142 796 4195 lecto
808 4141 932 4211 jacuero,
976 4149 1137 4196 sanctorum
1153 4143 1256 4207 visitat,
1274 4144 1366 4200 subito
1383 4152 1476 4199 tamen
1493 4147 1606 4206 recedit,
1628 4152 1661 4201 ut
1685 4165 1735 4203 eos
1747 4149 1779 4204 in

136 4235 206 4288 leva
217 4234 288 4303 ejus,
303 4232 332 4286 id
348 4236 390 4284 est
405 4229 509 4300 sponsi,
530 4229 585 4284 erit
603 4227 655 4282 sub
679 4228 770 4298 capite
794 4246 865 4283 meo.
882 4229 936 4283 Per
975 4230 1019 4284 sui
1036 4230 1212 4284 dilectionem
1225 4231 1368 4286 accendat.
1387 4233 1483 4286 Potest
1497 4234 1582 4286 etiam
1597 4233 1632 4286 ad
1647 4234 1781 4300 incarna-

137 4320 246 4385 laevam,
260 4319 405 4390 praesentis
419 4317 554 4388 temporis
579 4317 760 4388 prosperitas.
782 4319 824 4371 vel
848 4318 1080 4405 etiathionem
1096 4320 1199 4373 Christi
1217 4321 1324 4383 reterri,
1342 4322 1389 4391 qui
1405 4322 1519 4375 veniens
1532 4322 1668 4393 quosdam
1685 4324 1777 4380 saltus

137 4408 211 4463 dona
223 4408 274 4463 Dei
288 4407 494 4477 intelliguntur,
507 4407 679 4476 quaesauctis
689 4407 717 4460 in
729 4407 857 4477 praesenti
866 4424 933 4461 con·
974 4407 1061 4470 dedit,
1079 4408 1194 4479 quiade
1217 4410 1287 4462 colo
1310 4412 1386 4464 venit
1406 4411 1434 4464 in
1460 4418 1571 4465 uterum
1587 4411 1724 4481 Virginis,
1740 4413 1776 4468 de

136 4496 285 4563 feruntur,
303 4512 352 4567 per
369 4495 512 4550 dexteram
524 4511 599 4554 vero,
611 4494 731 4548 coelestie
743 4494 839 4564 patrie
846 4494 933 4550 beati·
974 4505 1055 4552 utero
1063 4495 1189 4565 Virginis
1199 4497 1226 4550 in
1243 4515 1374 4568 praesepe,
1382 4498 1417 4552 de
1426 4500 1542 4569 praesepi
1555 4499 1581 4551 in
1593 4497 1780 4571 baptismum,

135 4586 205 4642 tudo
220 4585 357 4657 accipitur
378 4583 632 4655 Laevaergosponsi
647 4582 931 4654 subcapitesponsae,
974 4586 1009 4639 de
1029 4585 1169 4655 baptismo
1185 4586 1214 4639 in
1229 4603 1350 4647 crucem,
1373 4587 1408 4642 de
1433 4603 1514 4641 cruce
1539 4587 1574 4640 ad
1603 4589 1778 4658 sepulcrum,

137 4661 204 4746 quia
218 4675 277 4729 haec
291 4674 385 4728 oirtnia
400 4674 473 4727 dona
494 4674 529 4726 ad
556 4673 607 4725 hoc
621 4672 741 4742 percipit
755 4671 887 4735 Ecclesia,
903 4676 935 4726 ut
974 4674 1009 4728 de
1028 4673 1155 4744 sepulcro
1169 4674 1202 4727 ad
1220 4676 1330 4728 cretum.
1349 4675 1419 4729 Hine
1437 4675 1585 4730 Psalmista
1602 4694 1632 4728 :c
1652 4679 1779 4734 Exsulta·

136 4780 188 4834 per
205 4764 263 4819 haec
277 4764 365 4817 discat
385 4762 527 4832 suspirare
550 4759 583 4814 ad
604 4765 719 4817 aeterna.
736 4760 854 4813 Dextera
868 4776 934 4815 vero
975 4763 1013 4816 vit
1026 4768 1058 4816 ut
1070 4762 1149 4832 aigae
1166 4761 1200 4816 ad
1213 4764 1394 4826 currendum,
1409 4788 1421 4812 ι
1438 4772 1490 4818 etc.

136 4852 232 4923 sponsi
248 4869 309 4906 eam
323 4848 583 4921 amplexatur.quia
599 4852 659 4901 tota
675 4847 793 4902 intentio
806 4847 933 4903 Ecclesiae
1013 4871 1024 4901 t
1047 4850 1152 4905 Similis
1172 4856 1215 4906 est
1238 4852 1357 4905 dilectus
1381 4869 1460 4906 meus
1479 4870 1587 4924 caprea
1601 4854 1779 4927 hinnuloque

136 4941 179 4994 vel
190 4941 290 4994 animae
300 4939 391 4993 sitlelis
407 4940 463 4992 haec
477 4942 529 4998 est.
542 4942 574 4990 ut
592 4936 625 4990 ad
639 4941 773 4991 aeternam
783 4935 934 4992 beatitudi·
973 4956 1126 4995 cervorum.
1141 4958 1153 4990 a
1166 4940 1280 5011 Capreae
1296 4948 1326 5006 et
1336 4941 1419 5000 cervi,
1437 4942 1563 5011 quamvis
1574 4943 1663 4997 insua
1674 4951 1780 4999 natura

136 5044 199 5084 nem
212 5029 380 5100 quandoque
391 5026 578 5098 perveniat,et
586 5044 635 5098 spe
643 5025 687 5079 sui
698 5023 857 5080 Conditoris
866 5044 935 5098 gau·
974 5029 1063 5082 multo
1076 5027 1124 5080 hai
1132 5035 1197 5081 eant
1208 5046 1271 5099 qum
1282 5029 1438 5099 allegoricis
1449 5031 1579 5085 sensibus
1593 5033 1776 5100 conveniant,

136 5118 209 5173 deat.
231 5117 267 5172 Et
287 5115 358 5170 bene
380 5114 447 5169 leem
462 5115 540 5186 prius
561 5114 613 5169 sub
638 5114 738 5186 capite,
756 5121 820 5186 post
837 5115 933 5186 sponsi
974 5116 1025 5170 hoc
1035 5115 1138 5170 habent
1148 5117 1480 5188 tamensingularcquod
1494 5118 1520 5171 in
1532 5118 1709 5188 planioribus
1719 5136 1778 5177 non

136 5206 250 5260 dextera
265 5220 326 5259 eam
342 5203 531 5274 amplectitur,
541 5204 605 5274 qnia
617 5204 650 5257 ad
661 5204 807 5272 amplexus
822 5210 934 5259 aterna
974 5211 1131 5266 morantur,
1156 5204 1204 5258 sed
1220 5205 1248 5259 in
1265 5205 1361 5258 arduis
1376 5210 1405 5258 ct
1419 5206 1534 5259 excelsis
1557 5206 1624 5260 locis
1639 5207 1780 5276 quosdam

136 5292 320 5347 beatitudinis
335 5307 390 5346 non
399 5292 661 5363 poteritpervenirc,
671 5292 724 5346 nisi
734 5291 934 5364 hicmysterio·
973 5294 1061 5348 saltus
1076 5294 1143 5347 dare
1153 5294 1254 5347 solent.
1264 5295 1350 5348 [lecte
1364 5310 1431 5363 ergo
1445 5294 1489 5347 liis
1505 5294 1683 5348 assimilatur
1697 5296 1779 5350 Chri·

136 5398 199 5436 rum
214 5380 368 5436 coelestium
383 5386 413 5434 et
425 5379 563 5436 donorum
578 5379 932 5437 divinorumstudeatesse
972 5388 1042 5446 stus,
1060 5390 1174 5452 propter
1195 5381 1326 5436 subtilem
1353 5381 1629 5452 contemplationem,
1652 5388 1682 5437 et
1708 5384 1779 5454 quia

134 5469 284 5546 particeps.
971 5469 1780 5540 nullointellectudivinitatisejusmajestascomprehendi

170 5576 186 5616 c
204 5559 312 5632 Adiuro
324 5574 382 5627 vos,
396 5557 461 5617 filie
474 5559 660 5628 Hierusalem,
674 5576 726 5632 per
738 5573 855 5632 capreas
868 5575 930 5615 oer-
971 5565 1072 5630 potest.
1084 5559 1147 5614 Non
1154 5567 1249 5614 autem
1256 5560 1353 5626 cervis,
1360 5557 1410 5615 sed
1417 5558 1526 5631 capreis
1533 5559 1779 5630 assimilatur,mi-
