3818 6104
129 253 175 310 ibt
571 253 781 308 ENARRATIO
801 254 840 308 IN
859 249 1073 306 SOPHONIAM
1093 251 1323 308 PROPHETAM.
1707 262 1761 321 Μ

161 394 175 428 ι
190 375 225 429 Et
239 373 294 428 erit
313 373 449 429 fortitudo
462 390 558 428 eorum
573 373 602 427 in
616 372 813 442 direptionem,
829 377 856 425 et
872 369 1073 439 do-Aquitate
1088 377 1116 425 et
1130 373 1215 427 nimia
1230 376 1417 434 sollicitudine
1428 383 1619 452 quaesitaemon
1630 393 1763 459 poterunt

128 479 187 518 mus
200 478 300 516 eorum
317 463 346 516 in
361 463 515 523 desertum,
538 468 566 514 et
579 460 758 514 aedificabunt
773 460 880 518 dovvvos,
898 466 926 512 et
967 458 1085 513 liberare
1104 461 1231 517 dominos
1257 470 1284 519 et
1307 484 1483 536 possessores
1507 490 1583 533 suos,
1600 476 1665 545 quia
1690 480 1763 549 ignis

127 568 179 605 nou
191 550 422 605 habitabunttet
435 549 604 619 plantabunt
627 549 776 611 vineaset
804 563 859 600 nen
882 546 925 599 bi·
967 546 1014 600 irae
1025 547 1136 602 Domini
1155 552 1298 607 devorabit
1313 572 1360 609 eos
1376 563 1404 610 et
1418 575 1529 614 ornnem
1554 572 1658 619 temam
1684 567 1762 638 regni

127 640 191 694 bent
204 639 301 693 vinum
318 655 424 693 aarum.
444 658 457 690 v
474 638 619 692 Manifesta
634 638 668 690 de
685 637 788 691 Juvlaeis
810 636 923 698 dicitur,
967 634 1079 690 illorum
1112 637 1207 693 Faciet
1225 649 1318 696 autem
1336 644 1470 702 Dominus
1492 655 1763 710 consummationem

128 727 394 800 quorumsortitudo
421 733 449 780 et
474 728 564 781 omnis
593 726 730 779 exercitus
756 723 926 795 captivitatis
967 739 1030 777 cunr
1048 726 1764 806 festinatione.Namquadragesimosecundoanno

128 821 253 886 tempore
264 815 293 869 in
308 815 492 885 direptionem
509 815 575 868 data
589 820 642 873 est,
659 819 687 867 et
701 814 801 866 ‹iornus
815 813 926 866 destru·
968 820 1032 882 post
1046 815 1203 883 passionem
1219 818 1327 874 Domini
1346 839 1472 892 possessa
1495 834 1539 882 est
1555 830 1732 887 Hierusalem
1748 852 1765 888 a

129 908 184 965 πίω,
202 910 231 956 et
248 903 311 973 agri
326 909 355 956 et
377 904 463 957 vineae
485 909 609 956 vastatae.
622 903 679 955 Nec
701 901 866 971 prolongata
884 904 927 952 est
968 900 1112 965 Romanis,
1128 910 1156 957 et
1173 912 1378 965 consummatio
1402 914 1474 968 facta
1499 924 1542 972 est
1560 936 1622 975 cum
1648 923 1765 979 festina·

128 990 205 1052 ultio,
223 1008 277 1045 nec
289 993 363 1046 ultra
378 992 547 1062 exspectavit
572 991 709 1062 patientia
732 989 791 1049 Dei,
808 989 856 1042 sed
879 1005 927 1042 ve·
967 988 1054 1042 tione.
1072 991 1125 1044 Sed
1141 998 1170 1045 et
1183 994 1212 1047 in
1228 998 1324 1051 mundi
1341 1000 1394 1053 fine
1407 1002 1700 1081 tribulabunturimpii
1717 1013 1765 1067 ho·

130 1078 225 1133 lociter
239 1079 413 1135 restituiteis
428 1079 500 1151 quod
517 1080 706 1134 merebantur.
725 1078 778 1132 Sed
799 1084 827 1131 et
848 1079 929 1147 Juxta
969 1076 1069 1138 mines,
1087 1080 1115 1133 id
1136 1088 1179 1134 est
1197 1085 1323 1140 carnales
1339 1095 1367 1140 et
1382 1090 1429 1159 qui
1444 1096 1597 1150 secundum
1622 1098 1766 1156 bominem

130 1167 315 1238 tropologiam
332 1169 360 1222 in
373 1168 527 1237 disjudicii
538 1168 629 1221 omnis
641 1168 778 1220 malorum
792 1164 927 1218 fortitudo
969 1167 1106 1233 vixerunt,
1129 1172 1356 1229 etambulabunt
1379 1184 1410 1231 ut
1437 1181 1588 1253 raeci,quio
1614 1204 1710 1244 verum
1728 1192 1768 1246 lu·

130 1255 242 1310 dabitur
261 1257 291 1311 in
306 1257 504 1328 direptionem.
531 1256 584 1320 Qui
604 1256 810 1309 aedificaverunt
831 1254 928 1306 domos
970 1272 1034 1309 men
1051 1258 1241 1327 perdiderunt.
1255 1261 1332 1325 Quod
1344 1281 1408 1321 vero
1419 1269 1561 1338 sequitur:
1576 1291 1589 1323 v
1603 1275 1767 1333 Effundetur

132 1359 183 1397 non
197 1362 288 1416 super
303 1351 424 1417 petram,
440 1344 489 1399 sed
503 1362 588 1415 super
600 1360 725 1408 arenam,
741 1359 793 1396 nec
819 1342 929 1412 planta·
972 1346 1086 1415 sanguis
1102 1363 1197 1401 eorum
1213 1350 1285 1404 sicut
1295 1352 1407 1408 humus.
1423 1375 1433 1403 v
1451 1357 1479 1411 in
1492 1358 1536 1412 die
1541 1361 1640 1430 judicii
1652 1381 1708 1420 non
1721 1383 1769 1438 po-

133 1440 231 1488 verunt
242 1434 355 1488 vineam
364 1434 491 1494 electam,
509 1432 557 1486 sed
572 1433 682 1486 vineam
701 1431 886 1488 Sodomorum
903 1435 932 1483 et
973 1433 1039 1486 terit
1051 1434 1155 1489 effundi
1177 1441 1300 1508 sanguis,
1330 1458 1392 1495 cum
1415 1445 1474 1514 iam
1499 1455 1582 1503 erunt
1598 1450 1771 1509 immortalia

134 1521 307 1577 Gomorrha.
324 1523 401 1576 Talis
415 1538 481 1592 ergo
492 1522 628 1592 plantatio
641 1520 752 1592 peribit.
973 1536 1099 1592 corpora.
1118 1525 1190 1594 Ergo
1205 1527 1317 1582 nomine
1332 1532 1477 1600 sauguinis
1492 1535 1559 1589 illud
1576 1537 1710 1596 debemus
1723 1558 1771 1598 ac-

167 1630 181 1664 «
199 1612 285 1667 Juxta
298 1616 342 1665 est
355 1611 417 1664 dies
432 1610 542 1664 Domini
563 1626 693 1679 mugnus,
713 1610 795 1679 juxta
813 1613 842 1661 et
856 1605 934 1659 velox
975 1608 1077 1680 cipere,
1093 1629 1148 1682 quo
1160 1621 1305 1684 vegetatur
1323 1625 1352 1671 et
1364 1620 1429 1675 vivit
1443 1623 1547 1687 anima,
1565 1627 1649 1682 tidem
1674 1631 1772 1687 videli-

137 1702 229 1756 nimis.
247 1701 310 1755 Vox
320 1701 377 1755 diei
393 1700 493 1755 Donini
508 1716 615 1763 amara,
632 1699 815 1753 tribulabitur
827 1697 867 1750 ibi
883 1682 1030 1763 for-Bcet,
1056 1717 1145 1771 spem,
1167 1709 1195 1757 et
1213 1704 1391 1771 charitatem,
1409 1716 1580 1783 craterasque
1596 1717 1723 1784 virtutes,
1739 1721 1770 1775 in

140 1790 186 1863 tis.¹
193 1790 262 1846 Dies
277 1789 396 1844 iraedies
409 1789 466 1851 illa,
479 1790 539 1843 dies
548 1788 775 1843 tribulationiset
787 1786 934 1856 angustiat.
978 1788 1079 1857 quibus
1094 1796 1136 1843 est
1160 1792 1216 1845 vita
1230 1793 1338 1849 animae.
1351 1795 1403 1859 Qui
1420 1815 1487 1869 orgo
1501 1802 1576 1857 bunc
1590 1807 1692 1862 animm
1706 1826 1772 1865 san-

143 1879 196 1932 diea
212 1878 384 1933 calamitatis
394 1884 424 1932 et
437 1878 567 1932 miseriae.
582 1899 593 1928 v
611 1879 694 1932 Juxta
708 1877 831 1930 litteram
843 1874 938 1927 omnia
978 1877 1091 1946 guinem
1107 1878 1219 1943 fuderit,
1236 1882 1263 1935 id
1280 1887 1379 1954 estqui
1394 1887 1536 1944 hominem
1549 1894 1623 1947 malo
1648 1900 1775 1971 exemplo

145 1966 199 2020 haec
210 1967 253 2020 vel
278 1966 314 2020 de
330 1966 508 2036 Babylonica,
525 1966 568 2021 vel
582 1966 617 2019 de
636 1966 763 2018 Romana
777 1963 939 2033 captivitate
979 1966 1022 2018 vel
1039 1983 1168 2037 perversa
1181 1969 1308 2025 doctrina
1322 1976 1462 2030 necaverit
1476 1977 1617 2037 tundetur.
1636 1984 1663 2039 in
1675 1987 1773 2059 ilieju·

147 2054 282 2109 dicuntur.
298 2056 377 2110 'l'unc
391 2056 466 2109 enim
493 2054 598 2125 expevti
623 2061 690 2108 sunt
708 2054 781 2107 diem
801 2066 937 2114 amaram,
981 2053 1045 2107 dicii
1057 2057 1171 2126 sanguis
1182 2059 1252 2128 ejus,
1265 2059 1293 2112 id
1308 2067 1352 2114 est
1363 2062 1385 2115 si
1397 2064 1463 2133 quid
1474 2065 1558 2122 vitale
1573 2069 1693 2128 inbonis
1707 2093 1774 2147 ope·

149 2145 191 2213 qui
205 2145 293 2198 Deum
309 2144 344 2198 ad
358 2144 576 2198 amaritudinem
592 2147 815 2214 provocaverant.
837 2139 938 2194 Tribu·
980 2142 1057 2196 ribus
1073 2143 1220 2200 videbatur
1233 2147 1344 2210 babere,
1358 2157 1474 2222 cogetur
1486 2156 1626 2214 amittere.

151 2233 195 2286 lati
208 2241 274 2288 snnt
295 2233 336 2287 ibi
359 2235 446 2287 fortes
468 2238 496 2286 et
510 2238 648 2303 potentes,
668 2231 721 2284 fuit
734 2231 794 2283 dies
817 2229 865 2283 illa
879 2228 939 2282 dies

154 2321 205 2384 ira,
224 2323 291 2393 quio
310 2339 385 2392 saepe
402 2322 516 2392 quidem
544 2327 626 2374 antea
646 2319 840 2375 sustinuerant
867 2318 939 2369 iram
1292 2290 1408 2349 CAPUT
1427 2296 1464 2350 Η·

157 2410 207 2475 Μ’
222 2411 269 2465 sed
284 2428 339 2465 non
356 2412 385 2465 in
400 2410 651 2465 consummatione·
669 2410 733 2462 Haec
748 2412 843 2461 autem
854 2406 896 2459 ira
906 2406 940 2459 p.
1018 2414 1029 2440 ι
1047 2394 1208 2463 convenite,
1218 2401 1436 2468 congregamini.
1450 2420 1520 2473 gens
1538 2423 1594 2463 non
1609 2412 1747 2468 amabilis.
1764 2433 1778 2469 v

160 2499 298 2554 pisaurum
319 2499 382 2559 suit,
400 2498 466 2569 quia
486 2498 669 2571 perdiderunt
687 2496 788 2553 locum,
810 2509 938 2563 regnum,
981 2482 1049 2535 Post
1072 2484 1203 2553 praedicta
1226 2487 1299 2541 mala
1324 2505 1385 2559 quae
1414 2495 1521 2561 passuri
1545 2505 1626 2552 erant
1647 2509 1781 2570 provocat

162 2594 306 2658 algentem,
320 2593 350 2642 et
369 2589 398 2642 in
415 2603 512 2642 omncs
538 2585 636 2640 mundi
662 2585 797 2639 terminos
823 2580 941 2652 dispersi
981 2571 1118 2640 Withera
1133 2574 1265 2642 P⁰l³⁰¹¹¹¹¹¹
1276 2575 1310 2627 ad
1322 2578 1526 2644 lloessilenllffln·
1543 2585 1704 2653 00¹¹t⁹¹¹iltb
1717 2608 1781 2647 00¹¹·

163 2684 224 2729 sunt.
239 2677 358 2732 possum
373 2678 431 2731 haec
444 2675 615 2746 tropologice
639 2673 735 2727 referri
760 2673 796 2726 ad
814 2688 943 2725 consum.
982 2659 1139 2728 gregamini
1154 2661 1320 2715 inunionem
1337 2665 1492 2726 charitatis,
1509 2671 1556 2739 qui
1567 2673 1653 2726 eratis
1663 2676 1781 2747 dispersi
1833 2666 1836 2671 ¹

165 2766 297 2820 mationem
314 2764 669 2835 saeculiquandoeritvox
693 2778 799 2823 amma,
816 2778 877 2831 qum
899 2760 942 2813 di·
983 2747 1104 2816 peccatis
1132 2766 1145 2798 t
1174 2748 1249 2803 Gens
1269 2767 1325 2804 ¹¹⁰⁰
1348 2754 1519 2820 amabilis&
1544 2759 1571 2812 id
1598 2765 1640 2814 est
1665 2763 1782 2835 indigna

165 2852 255 2923 rigetur
266 2853 300 2908 ad
313 2870 363 2908 cos
377 2851 425 2924 qui
441 2852 468 2905 in
484 2850 606 2906 sinistris
620 2856 712 2905 erunt.
727 2871 738 2899 ι
756 2848 798 2903 Ite
808 2849 837 2902 in
848 2849 943 2919 ignem
984 2851 1081 2889 ³⁸¹⁰?ss
1100 2836 1158 2890 Dei·

167 2948 291 2996 nemum·
309 2949 388 2997 ’etc'
404 2940 598 2996 ‚fabulabitur
612 2940 649 2993 ibi
669 2939 763 3007 portis,
776 2939 842 3009 quja
855 2938 941 2991 egam
1021 2944 1034 2975 v
1050 2924 1217 2995 Priusquam
1232 2928 1324 2996 pariat
1337 2930 1406 2985 visio
1420 2933 1500 3002 quasi
1520 2938 1662 3005 pulverem
1688 2947 1782 2999 trans·
1877 2983 1884 2993 ·

168 3032 239 3085 uncti
252 3047 352 3102 pavore
364 3031 517 3092 solventur,
534 3035 562 3082 et
573 3029 689 3082 virtutes
698 3028 832 3081 coelorum
848 3035 972 3095 move-0
984 3020 1097 3067 euntem
1113 3014 1198 3079 dlemv
1217 3023 1368 3087 antequam
1382 3022 1476 3076 Veniat
1489 3041 1576 3094 Super
1591 3045 1638 3082 V⁰⁸
1648 3028 1689 3084 iffi
1706 3031 1782 3087 turo·

168 3116 261 3174 buntur.
273 3119 332 3174 Erit
347 3134 459 3190 quoque
473 3118 533 3172 dies
553 3118 610 3182 irae,
628 3116 816 3171 tribulationis
837 3120 865 3168 et
892 3129 943 3167 an·
984 3103 1024 3156 DS
1037 3103 1155 3167 D⁰mi¹¹b
1172 3123 1186 3156 ¹)
1202 3105 1228 3158 ld
1247 3111 1630 3183 ²⁸l⁸⁰l0q⁰²¹¹¹¹imple³¹¹mi
1644 3134 1783 3191 (luaei‘fae‘

168 3209 256 3274 gastim,
271 3208 385 3278 quando
403 3208 539 3278 plangent
553 3221 651 3260 omnes
668 3210 776 3275 gemes,
794 3209 822 3258 et
850 3203 944 3257 nunus
984 3191 1060 3245 dicta
1071 3200 1147 3257 suut,
1164 3211 1225 3264 quae
1237 3195 1278 3249 ita
1304 3196 1384 3252 sacile
1407 3201 1530 3265 venient,
1547 3205 1602 3259 nisi
1622 3209 1783 3277 poenitendo

170 3295 211 3349 erit
229 3297 320 3368 effugii
345 3297 433 3357 locus,
450 3296 544 3350 nullus
567 3294 648 3349 alteri
677 3293 867 3347 auxiliabitur.
885 3291 945 3345 Erit
985 3282 1184 3351 Piffllessefffib
1202 3288 1276 3338 Sicut
1290 3286 1429 3342 lel'iSSlme
1441 3291 1551 3362 ¹¹³l³itur
1565 3294 1654 3365 pulvis
1666 3305 1783 3357 alem·

170 3384 240 3439 «dies
254 3384 434 3440 tenebrarum
449 3390 479 3438 et
493 3382 629 3453 caliginis,
646 3382 706 3436 dies
720 3381 827 3435 nebula
841 3386 869 3434 et
883 3386 944 3434 tur·
985 3368 1019 3423 1¹¹
1034 3388 1089 3441 ‘1¹1⁰
1112 3372 1346 3428 ⁰0¹¹Sid⁸ffl¹¹d¹¹ffl
1368 3385 1474 3446 (1¹¹anta
1488 3381 1525 3435 Sil
1550 3383 1600 3437 Dei
1623 3386 1783 3444 clementit-

169 3469 231 3539 binis,
247 3494 259 3529 ἱ
275 3474 349 3545 quod
363 3488 477 3528 necesse
492 3478 534 3526 est
550 3478 581 3525 ut
594 3488 641 3525 θος
654 3475 944 3541 persequantuptene.
984 3459 1120 3514 Provocat
1134 3461 1169 3514 ad
1187 3461 1419 3529 misericordiam,
1436 3470 1564 3524 netnciat
1574 3475 1647 3543 quod
1658 3477 1783 3532 minatus

170 3558 220 3625 hm,
234 3563 282 3634 qui
295 3563 363 3618 dum
377 3563 452 3617 male
466 3573 591 3632 agerent·
608 3561 671 3614 odio
682 3559 822 3613 habebant
841 3560 942 3612 lucem,
985 3554 1036 3602 est.
1053 3550 1235 3620 Tropologico
1247 3553 1388 3620 generalis
1403 3557 1491 3610 estad
1506 3574 1603 3614 omnes
1612 3564 1778 3634 exhortatio,

194 3650 418 3706 gsiudqegtubae
432 3656 461 3704 et
474 3649 621 3720 clangoris,
635 3648 945 3720 »quodiuttipostolus
985 3643 1018 3691 ut
1033 3646 1239 3709 congregentur
1254 3641 1282 3694 in
1297 3643 1459 3698 societatem
1473 3647 1610 3713 Ecclesia,
1627 3657 1655 3705 et
1675 3670 1781 3724 prave-

171 3738 206 3806 ait)
219 3741 265 3795 tiet
272 3739 410 3811 judicium
426 3739 456 3793 in
469 3743 620 3802 momento,
637 3739 665 3792 in
684 3738 742 3792 ictu
757 3737 840 3800 oculi,
853 3737 881 3790 iu
894 3753 944 3789 no·
985 3725 1068 3779 niam
1085 3727 1155 3780 imm
1173 3729 1220 3783 ⁰⁰¹
1236 3745 1286 3799 Pffl'
1297 3731 1502 3801 POEssllemlafflv
1517 3752 1552 3791 sse
1564 3740 1782 3812 ³0⁸di0⁸judicfi

168 3827 261 3884 sissima
273 3828 352 3884 tuba.
367 3847 380 3881 r
395 3828 462 3883 ilaec
474 3834 568 3882 autem
581 3827 677 3881 omnia
690 3833 774 3880 erunt
786 3846 796 3875 v
809 3841 894 3895 super
909 3824 945 3877 ci·
985 3813 1139 3885 imparatos
1154 3816 1289 3872 inveniat·

169 3918 248 3974 umes
257 3917 418 3984 munims‚,
440 3917 467 3970 id
482 3922 523 3970 est
538 3932 623 3986 super
632 3931 744 3969 omnem
760 3913 857 3966 mund,
878 3929 944 3966 con.
1023 3923 1034 3953 v
1053 3903 1175 3966 Quaerite
1192 3906 1349 3971 Dominum,
1361 3925 1458 3966 omnes
1472 3918 1611 3970 mansueti
1626 3925 1716 3989 terra,
1733 3925 1781 3993 qui

169 4006 294 4064 fidentiam
307 4012 336 4063 et
357 4005 612 4078 praesumptionem·
627 4023 638 4055 ί
665 4004 700 4058 Ep
724 4018 810 4071 supe,-
831 4002 945 4072 angelos
982 3990 1120 4061 judicium
1135 3993 1197 4062 ejus
1212 3994 1279 4047 estis
1293 3997 1429 4064 operati.»
1446 4000 1503 4054 Vox
1517 4006 1659 4075 prophetae
1673 4009 1709 4063 ad
1719 4027 1782 4067 san-

170 4094 703 4168 sammaavidelicetperverso,
721 4096 869 4146 effictam
888 4089 946 4143 Do.
987 4086 1046 4132 ctos
1067 4079 1217 4150 dirigitur:
1240 4083 1263 4135 0
1286 4085 1376 4139 sancti
1405 4091 1434 4139 et
1459 4089 1549 4154 eiecti,
1576 4095 1624 4163 qui
1642 4109 1783 4173 praecepta

170 4186 223 4241 mini
234 4188 304 4242 nam
318 4184 498 4240 declinantia·
986 4167 1098 4222 Domini
1109 4168 1278 4240 adimpletis,
1292 4177 1320 4226 et
1334 4173 1363 4227 in
1377 4180 1453 4230 terra
1482 4178 1566 4248 positi
1590 4184 1709 4241 audistis
1734 4206 1783 4244 vo-

199 4275 255 4331 ‘Et
262 4274 403 4330 tribulabo
417 4273 554 4337 homines,
571 4276 600 4326 et
614 4269 798 4324 ambulabunt
825 4274 857 4323 ut
871 4269 945 4334 03301,
987 4274 1047 4311 cem
1062 4258 1197 4313 dicentis:
1217 4261 1322 4316 «Beati
1338 4263 1429 4331 mites,
1455 4269 1588 4337 quoniam
1612 4273 1665 4344 ipsi
1692 4278 1783 4347 possi·

171 4365 224 4433 quia
244 4363 364 4420 Domino
392 4366 584 4432 peccaverunt,
601 4366 630 4414 et
649 4359 808 4414 effundetur
830 4346 1093 4428 sanguistebunt
1105 4355 1248 4413 ternum»
1265 4357 1293 4404 et
1303 4351 1406 4407 imitati
1423 4355 1490 4409 estis
1505 4359 1566 4427 ejus
1588 4368 1783 4422 mansuetudi-

170 4467 251 4507 aemm
264 4454 338 4508 sicut
354 4452 469 4514 humus,
485 4456 513 4505 et
525 4465 634 4520 corpus,
657 4449 730 4503 sicut
750 4455 882 4507 stercora,
899 4446 948 4500 sed
989 4452 1064 4492 nrm.
1076 4445 1103 4490 et
1113 4438 1253 4506 justitiam
1277 4442 1384 4510 operati
1404 4444 1480 4504 estis,
1498 4449 1613 4516 quarite
1632 4452 1784 4512 Dominum

170 4547 192 4593 et
202 4549 344 4612 argentum
355 4554 453 4594 eorum
465 4544 493 4593 ep
507 4555 606 4593 aurum
623 4554 718 4592 eorum
737 4554 791 4590 „0ss
807 4536 908 4606 poterit
919 4535 951 4589 fi.
990 4526 1110 4579 amandu
1125 4532 1153 4580 et
1165 4528 1282 4582 colendo
1301 4529 1389 4584 illum.
1406 4532 1441 4586 Et
1454 4536 1534 4604 quasi
1549 4537 1783 4618 interrogaretur,

170 4627 253 4685 berare
264 4646 312 4684 eos
327 4629 356 4683 in
369 4628 415 4682 die
430 4626 478 4681 ira
494 4626 596 4680 luroris
620 4626 742 4681 Domini.
760 4628 791 4680 ln
813 4625 878 4695 igne
896 4625 949 4679 zeli
991 4615 1054 4687 quis
1069 4623 1112 4669 est
1126 4615 1177 4669 isle
1192 4617 1335 4684 Dominus,
1351 4623 1550 4690 resll⁰¹¹d²l¹¹¹¹²

93 4730 101 4741 ·
167 4719 219 4787 ejus
231 4717 408 4773 devorabitur
421 4715 513 4770 omnis
535 4721 621 4778 terra,
638 4715 703 4786 quia
729 4714 948 4768 consummatio·
1027 4703 1784 4788 ‘Qssae1'ltelu⁵l⁰m·quaefstemansuetumvsslqu⁰m⁰d0

166 4823 222 4862 nem
235 4824 296 4862 cum
310 4805 490 4861 festmatione
515 4804 599 4858 faciet
622 4804 728 4859 cunctis
755 4804 948 4857 habitanpbus
989 4792 1200 4848 abscondamini
1215 4794 1243 4848 in
1254 4795 1299 4849 die
1313 4796 1416 4849 luroris
1435 4797 1556 4862 Domini,
1576 4822 1587 4853 ι
1604 4803 1630 4858 id
1644 4813 1687 4861 est
1701 4809 1784 4867 Chri-

164 4903 269 4952 terram.
289 4895 493 4951 »Manifestum
509 4895 638 4965 estquod
654 4894 755 4948 idcirco
778 4893 837 4947 haec
854 4892 949 4946 omnia
989 4891 1073 4952 stum.
1086 4884 1130 4937 cui
1143 4899 1226 4937 omne
1237 4885 1373 4954 judicium
1389 4885 1467 4940 dedit
1481 4887 1573 4944 Pater.
1590 4892 1708 4951 Jubetur
1718 4917 1786 4972 ergo

164 4986 331 5040 Hierusalem
350 4983 524 5042 sustinuerit,
542 4983 609 5053 quia
626 4989 811 5053 peccaverunt
829 4981 948 5036 Domino
990 4973 1145 5027 mansuetis
1159 4979 1189 5026 ut
1203 4979 1328 5043 quaevant
1343 4981 1530 5042 mansuetum,
1548 4985 1580 5033 ut
1599 4989 1672 5052 quod
1694 4989 1789 5046 minus

161 5076 276 5141 Christo,
290 5073 429 5128 tradendo
447 5088 511 5126 eum
526 5071 619 5125 morti.
634 5073 712 5126 Tunc
725 5071 948 5135 ambulaverunt,
990 5069 1033 5117 est
1048 5063 1076 5116 in
1087 5062 1152 5128 illis,
1167 5060 1202 5114 ab
1217 5061 1265 5114 iilo
1295 5061 1341 5131 qui
1369 5069 1411 5116 est
1422 5063 1557 5122 virtutum
1572 5073 1699 5130 omnium
1713 5079 1788 5148 linis,

161 5171 190 5218 ut
202 5162 277 5227 oeci,
291 5162 455 5232 ignorantes
470 5158 535 5231 quid
553 5165 684 5230 agerent;
699 5166 727 5213 et
739 5159 805 5230 quia
819 5159 950 5213 fuderant
991 5152 1160 5223 perficiatur·
1177 5150 1230 5205 Sed
1247 5156 1274 5202 et
1293 5150 1344 5204 ¹¹00
1367 5152 1527 5221 dicendum,
1558 5161 1631 5229 quod
1654 5164 1739 5233 justis
1761 5177 1790 5226 et

158 5252 322 5323 sanguinem
335 5249 546 5321 prophetarum,
564 5254 592 5302 et
602 5247 767 5318 sanguinem
778 5249 837 5316 ejus
848 5247 895 5318 qui
909 5254 951 5303 est
992 5240 1147 5294 mansuetis
1162 5239 1288 5309 loquens.
1304 5241 1385 5310 quasi
1397 5242 1552 5300 dubitative
1566 5248 1632 5303 dicit
1646 5271 1652 5306 ε
1670 5255 1698 5310 Si
1717 5259 1790 5316 sorte

157 5341 292 5396 Dominus
301 5339 512 5411 prophetarum,
533 5336 637 5391 idcirco
660 5337 764 5390 eilusus
781 5342 823 5390 est
835 5337 951 5406 sanguis
991 5329 1202 5386 abscondamini
1215 5329 1244 5382 in
1254 5329 1409 5385 dicturoris
1422 5333 1613 5407 Domini,quid
1624 5340 1673 5396 stet
1684 5344 1790 5417 depec.

157 5446 253 5486 eorum
268 5428 470 5491 sicutbumus,
484 5431 513 5482 et
535 5442 654 5497 corpora
685 5441 782 5480 eorum
801 5426 951 5494 jacuerunt
991 5421 1157 5477 tatoribus?

156 5518 302 5590 insepulta
314 5515 392 5570 velut
398 5520 531 5570 stercora.
545 5514 654 5570 Divitia
669 5529 885 5584 quoqueeorum
894 5513 951 5568 ini-
1030 5532 1042 5565 r
1059 5511 1132 5576 Quis
1146 5510 1221 5566 Gaza
1235 5512 1378 5569 destructa
1390 5515 1453 5582 erit,
1475 5521 1504 5570 et
1518 5516 1637 5574 Ascalon
1650 5521 1680 5578 in
1693 5524 1789 5580 deser·

277 5615 411 5678 Pateor..
433 5612 550 5679 cxvn.
1654 5624 1672 5682 *1
