3840 6098
136 266 190 328 393
501 266 692 325 Expostulo
707 270 746 325 IN
761 270 838 326 EPP.
857 273 885 327 S.
902 272 1018 327 PAULI.
1036 303 1070 312 -
1085 272 1124 327 IN
1139 272 1251 328 EPIST.
1266 274 1315 329 AD
1333 274 1418 330 iiOli.
1724 287 1776 346 394

136 394 261 450 Deiesse
276 410 332 448 non
348 408 447 465 posse:
464 391 575 455 Quare?
590 392 663 455 Quia
677 394 789 449 exclusa
801 401 830 449 et
840 396 1132 467 proculAstatuimus
1153 413 1204 451 nos
1227 404 1352 452 sanctam
1374 416 1443 459 ιιι-ει.
1460 402 1526 472 quia
1539 420 1556 458 a
1570 405 1629 460 Deo
1642 408 1709 466 data
1723 420 1775 483 est,

138 481 250 553 abjecta
268 486 313 537 est
325 482 370 536 lex
387 480 599 552 justificationis
620 481 820 538 sacrificiorum
843 484 871 538 in
883 501 939 555 qua
980 501 1042 555 qum
1055 484 1226 540 observanda
1247 487 1368 543 suitsuis
1383 492 1567 561 temporibus,
1580 497 1630 551 scd
1647 499 1706 568 jam
1717 519 1778 558 ces·

137 569 317 644 gloriabaris.
334 573 385 625 Par
398 586 484 639 quarn
500 571 766 637 ieqcrneaciuraest?
782 575 940 644 Interrogat
980 575 1051 628 sarit
1065 574 1093 629 in
1109 575 1258 647 mysteriis,
1276 586 1372 632 manet
1391 586 1485 635 tamen
1505 581 1533 637 in
1550 589 1715 659 praeceptis3
1736 595 1779 649 vel

139 661 245 717 iterium
259 660 388 716 Judaeum
403 664 436 714 ut
450 657 608 715 consideret
622 676 768 730 perquam
784 662 876 732 legem
891 679 939 716 ex·
980 663 1132 718 statuimus
1142 681 1204 718 cum
1216 683 1265 736 per
1276 666 1583 743 fideimquiaquidquii
1593 675 1642 730 illc
1650 681 1781 748 promisit

141 750 219 806 clusa
231 753 277 805 eat
289 750 332 804 lex
348 750 378 804 in
401 765 456 820 qua
468 747 653 819 gloriabatur.
675 750 836 821 iuterrogat
853 751 938 806 etiam
982 751 1016 805 de
1029 751 1150 817 Clnisto,
1171 770 1223 807 nos
1238 757 1436 813 confirmamus
1451 777 1547 815 rerum
1567 771 1595 818 et
1609 769 1780 839 completum

141 840 243 896 adhuc.
260 840 407 894 Factorum
418 845 430 892 l
443 837 526 892 idest
540 837 667 908 uunquid
683 855 733 909 per
746 839 837 910 legem
853 841 941 894 iacto·
983 857 1060 895 esse:
1073 848 1102 895 et
1115 842 1256 897 credimus
1267 843 1295 897 in
1307 845 1384 899 illum
1396 863 1479 917 quem
1496 849 1545 904 illa
1559 855 1782 923 promisitb'icut

140 943 203 984 rura
219 926 333 982 exclusa
347 932 399 990 est,
410 932 441 979 ut
455 924 512 978 alia
531 924 574 978 lex
593 941 644 995 pro
660 925 722 996 ipsa
741 926 808 980 data
819 927 866 993 sit,
881 944 942 998 quae
985 934 1027 983 cst
1042 928 1111 983 illud
1131 953 1136 982 e
1151 930 1320 1002 Prophetum
1331 935 1479 990 suscitabit
1491 938 1568 994 robis
1579 941 1655 998 Deus
1675 945 1710 1000 de
1724 947 1782 1004 ira-

143 1015 276 1073 similiter
293 1012 586 1069 moribuscarnalibus
605 1020 726 1068 constat.
746 1017 818 1076 Non,
836 1017 944 1085 scdpcr
985 1014 1189 1072 tribusrestris
1205 1020 1290 1080 ibent.
1318 1036 1364 1076 rx.
1383 1023 1416 1076 Et
1441 1024 1568 1081 iterum:
1596 1032 1658 1086 ron
1677 1036 1782 1104 deficiat

146 1108 228 1174 opem
242 1105 316 1172 fidei,
331 1103 360 1158 id
373 1109 416 1157 est
427 1118 482 1157 non
498 1119 548 1173 per
563 1102 654 1172 legem
677 1102 815 1160 sactorum
832 1105 944 1160 exclusa
982 1107 1111 1173 prinecps
1126 1123 1158 1159 aa
1169 1109 1242 1160 iuda
1256 1109 1339 1162 ‹torarc
1350 1115 1441 1164 eunici
1461 1118 1511 1180 qai
1527 1119 1678 1175 initiandus
1692 1128 1739 1186 est,
1758 1131 1783 1180 ct

145 1198 195 1257 aa,
217 1192 269 1248 sed
283 1208 334 1263 per
356 1191 449 1261 legem
464 1190 528 1245 ildei
550 1197 579 1246 et
593 1191 702 1246 Novum
721 1193 943 1249 Testamentum.
986 1195 1042 1260 ipsa
1062 1197 1115 1247 erit
1130 1199 1292 1263 easpcctatio
1308 1202 1433 1264 pontioni
1455 1202 1532 1270 (Gan.
1554 1213 1637 1274 xcix),
1655 1210 1782 1282 inquom

147 1281 294 1353 Simulque
307 1280 462 1335 notandum
488 1280 621 1351 quoniam
644 1297 699 1335 non
716 1281 797 1351 jubet
821 1283 895 1337 Deus
914 1288 947 1337 ut
987 1281 1070 1336 modo
1082 1287 1181 1353 gentes
1191 1284 1317 1342 credunt.

147 1370 298 1426 carnaliter
316 1368 562 1432 circumcidamur,
577 1368 626 1423 sed
643 1375 674 1423 ut
687 1370 741 1425 iuie
755 1377 832 1425 recta
856 1370 946 1443 bapti·
1294 1374 1411 1431 CAPUT
1425 1376 1473 1437 Ν.

147 1476 251 1526 mur,
262 1456 311 1514 ubi
324 1459 413 1530 gratis
422 1457 713 1513 cunctadimittuntur
728 1465 851 1530 peccata.
872 1462 946 1515 Dum
1024 1460 1097 1526 Ouid
1110 1461 1231 1516 diceano
1245 1480 1309 1532 erqo
1324 1469 1460 1522 triceni-nc
1472 1469 1614 1529 Abrabam
1623 1480 1732 1544 patrant
1741 1496 1788 1534 no-

150 1548 221 1603 enim
251 1546 322 1602 dixit
346 1566 352 1600 ε
385 1549 577 1602 renitentium
602 1550 684 1615 opita,
711 1549 946 1617 appropinquabit
987 1551 1078 1601 strunt
1089 1552 1415 1609 smitndurncarnrrn:id
1427 1564 1469 1612 est
1480 1561 1621 1629 quidboni
1632 1568 1790 1635 promeruit

150 1638 221 1691 mim
232 1652 351 1706 nquam
363 1640 493 1692 catorum
504 1637 678 1710 (liattbnn).
693 1637 756 1691 Non
764 1637 819 1692 ait:
831 1637 946 1693 Servate
987 1635 1129 1691 Abraham
1145 1645 1260 1712 propter
1274 1642 1515 1702 circumcisionem
1526 1654 1666 1707 carnalem
1677 1655 1689 1708 i
1699 1657 1725 1711 N
1727 1657 1786 1712 ihil.

150 1725 237 1798 legem
252 1725 414 1780 carnaliter·
957 1712 1058 1784 BQuia
1070 1725 1189 1779 necdum
1204 1734 1263 1781 crat
1279 1728 1461 1786 circumcisus
1477 1737 1589 1804 quando
1600 1739 1705 1808 placuit
1719 1742 1787 1811 Deo,

179 1816 376 1876 Arbitrantur,
388 1815 416 1869 id
426 1814 948 1887 estjudicamus,dehuimussivetesti-
990 1819 1016 1864 et
1029 1812 1127 1867 audire
1142 1816 1265 1870 mffl'ullss
1282 1817 1330 1872 Exi
1346 1819 1380 1873 ‘¹⁰
1394 1826 1471 1875 terra
1489 1830 1549 1890 lua,
1560 1833 1588 1880 el
1602 1828 1703 1885 1111111111
1719 1837 1747 1886 le
1762 1832 1791 1887 111

152 1904 276 1970 ficemur,
285 1907 442 1974 justificari
462 1905 601 1958 hoiuincrn
618 1919 668 1973 por
689 1907 770 1972 tidem
787 1907 902 1969 Christi,
917 1905 947 1960 in
988 1905 1101 1970 gentem
1124 1919 1255 1974 maguam
1273 1906 1346 1973 (Gari.
1364 1920 1424 1975 ιιι),
1441 1916 1469 1964 et
1483 1914 1558 1982 quod
1573 1917 1662 1988 magis
1681 1919 1736 1974 suit
1756 1921 1792 1977 da

153 1991 330 2065 baptismate,
340 1993 535 2061 sincopcribus
547 1991 655 2060 teqis,id
670 1992 949 2048 estsinecarnalibus
990 1988 1119 2044 Christo:
1142 1994 1176 2046 In
1191 1996 1296 2048 surreiae
1312 2002 1358 2049 tuo
1380 1999 1576 2056 benedicantur
1591 2022 1683 2061 orienes
1697 2015 1790 2076 pentes

154 2078 400 2136 observationibus.
418 2080 557 2135 Arbitrori
579 2086 622 2134 cst
641 2081 753 2152 proprie
765 2081 894 2152 judicare
908 2081 951 2136 sel
994 2078 1158 2150 (denarii).

155 2168 306 2223 testificari.
322 2168 403 2223 Unda
421 2167 521 2222 arbitri
535 2168 670 2223 dicuntur
681 2170 791 2239 judices
810 2176 839 2225 et
853 2175 950 2225 testes.
1028 2168 1061 2223 Si
1070 2171 1145 2222 anina
1159 2171 1301 2226 Abraham
1314 2189 1346 2226 ea
1359 2176 1486 2242 otltt'l'bui
1494 2181 1667 2246 tusllfiffllui
1675 2188 1723 2249 ⁶⁸²2
1740 2185 1792 2240 ¹²⁰·

156 2256 264 2312 Duobus
279 2257 370 2312 modis
383 2257 557 2327 justificatur
571 2257 656 2311 homo
671 2274 721 2329 per
737 2259 818 2313 iidem
835 2258 951 2314 Christi.
995 2256 1220 2323 betqtorioin,aezt
1233 2277 1289 2314 non
1302 2263 1377 2330 apud
1390 2265 1484 2317 Derane.
1496 2265 1616 2330 Quidam
1628 2270 1736 2327 codices
1746 2274 1796 2328 ha·

157 2344 233 2402 Verbi
257 2347 361 2418 gratia.
388 2347 418 2401 si
445 2346 531 2400 suerit
554 2345 616 2400 sine
633 2346 766 2418 operibus
789 2346 869 2402 bonis
888 2353 954 2402 aute
994 2342 1062 2399 bent
1080 2350 1246 2415 exoperibus
1261 2352 1337 2418 icqis,
1352 2352 1401 2406 sed
1417 2353 1487 2409 false
1506 2356 1640 2428 scriptum
1657 2367 1709 2414 est.
1731 2363 1794 2419 Non

158 2432 346 2507 baptismum:
369 2434 399 2490 in
420 2435 481 2507 ipso
503 2434 672 2507 baptismate
691 2436 874 2506 Justisicatur,
905 2442 955 2492 aut
995 2433 1071 2486 cuim
1095 2434 1138 2488 lex
1153 2435 1244 2491 adbuc
1259 2438 1325 2493 data
1338 2446 1408 2504 erat,
1425 2443 1479 2497 nisi
1493 2444 1564 2500 torte
1576 2446 1616 2500 ita
1635 2449 1672 2503 sit
1687 2450 1794 2507 intelli·

157 2526 235 2580 mam
252 2531 317 2598 post
327 2524 499 2597 baptismum
510 2525 571 2580 sin,
582 2525 652 2595 legis
662 2525 794 2596 operibus
806 2544 811 2579 ;
825 2529 953 2597 quaejam
995 2523 1117 2592 gendum
1132 2530 1164 2578 ut
1179 2526 1298 2590 dicatur,
1308 2531 1479 2600 exoperibus
1492 2533 1561 2604 legis
1571 2540 1796 2607 postendate.Et

157 2629 205 2671 uon
221 2620 291 2670 sunt
302 2614 484 2677 observanda,
499 2615 594 2684 justus
604 2612 733 2680 habetur,
743 2615 767 2668 si
777 2620 872 2670 tanuen
882 2633 955 2688 prae-
997 2618 1041 2666 est
1054 2629 1153 2666 sensus
1171 2631 1177 2665 :
1194 2614 1222 2669 Si
1238 2615 1379 2671 Abrabam
1401 2636 1433 2673 ex
1449 2622 1795 2696 operibussuisjustihca-

154 2711 232 2777 oepu
246 2703 344 2759 divina
358 2702 532 2757 custodierit,
551 2703 655 2758 Judaeqs
670 2703 857 2774 gloriantibus
870 2713 897 2759 et
912 2705 954 2758 di.
997 2704 1043 2754 tus
1057 2701 1117 2755 sine
1129 2703 1184 2756 side
1195 2713 1223 2756 rt
1237 2704 1297 2759 siue
1310 2707 1404 2776 gratia
1419 2709 1467 2762 Dei
1483 2726 1513 2764 se
1528 2715 1724 2782 praeveniente,
1742 2719 1794 2772 ha-

151 2792 463 2860 rentibus‚Dcusucrus
474 2797 583 2846 ctunus
593 2791 754 2847 iudaeorum
765 2798 875 2847 tantum
883 2793 957 2848 Deus
997 2787 1045 2843 bet
1060 2789 1171 2861 quidem
1183 2791 1303 2862 glorium
1318 2803 1345 2847 et
1359 2795 1471 2851 laudem
1486 2799 1560 2869 apud
1574 2818 1604 2854 se
1619 2802 1648 2856 in
1664 2807 1796 2874 prasenti

150 2888 202 2950 aet,
219 2881 324 2954 quibua
339 2880 417 2935 dedit
431 2880 533 2951 legem,
554 2886 583 2934 et
597 2880 698 2951 quibus
714 2881 817 2935 dieitur
833 2901 839 2935 :
870 2883 956 2937 Notus
997 2884 1026 2932 ct
1038 2878 1112 2949 apud
1127 2878 1265 2946 homines,
1281 2883 1403 2954 eoquod
1417 2887 1512 2955 justus
1535 2888 1619 2945 suerit
1634 2891 1704 2962 ipse,
1720 2894 1796 2965 apud

148 2974 181 3026 in
197 2973 295 3026 iadau
308 2971 389 3036 Dius,
406 2970 445 3024 ait
456 2969 616 3040 Apostolus.
998 2966 1086 3022 Deum
1102 2984 1166 3022 cero
1182 2977 1295 3025 nonest
1312 2972 1460 3029 laudabilis
1476 2992 1566 3049 noque
1589 2979 1643 3034 erit
1656 2981 1796 3040 futurum.

184 3064 233 3118 An
247 3060 408 3116 ludaeorum
431 3062 502 3114 Acus
527 3064 638 3112 tontum
657 3077 665 3112 :
681 3060 778 3113 h'onnc
792 3063 816 3112 ct
830 3027 1113 3126 qentiithQuarei
1128 3056 1276 3121 Quintiae
1298 3062 1350 3127 tide
1372 3065 1539 3131 impossibiie
1567 3072 1604 3121 cst
1622 3071 1729 3137 placere
1743 3073 1796 3128 Deo

143 3148 231 3206 Deus
246 3154 300 3211 est,
312 3149 340 3203 id
352 3157 396 3203 est
410 3147 536 3219 nunquid
553 3147 664 3202 iudaeos
674 3147 871 3211 soloscrenvit,
881 3151 912 3200 ut
922 3145 956 3200 de
1000 3145 1090 3214 (ilcbr.
1106 3150 1156 3213 ιιι).
1177 3145 1211 3200 Ιιι
1234 3164 1264 3202 se
1289 3159 1399 3219 ergoet
1415 3154 1489 3223 aqud
1511 3155 1640 3212 homines
1654 3158 1799 3218 habuisset

142 3235 211 3294 illis
224 3238 423 3294 tantummodo
442 3252 539 3291 curam
557 3236 658 3306 gerat?
672 3238 730 3291 Iino
745 3241 768 3290 ot
782 3233 956 3304 pontianum
998 3233 1140 3290 Abraham
1153 3236 1274 3307 gloriam
1290 3244 1319 3292 et
1338 3239 1449 3295 laudem
1472 3259 1523 3314 pro
1543 3246 1603 3301 suis
1618 3249 1759 3319 operibus,
1775 3251 1800 3306 si

143 3332 198 3382 est
210 3327 303 3383 multo
323 3326 413 3397 magis
426 3324 553 3396 gentium
567 3325 642 3380 Deus
666 3331 718 3390 est,
741 3324 868 3378 uidelicet
891 3323 957 3394 quia
995 3323 1167 3393 justificatus
1183 3325 1283 3381 suisset
1297 3327 1358 3382 sine
1371 3329 1426 3385 fide
1438 3332 1497 3387 suis
1512 3334 1652 3406 operibus,
1668 3339 1799 3396 sicutilla

142 3416 238 3471 multi
252 3415 432 3471 crediderunt
447 3415 515 3479 Deo,
531 3419 560 3468 et
574 3414 742 3485 placuerunt
759 3429 792 3467 ex
805 3411 958 3484 gentilibus
998 3412 1153 3483 pharisaeus
1167 3415 1352 3485 gloriabatur,
1368 3419 1415 3489 qui
1426 3437 1489 3475 cum
1512 3423 1661 3493 publicano
1672 3427 1702 3482 in
1724 3433 1798 3484 tem-

144 3510 310 3578 antequam
325 3503 418 3559 Judaei
441 3503 471 3558 in
486 3502 628 3557 Abraham
648 3501 767 3556 tuissent
781 3501 861 3557 electi
882 3506 911 3556 et
929 3501 958 3556 in
999 3501 1076 3571 plum
1091 3503 1266 3558 ascenderat.
1292 3505 1359 3560 Fuit
1382 3523 1452 3578 opus
1473 3509 1591 3568 Abraha
1611 3513 1796 3572 circumcisio.

144 3602 264 3650 sortem
278 3593 331 3649 Dei
346 3591 493 3662 assumpti,
510 3591 584 3646 sieut
594 3591 673 3658 Abel,
688 3592 760 3654 Noe,
775 3593 851 3657 Seru,
866 3590 917 3645 iob
930 3596 957 3644 ct
1001 3590 1021 3644 F
1024 3591 1066 3645 uit
1076 3591 1173 3663 utique
1189 3592 1344 3663 obsignum
1356 3612 1465 3667 magnae
1476 3598 1620 3669 hdeisua3
1636 3603 1685 3658 scd
1701 3610 1796 3662 tamen

145 3683 241 3739 amici
253 3682 433 3755 ejua,aliique
443 3697 527 3753 quum
539 3682 635 3752 plures
647 3696 717 3752 quos
728 3679 873 3751 Scriptura
881 3696 958 3734 com·
1000 3685 1151 3750 antequam
1167 3681 1425 3750 circumcideretur,
1446 3693 1511 3742 ante
1524 3704 1541 3742 a
1553 3689 1611 3744 Deo
1625 3691 1731 3749 electus
1745 3707 1797 3760 est,

147 3778 308 3836 memorat,
324 3772 367 3826 rel
381 3787 452 3842 quos
470 3770 555 3825 etiam
569 3769 676 3836 reticet,
690 3769 748 3824 siro
763 3769 791 3823 in
803 3769 856 3822 hoc
871 3769 958 3823 multo
1000 3767 1119 3839 ideoque
1134 3786 1189 3824 non
1206 3787 1238 3824 ex
1252 3771 1383 3843 oporibus
1392 3775 1564 3844 justificatus
1578 3786 1630 3846 est,
1642 3782 1692 3837 sed
1706 3800 1757 3854 per
1768 3787 1800 3840 il·

146 3863 249 3935 magis
264 3862 339 3917 Deus
347 3860 476 3932 gentium
487 3865 540 3923 est,
554 3859 688 3931 quoniam
703 3858 888 3928 multoplures
901 3873 958 3911 cre·
999 3856 1072 3911 dein.
1087 3856 1168 3912 Unda
1182 3857 1325 3929 Scriptura
1342 3877 1396 3914 ιιοιι
1411 3874 1612 3922 commemorat
1628 3885 1714 3941 opera
1725 3874 1797 3944 ejus,

147 3941 230 4006 dunt
247 3951 279 4006 in
302 3966 368 4005 eum
392 3966 425 4003 ex
443 3948 576 4020 gentibus
591 3965 675 4019 quom
695 3963 727 4000 ex
750 3945 864 4001 iudaeis.
885 3947 958 4001 Num
999 3947 1047 4000 sed
1067 3946 1161 4000 sideru.
1176 3945 1336 4018 Sequitur:

146 4041 232 4100 quod
255 4041 318 4113 ipse
346 4038 385 4094 sit
411 4038 486 4093 Deus
499 4037 627 4109 gentium
642 4036 779 4092 ieremias
799 4035 960 4090 manifestat
1037 4036 1491 4104 Qraeutscrtpturauntt?ereatura
1503 4044 1715 4112 Abrabambeo,
1731 4050 1799 4107 obe·

144 4117 254 4186 dicens
264 4148 271 4183 :
282 4131 351 4198 Quis
366 4129 540 4183 nontimebit
554 4131 586 4193 to,
605 4127 818 4195 obrepentium
830 4131 842 4178 t
852 4126 959 4194 (Jeru.)
1000 4124 1080 4178 diens
1092 4124 1238 4195 praeceptis
1259 4124 1345 4187 illius,
1363 4128 1429 4198 quia
1453 4129 1538 4186 exirit
1559 4133 1593 4188 de
1608 4143 1683 4191 terra
1697 4155 1758 4207 sua,
1771 4150 1800 4198 ct

183 4216 548 4289 Quhnmmqoidemunus
562 4217 890 4284 Drusmtqaijuatifiaat
906 4217 959 4269 cir·
1001 4213 1036 4267 de
1052 4212 1237 4284 promissione
1252 4210 1332 4269 Isaac
1356 4222 1384 4270 et
1400 4217 1503 4274 Christi
1528 4222 1648 4279 credidit
1671 4228 1747 4298 quod
1774 4230 1800 4287 ei

143 4309 354 4365 &metatoriam
371 4324 403 4362 aa
413 4309 465 4375 lida
480 4311 574 4362 etnon
585 4322 619 4360 ex
633 4305 766 4376 operibus
781 4310 902 4370 vocatos,
919 4302 1072 4399 vindicii
1089 4302 1163 4356 Deus
1178 4324 1183 4355 ;
1196 4304 1229 4357 ln
1243 4306 1347 4358 seiteina
1362 4309 1407 4359 tuo
1423 4307 1616 4366 beriedicontur
1629 4330 1723 4371 amites
1735 4335 1803 4386 qen·

142 4383 260 4454 letica
273 4414 307 4453 ex
325 4396 430 4453 iudaeis
445 4395 492 4469 qui
506 4394 664 4451 circumcisi
688 4393 875 4467 appellantur,
894 4409 961 4466 pro·
1004 4396 1050 4446 trs.
1068 4392 1103 4446 Et
1124 4391 1191 4463 quia
1204 4393 1320 4447 credidit
1332 4395 1383 4448 ltro
1398 4403 1558 4465 reputatum
1572 4408 1609 4456 est
1631 4407 1658 4458 ei
1668 4406 1803 4475 adjusti-

143 4479 222 4543 μοι·
241 4485 386 4544 Abraham
402 4486 453 4558 qui
473 4485 581 4557 primus
601 4484 709 4556 accepit
738 4500 811 4550 caini,
831 4484 865 4537 dc
882 4484 962 4554 cujus
1003 4483 1084 4541 tiam,
1100 4480 1129 4536 id
1145 4487 1187 4535 est
1201 4481 1240 4536 ad
1251 4482 1444 4539 remissionem
1464 4496 1652 4558 peccatorum,
1671 4496 1739 4566 quia
1753 4513 1804 4568 per

143 4565 299 4650 ltirpeilii
313 4576 533 4632 descenderunt.
1003 4570 1092 4640 ipsam
1119 4570 1203 4625 Adam
1225 4588 1282 4641 qua
1302 4573 1431 4640 credidit,
1453 4575 1548 4645 justus
1572 4580 1687 4636 euectus
1702 4589 1754 4649 est,
1775 4591 1805 4640 et

183 4659 229 4720 Et
235 4668 408 4738 preputium
415 4681 465 4734 per
475 4666 565 4734 fldem,
577 4664 606 4719 id
617 4669 661 4719 est
669 4664 815 4718 credentes
825 4679 858 4717 ex
873 4659 963 4734 genti·
1003 4659 1182 4732 postmodum
1196 4661 1439 4716 circumcisionem
1460 4665 1569 4736 accepit
1580 4667 1608 4720 in
1619 4669 1732 4740 signum
1744 4690 1803 4730 sua

143 4737 207 4804 bns
221 4755 271 4829 qui
280 4771 298 4810 n
307 4754 412 4811 Judaeis
426 4753 596 4825 preputium
608 4751 790 4808 vocabantur.
803 4751 881 4817 Quod
894 4751 964 4806 dicit
1000 4748 1117 4820 justitia
1131 4766 1186 4819 qua
1195 4750 1366 4819 justificatus
1380 4749 1472 4805 fuerat
1481 4770 1531 4822 per
1546 4755 1640 4812 fidem.

147 4845 179 4884 w
194 4845 265 4908 lide,
279 4844 356 4899 idem
370 4850 414 4898 est
427 4848 456 4898 et
472 4858 523 4912 par
538 4843 630 4911 Acirim
643 4841 709 4914 quia
722 4841 873 4912 Apostolus
888 4857 961 4912 saepe
1038 4839 1078 4893 m·
1089 4843 1182 4892 tautam
1197 4841 1247 4908 qni
1264 4846 1404 4908 operatur,
1414 4857 1513 4895 enerues
1529 4859 1585 4899 non
1596 4848 1756 4915 imputatur
1768 4868 1807 4908 aa·

149 4933 255 4988 mutat
263 4931 471 5005 propositiones
480 4931 510 4986 in
520 4947 577 4987 uno
592 4947 686 4986 seusu.
710 4932 801 4998 trqcrn
820 4946 883 4999 erqo
895 4945 962 5000 prm·
1003 4928 1127 4981 curidum
1137 4929 1319 4995 qratiamaed
1329 4928 1485 4982 seeundum
1496 4931 1808 4997 debitumilxhumana

153 5022 319 5087 ceptorum,
338 5020 474 5076 subaudis
492 5035 554 5093 quae
579 5018 670 5074 dicit:
688 5021 790 5087 Ditiqes
808 5021 961 5073 Dominum
1004 5016 1207 5071 cousuetudine
1223 5016 1310 5070 sumit
1320 5017 1608 5090 exemplumquando
1624 5030 1808 5098 operantibus

159 5097 252 5166 heum
266 5117 348 5167 epum
358 5129 367 5175 ,-
382 5115 412 5166 et
428 5131 435 5165 :
456 5111 539 5174 Audi,
557 5111 655 5167 Isrart.
671 5109 742 5163 Drus
764 5124 840 5161 unus
853 5113 901 5168 est,
919 5110 962 5163 de·
1005 5104 1158 5161 seeundum
1175 5105 1306 5159 meritum
1315 5105 1416 5160 danius
1425 5110 1629 5178 mercedem,et
1639 5117 1744 5174 nullam
1757 5138 1809 5176 no·

165 5190 301 5256 utronno,
322 5216 373 5270 per
385 5199 477 5268 simin,
503 5204 532 5254 et
545 5213 596 5270 per
616 5197 725 5252 Novum
740 5196 965 5252 Testamentum.
1008 5194 1050 5250 bia
1066 5203 1155 5265 agunt
1168 5194 1290 5265 gratiam
1305 5211 1311 5246 :
1328 5210 1384 5248 non
1400 5198 1583 5267 operantibus
1594 5220 1659 5259 sero
1670 5207 1693 5260 si
1708 5207 1810 5267 damus

172 5278 440 5345 Abriti’racaretin
450 5285 733 5356 hoclocoApostolus
752 5284 966 5340 aestimationem
1008 5284 1123 5355 aliquod
1139 5281 1315 5346 beneficium,
1330 5299 1385 5338 ιιοιι
1401 5301 1517 5352 merces,
1534 5289 1582 5342 sed
1601 5294 1716 5362 gratia:
1732 5297 1809 5354 ideo-

178 5367 400 5435 trinominem
411 5381 506 5447 tapam,
527 5374 663 5432 subaudis
679 5379 893 5447 praeceptorum,
910 5381 967 5429 sta.
1010 5389 1064 5444 que
1078 5371 1236 5443 gratiamur
1246 5369 1281 5424 ab
1295 5369 1360 5425 iliis.
1379 5372 1413 5426 Et
1426 5378 1470 5428 est
1485 5391 1586 5431 sensus
1602 5397 1608 5431 :
1625 5381 1655 5436 Si
1669 5381 1810 5441 Abraham

183 5464 285 5535 tutam,
300 5467 329 5522 id
348 5473 392 5523 est
405 5467 615 5531 confirmamus,
628 5471 656 5520 et
667 5464 828 5528 laudamus,
840 5469 869 5518 et
881 5480 899 5518 a
910 5464 968 5518 Deo
1010 5468 1125 5535 propter
1139 5476 1225 5532 opera
1240 5475 1292 5514 sua
1307 5466 1403 5532 posset
1414 5462 1566 5533 justificari
1579 5465 1641 5522 aiae
1653 5472 1745 5540 gratia
1758 5473 1809 5528 Dei

189 5547 268 5612 datam
283 5556 412 5625 dicimus,
422 5556 466 5612 rel
477 5556 562 5612 etiam
573 5567 687 5610 omnem
699 5554 788 5626 legem
798 5553 970 5626 generaliter
1011 5567 1041 5606 sc
1057 5548 1252 5622 praeveniente,
1270 5554 1299 5604 et
1316 5549 1379 5604 sine
1393 5550 1457 5616 tide,
1474 5568 1536 5625 qun
1556 5553 1641 5609 edam
1664 5560 1754 5628 gratia
1768 5559 1810 5616 illi

288 5655 420 5719 Panaca.
442 5654 562 5717 cxvii.
1653 5656 1690 5715 ¹³
