3818 6104
179 303 229 361 ιιι
392 300 582 356 neruosis
600 274 844 352 nlnssasmr.
865 292 978 349 serso.
998 291 1079 347 orn.
1099 291 1191 346 rans
1210 290 1233 346 1.
1255 321 1286 334 -
1306 290 1492 347 connum.
1514 291 1607 348 sinn.
1764 293 1817 351 aa

216 448 228 479 ι
246 424 281 481 Et
298 424 402 498 peribit
410 424 477 495 luga
491 422 618 486 areloce,
633 427 662 474 et
675 420 753 474 sortis
772 435 827 473 non
838 416 1006 478 obtinebitA
1015 418 1157 475 Samariae.
1174 422 1203 470 et
1215 416 1438 470 videteinsanias
1448 419 1551 472 multas
1565 418 1594 472 in
1607 419 1702 473 medio
1712 420 1819 489 ejus.et

178 516 311 571 virtutem
326 530 416 579 suam,
442 521 470 566 et
492 510 622 565 robustus
637 525 691 562 non
711 507 830 561 salvabit
848 507 972 560 animam
1017 507 1186 560 calumniam
1199 505 1337 576 patientes
1350 505 1378 558 in
1394 506 1584 574 penetralibus
1594 509 1699 577 ejus,el
1710 508 1818 564 nescie-

178 620 269 669 suam,
283 609 311 657 et
322 608 421 657 tenens
434 616 529 655 arcum
543 615 598 654 non
615 597 709 662 stabit,
726 601 755 650 et
768 595 845 649 velox
856 595 973 666 pedibus
1013 601 1081 649 runt
1092 595 1184 649 lacere
1202 601 1321 657 rectum,
1336 593 1405 647 dicit
1417 594 1554 650 Dominus
1568 597 1654 661 Deus,
1668 598 1814 652 thesauri·

177 709 234 748 non
249 691 411 754 salvabitur,
429 695 457 743 et
471 703 602 742 ascensor
616 686 680 757 equi
704 702 760 739 non
782 684 900 738 salvabit
914 683 971 737 ani·
1014 688 1109 737 nantes
1128 683 1306 753 iniquitatem
1331 688 1358 736 et
1381 683 1495 753 rapinas
1521 684 1550 738 in
1578 685 1686 739 sedibus
1705 686 1775 740 suis.
1799 704 1814 739 ι

175 798 252 837 mam
272 795 363 844 suam,
379 784 408 832 et
427 777 557 831 robustus
580 774 664 828 corde
683 774 758 828 inter
772 772 858 826 lortes
879 773 972 826 nudus
1013 772 1116 825 nzorus
1127 772 1329 842 intorpretatur
1343 773 1564 842 igniapopulum
1577 773 1816 842 gentiumexhor-

176 870 265 941 lugiet
278 869 308 922 in
322 868 367 922 die
378 867 436 927 illa,
452 864 520 919 dicit
543 864 688 918 Dominus.
707 880 720 915 ι
746 862 805 916 lloc
819 861 972 915 secundum
1012 865 1091 913 tatur
1104 867 1136 914 ut
1147 865 1332 930 congregetur
1346 875 1431 929 super
1443 859 1577 930 populum
1590 861 1764 926 Judaeorum,
1782 859 1816 916 ut

177 957 302 1012 historiae
318 956 400 1010 tidem
416 961 483 1008 tunc
496 953 643 1022 impletum
655 956 706 1007 est.
720 950 833 1021 quando
843 949 877 1004 ob
891 949 972 1003 meri·
1013 947 1106 1003 videat
1120 950 1194 1003 mala
1205 966 1266 1019 quae
1281 949 1341 1019 ipse
1354 948 1429 1014 lecit,
1446 954 1476 1002 ut
1490 948 1550 1019 ipse
1565 950 1687 1021 populus
1700 951 1814 1008 Judaeo·

141 1048 144 1053 ’
174 1051 236 1101 tum
251 1049 428 1116 peccatorum
438 1041 561 1112 Assyriis
575 1040 617 1094 vel
628 1039 735 1093 caeteris
749 1038 880 1109 gentibus
893 1038 921 1091 in
931 1038 972 1091 di·
1012 1050 1074 1088 rum
1091 1037 1184 1104 justas
1206 1037 1397 1107 querimonias
1412 1036 1544 1090 adversus
1559 1037 1648 1092 Deum
1664 1054 1694 1094 se
1709 1039 1813 1097 habere

173 1135 330 1205 reptionem
347 1137 414 1187 sunt
427 1130 534 1185 traditi.
551 1127 727 1183 Generaliter
740 1144 805 1181 rero
816 1143 900 1196 super
909 1143 971 1180 om·
1012 1139 1066 1178 non
1080 1131 1169 1195 putet,
1181 1142 1232 1196 pro
1242 1142 1275 1180 eo
1286 1125 1360 1196 quod
1372 1126 1435 1180 illos
1444 1125 1561 1180 tradidit
1573 1127 1600 1180 in
1611 1127 1809 1198 direptionem.

174 1239 224 1279 nes
238 1222 434 1292 delinquentes
456 1218 509 1272 hoc
529 1217 602 1287 quod
620 1216 754 1282 minatur,
771 1216 800 1269 in
814 1215 859 1270 die
870 1214 969 1286 judicii
1011 1213 1187 1268 Calumniam
1201 1231 1312 1285 quoque
1328 1215 1476 1285 patiuntur
1489 1215 1518 1269 in
1533 1216 1726 1286 penetralibus
1739 1219 1811 1290 ejus,

171 1317 321 1366 venturum
332 1314 383 1364 est.
1011 1301 1068 1356 sive
1075 1303 1270 1373 opprimuntur
1282 1303 1532 1374 simplicesquique
1542 1305 1729 1370 credentium,
1742 1306 1810 1361 dum

475 1395 592 1450 CAPUT
615 1393 665 1448 III.
1010 1392 1121 1445 nomine
1147 1392 1272 1447 veritalis
1296 1392 1417 1447 haeretici
1446 1393 1542 1446 volunt
1567 1393 1755 1458 mendacium,
1782 1401 1811 1450 et

210 1487 334 1543 ehudite
344 1485 458 1540 verbum
473 1484 546 1557 quod
557 1484 666 1536 locutus
680 1487 724 1534 est
733 1480 872 1535 Dominus
886 1496 970 1550 super
1010 1479 1124 1533 omnino
1138 1487 1244 1534 rectum
1268 1481 1360 1534 facere
1381 1480 1518 1545 nesciunt,
1538 1481 1606 1550 quia
1625 1482 1810 1552 perdiderunt

170 1571 573 1645 voe,tilii1srael,superomni
587 1570 765 1640 cognatione,
779 1585 862 1640 quam
874 1568 970 1622 eduxit
1010 1568 1153 1622 tramitem
1169 1570 1305 1629 veritatis,
1323 1585 1374 1623 nec
1388 1569 1504 1624 credent.
1516 1569 1548 1623 in
1562 1586 1626 1623 eum
1645 1571 1694 1642 qui
1720 1571 1807 1627 dicit:

170 1666 297 1720 deterre
311 1663 435 1736 AEgypti,
451 1663 555 1724 dicens,
573 1659 770 1714 tantummodo
784 1675 832 1711 vos
853 1656 969 1725 cognovi
1012 1675 1024 1707 a
1040 1657 1099 1726 Ego
1111 1674 1173 1710 sum
1184 1659 1296 1713 veritas.
1313 1676 1326 1711 ι

168 1770 202 1808 ex
221 1753 350 1809 omnibus
372 1749 585 1822 cognationibus
607 1756 698 1808 torrae,
723 1746 827 1800 idcirco
847 1744 999 1828 visitaboB
1045 1763 1058 1795 ι
1072 1745 1224 1816 Propterea
1238 1747 1298 1801 haec
1310 1747 1376 1801 dicit
1390 1746 1526 1802 Dominus
1535 1748 1609 1801 Deus
1626 1765 1632 1799 :
1648 1748 1807 1805 Tribulabi·

166 1857 314 1913 supervos
329 1855 426 1894 omnes
441 1838 603 1908 iniquitates
614 1840 728 1889 vestras.
745 1853 760 1887 ι
777 1835 835 1888 Ηοε
849 1851 904 1887 non
919 1849 965 1887 so·
1007 1840 1055 1887 tur
1073 1840 1102 1888 et
1109 1835 1260 1890 circuietur
1268 1844 1354 1901 terra,
1370 1842 1397 1890 et
1411 1837 1576 1891 detrahetur
1589 1853 1621 1891 ex
1632 1854 1662 1892 se
1671 1838 1806 1896 fortitudo

165 1929 225 1984 lum
240 1930 275 1984 de
289 1928 402 1990 ludaeis,
419 1928 470 1982 sed
480 1927 515 1980 de
536 1923 665 1980 omnibus
686 1923 791 1983 electis,
809 1940 878 1993 quos
891 1923 966 1977 Deus
1007 1927 1056 1977 tua
1083 1930 1111 1978 ot
1121 1925 1291 1995 diripientur
1302 1927 1375 1980 mdes
1386 1932 1450 1981 tute.
1466 1925 1615 1980 »Haeretiei
1630 1931 1805 1997 quoqueter-

79 2075 82 2088 ,
165 2018 353 2089 omnipotens,
369 2017 446 2071 velut
460 2020 540 2086 pater
553 2013 635 2078 filios,
647 2012 676 2066 in
691 2012 743 2065 hac
760 2011 815 2063 vita
829 2010 963 2080 flagellat,
1007 2027 1075 2064 rena
1087 2013 1238 2083 sapientes,
1254 2021 1303 2069 aut
1325 2014 1538 2069 tribulabuntur
1549 2015 1579 2068 in
1593 2015 1639 2068 die
1650 2015 1761 2084 judicii,
1777 2021 1806 2071 et

164 2104 343 2160 sentiendum
358 2110 411 2157 est.
1004 2101 1095 2154 omnis
1104 2117 1200 2156 corum
1213 2103 1349 2157 fortitudo
1359 2102 1804 2174 tenuabitur,etdiripienturquae

202 2191 361 2263 «Nunquid
375 2189 561 2244 ambulabunt
576 2189 632 2242 duo
656 2187 770 2257 pariter,
788 2186 842 2240 nisi
861 2203 961 2241 convc-
1004 2187 1161 2243 habuerant
1174 2190 1208 2243 de
1219 2192 1334 2263 rapinis,
1351 2199 1383 2247 ut
1395 2191 1550 2246 liberentur
1563 2193 1659 2263 populi
1674 2193 1803 2263 quosdc·

163 2281 239 2336 norit
251 2280 353 2335 illisio
370 2278 421 2333 Isti
436 2279 522 2349 igitur
536 2278 591 2331 duo
606 2276 655 2346 qui
665 2275 716 2329 sibi
733 2275 920 2335 consentiunt,
935 2280 962 2330 et
1005 2284 1147 2347 ceperant.
1164 2281 1221 2333 hut
1234 2287 1309 2335 certe
1320 2298 1370 2352 per
1384 2281 1457 2335 viros
1466 2281 1668 2336 ecclesiasticos
1679 2281 1803 2352 quotidie

163 2370 193 2424 iu
209 2370 253 2424 vie
266 2368 370 2423 Christi
386 2368 491 2438 pariter
512 2367 669 2431 ambulant,
692 2369 810 2434 uterque
829 2364 959 2435 populus,
1004 2365 1391 2423 tribulabunturtestimoniis
1403 2370 1621 2440 Scripturarum,
1632 2376 1661 2424 et
1674 2370 1803 2426 detrahe·

160 2459 215 2513 hoc
228 2464 279 2525 est,
296 2475 329 2512 ex
350 2455 561 2512 circumcisione
578 2460 605 2509 et
629 2455 766 2525 praeputio
787 2453 962 2523 intelligendi
1004 2461 1052 2508 tur
1061 2472 1093 2508 ex
1104 2457 1144 2510 eis
1157 2457 1292 2512 fortitudo
1300 2458 1527 2529 syllogismorum
1538 2465 1565 2513 et
1577 2458 1725 2513 verborum
1738 2475 1802 2514 acu·

161 2555 236 2602 sunt.
1002 2545 1301 2615 torum,quibussuum
1318 2548 1419 2616 dogma
1434 2547 1660 2612 firmaverant,ut
1671 2547 1718 2619 qui
1728 2549 1801 2620 rapti

198 2657 209 2688 ι
226 2636 359 2706 Nunquid
375 2635 467 2706 rugiet
478 2635 521 2688 leo
536 2633 658 2686 insallu.
675 2631 730 2684 nisi
745 2629 875 2684 habuerit
887 2649 960 2701 prae·
1002 2631 1113 2685 luerent
1126 2633 1160 2686 de
1176 2635 1308 2699 Ecclesia,
1325 2635 1358 2689 ad
1375 2635 1526 2689 Ecclesiam
1542 2641 1729 2691 revertantur.

159 2724 224 2779 dam
238 2726 250 2779 l
264 2724 398 2796 Nunquid
414 2723 492 2777 dabit
502 2722 612 2776 catulus
623 2720 711 2774 leonis
721 2737 813 2773 vocem
827 2720 861 2772 de
876 2719 959 2774 cubili
1039 2721 1128 2773 nHaec
1142 2721 1208 2775 dicit
1223 2723 1514 2794 Dominus,quomodo
1529 2725 1552 2777 si
1562 2731 1644 2779 eruat
1658 2727 1799 2797 pestorde

157 2829 219 2879 suo,
234 2813 289 2868 nisi
304 2813 409 2884 aliquid
420 2809 687 2882 comprehenderit?
703 2809 791 2875 nLeo,
809 2808 956 2877 diabolus;
1000 2824 1049 2862 ore
1064 2808 1153 2861 leonis
1168 2809 1223 2863 duo
1238 2827 1332 2877 crura,
1347 2819 1397 2865 aul
1420 2817 1577 2866 extremum
1597 2814 1741 2879 auriculae,
1760 2815 1800 2869 sic

156 2903 268 2957 catulus
283 2903 383 2964 leonis,
398 2901 550 2955 multitudo
573 2898 782 2952 immundorum
806 2897 957 2968 spirituum
999 2898 1188 2954 cruenturltlii
1201 2897 1288 2953 lsrael
1298 2900 1345 2969 qui
1358 2900 1521 2955 habitantia
1532 2901 1660 2956 Samaria
1671 2902 1700 2956 in
1714 2904 1798 2973 plaga

157 2991 300 3061 capientes
320 2991 453 3061 praedam,
477 2989 586 3043 anirnas
607 2987 734 3040 videlicet
759 2988 953 3057 reproborum,
998 2986 1101 3052 lectuli,
1117 2994 1147 3043 et
1158 2989 1186 3042 in
1206 2989 1334 3043 Damasci
1347 2989 1474 3058 grabato.
1489 3010 1501 3040 ι
1516 2990 1738 3045 lloosccundum
1754 2993 1799 3046 hi·

157 3095 219 3148 quae
238 3079 377 3133 unitatem
389 3078 452 3132 fidei
469 3095 519 3149 per
534 3076 702 3130 discordiam
714 3077 857 3140 ariiittunt,
872 3093 904 3130 ac
915 3095 955 3132 εε-
998 3077 1113 3130 storiam
1126 3079 1154 3132 in
1165 3078 1269 3132 ludaeis
1282 3077 1455 3147 temporibus
1465 3079 1628 3134 vastationis
1637 3096 1736 3134 eorum
1748 3082 1797 3134 im·

156 3182 221 3220 cum
236 3183 284 3220 eas
298 3166 326 3220 in
342 3165 506 3220 barathrum
522 3164 711 3217 damnationis
727 3165 854 3218 trahunt.
996 3165 1101 3234 pletum
1118 3167 1203 3221 luisse
1219 3183 1273 3220 non
1286 3165 1402 3220 dubium
1416 3173 1478 3221 est·
1496 3169 1648 3222 secundum
1660 3186 1726 3223 vero
1741 3176 1797 3225 tro-

198 3255 362 3326 «Nonquia
383 3255 465 3309 cadet
479 3254 537 3307 avis
550 3253 579 3306 in
599 3253 730 3323 laqueum
754 3258 836 3307 terrae
849 3253 955 3324 absque
996 3254 1148 3324 pologiam,
1175 3256 1209 3309 de
1228 3255 1373 3309 vocatione
1393 3256 1520 3324 gentium
1544 3257 1722 3312 sentiendum
1743 3265 1795 3326 est,

155 3344 287 3416 aucupe?
302 3343 429 3415 nunquid
446 3343 573 3397 aufertur
596 3342 714 3410 laqueus
728 3342 762 3394 de
778 3347 854 3395 terra
873 3349 955 3397 ante·
996 3359 1080 3413 quas«
1092 3352 1188 3414 pastor
1198 3344 1477 3415 bonus,quianimam
1487 3362 1566 3399 suam
1575 3363 1624 3416 pro
1632 3347 1796 3403 ovibussuis

157 3451 241 3505 quarn
258 3433 324 3505 quid
340 3433 468 3504 ceperit?
487 3452 498 3484 n
520 3430 650 3501 Laqueus
667 3438 747 3484 torrae
762 3447 811 3484 seu
825 3432 951 3501 aucupis,
995 3433 1083 3502 ponit,
1101 3453 1111 3482 r
1130 3435 1165 3487 de
1187 3451 1234 3488 ore
1259 3433 1347 3487 lconis
1369 3433 1430 3496 lhoc
1453 3440 1496 3488 cst
1515 3433 1627 3500 diaboli)
1650 3437 1726 3491 eruit
1744 3437 1796 3492 :in

157 3522 286 3578 diabolus
311 3522 511 3591 intelligendus
527 3526 578 3580 est,
599 3520 645 3589 qui
666 3519 694 3572 in
710 3519 830 3573 terrenis
845 3520 953 3574 actibus
995 3537 1085 3582 crura,
1099 3522 1246 3576 doctores:
1264 3522 1294 3576 in
1304 3528 1459 3576 extremum
1477 3539 1541 3576 vero
1550 3525 1695 3592 auriculae,
1710 3526 1795 3580 audi·

153 3629 203 3667 seu
217 3629 267 3683 per
278 3611 445 3665 discordiam
457 3609 584 3667 unitatis,
594 3609 696 3661 electos
707 3608 852 3661 volutatos
867 3609 951 3679 capit.
994 3615 1069 3664 tores
1086 3611 1234 3681 significat.

192 3720 207 3754 ι
221 3701 251 3756 Si
265 3700 378 3769 clanget
393 3697 459 3752 tuba
477 3699 504 3750 in
519 3698 640 3750 cisimte.
657 3703 685 3748 et
699 3696 819 3766 populus
839 3713 893 3749 non
908 3714 953 3750 ex·
1031 3719 1041 3749 ι
1061 3701 1162 3754 hudite
1177 3707 1204 3755 et
1219 3701 1414 3756 contestamini
1426 3702 1455 3755 in
1466 3703 1651 3764 domoJacob,
1662 3703 1731 3758 dicit
1739 3706 1793 3760 Do-

152 3789 304 3861 pavescat?
320 3788 349 3843 Si
363 3787 416 3843 erit
427 3788 533 3840 malum
547 3786 574 3838 in
595 3784 716 3843 civitate,
729 3784 802 3854 quod
815 3785 952 3839 Dominus
992 3787 1276 3854 minusexercituum,
1293 3790 1358 3860 quia
1373 3791 1401 3844 in
1417 3790 1461 3844 dio
1477 3808 1539 3845 cum
1554 3792 1667 3845 visitare
1682 3809 1793 3865 ampelo

151 3895 208 3933 non
225 3878 310 3932 fecitl
331 3896 344 3930 ι
370 3876 511 3948 Quidquid
532 3875 606 3928 onim
622 3873 650 3927 in
669 3872 821 3943 Scripturis
835 3874 950 3939 sanctie,
993 3879 1241 3946 praevaricationes
1257 3879 1342 3932 lsrael
1352 3895 1511 3949 supereum
1533 3879 1650 3933 visitabo
1665 3887 1693 3935 et
1707 3899 1793 3954 super

149 3966 219 4023 tuba
232 3967 420 4023 comminans:
430 3966 535 4019 malum
547 3969 640 4018 autem
655 3962 729 4034 quod
742 3962 877 4016 Dominus
887 3964 955 4017 lacit
993 3964 1093 4019 altaria
1110 3967 1216 4031 bethel,
1237 3972 1266 4020 et
1288 3966 1511 4036 amputabuntur
1524 3983 1629 4021 cornua
1638 3969 1746 4035 altaris,
1764 3977 1793 4026 et

150 4055 180 4110 in
197 4056 319 4122 civitate,
332 4072 389 4111 non
402 4055 574 4109 contrarium
586 4059 629 4107 est
643 4052 751 4117 virtuti,
771 4052 952 4108 afflictionem
992 4055 1093 4108 cadent
1107 4055 1134 4108 in
1146 4064 1261 4112 terram.
1278 4061 1307 4110 ct
1328 4055 1481 4125 percutiam
1502 4056 1614 4110 domum
1639 4058 1791 4114 hiemalem

150 4150 244 4199 autem
260 4152 289 4198 et
307 4147 449 4198 cruciatus
463 4143 608 4197 hominum
623 4141 772 4211 significat.
991 4159 1053 4196 curn
1076 4143 1159 4198 domo
1181 4144 1285 4205 aestiva,
1302 4149 1330 4197 et
1345 4142 1476 4214 peribunt
1490 4144 1591 4198 domus
1605 4143 1745 4212 eburneae,
1762 4153 1792 4202 et

189 4252 200 4283 ι
218 4232 290 4295 Quia
303 4248 359 4284 non
374 4231 457 4293 faciet
471 4231 606 4284 Dominus
623 4230 696 4283 Deus
710 4228 892 4292 ver·bum,nisi
908 4247 951 4284 re·
992 4231 1204 4301 dissipabuntur
1216 4234 1289 4287 aedes
1305 4233 1410 4296 multae,
1421 4232 1488 4286 dicit
1505 4232 1672 4287 Dominusn
1683 4236 1789 4292 Secun-

147 4320 281 4375 velaverit
293 4325 431 4374 secretum
444 4319 574 4380 suum,ad
588 4333 681 4370 servos
694 4333 759 4370 suos
769 4316 919 4386 prophotas
934 4337 947 4370 v>
990 4319 1056 4372 dum
1074 4320 1217 4374 historiam
1232 4321 1260 4374 in
1273 4320 1376 4375 Judaeis
1391 4319 1536 4391 impletum
1561 4338 1621 4376 csse
1636 4323 1787 4393 credimus,

145 4411 209 4464 Non
220 4408 295 4480 quod
305 4407 400 4462 omnia
410 4408 516 4461 revelet
527 4409 601 4461 Deus
611 4406 866 4477 prophetie,queein
878 4396 980 4461 coeloD
989 4409 1144 4463 secundum
1159 4426 1306 4479 anagogen
1320 4426 1385 4463 vero
1399 4410 1434 4463 de
1449 4410 1586 4464 haereticis
1607 4413 1787 4469 sentiendum

144 4499 270 4554 lecturus
286 4504 337 4563 est,
350 4498 393 4550 rel
408 4503 474 4550 ante
483 4497 541 4566 jam
558 4496 632 4561 lecit,
647 4496 695 4550 sed
710 4511 744 4549 ea
758 4501 867 4549 tantum
885 4512 945 4566 quae
988 4504 1039 4560 est,
1056 4497 1102 4566 qui
1113 4498 1301 4568 praetermisso
1312 4497 1394 4551 altari
1407 4498 1529 4557 Domini.
1548 4500 1622 4570 quod
1636 4507 1680 4555 cst
1692 4502 1787 4558 unitas

143 4589 269 4645 facturus
284 4588 321 4641 sit
336 4586 364 4641 in
376 4587 459 4640 terris
471 4585 614 4640 revolavit.
985 4585 1060 4647 fidei,
1077 4586 1198 4656 plurima
1213 4587 1314 4641 altaria
1327 4587 1389 4651 sibi,
1406 4604 1462 4641 non
1470 4588 1529 4642 Deo
1543 4594 1719 4644 construunt.
1733 4592 1788 4647 Do·

181 4699 192 4732 ι
210 4680 265 4733 Leo
276 4677 378 4748 rugiet,
393 4676 456 4747 quis
468 4673 812 4729 nontimebitlDomlnus
823 4674 944 4729 Deuslo-
985 4691 1063 4728 mum
1080 4692 1144 4731 vero
1160 4676 1309 4731 hiemalem
1331 4684 1381 4730 aut
1401 4677 1534 4732 aestivam.
1552 4683 1637 4748 atquo
1655 4681 1743 4734 lsrael
1757 4687 1787 4736 et

142 4774 224 4822 cutus
239 4773 292 4832 est,
308 4767 371 4838 quis
387 4783 444 4820 non
459 4763 660 4837 prophetabit?
686 4782 698 4814 ι
716 4763 778 4817 Scio
792 4765 941 4834 quemdam
983 4765 996 4818 J
1001 4765 1094 4828 udarir,
1112 4771 1162 4819 aut
1176 4772 1251 4820 certe
1266 4766 1400 4837 populum
1415 4765 1580 4822 Judaeorum
1596 4773 1626 4822 ct
1637 4768 1784 4825 haereticos

139 4856 169 4909 in
195 4857 254 4911 suis
273 4854 409 4925 scriptum
430 4853 639 4910 commentariis
659 4851 817 4922 reliquisse,
831 4854 941 4909 leonem
981 4855 1153 4925 praefigurat.

138 4945 299 5016 rugientem
310 4944 451 4998 diabolum
460 4943 718 5014 intelligendum,et
728 4941 886 5012 rugientem
896 4944 940 5000 his
1290 4980 1407 5035 CAPUT
1422 4981 1459 5036 lv

137 5034 185 5105 qui
200 5032 317 5104 perituri
330 5038 398 5086 sunt
410 5034 499 5087 Deum
515 5039 609 5088 autem
620 5032 668 5103 qui
684 5031 809 5101 loquitur
818 5048 939 5103 perpro·
1466 5025 1472 5038 ’

135 5121 245 5193 phetas.
261 5121 436 5175 referendum
459 5137 521 5174 csse
549 5123 584 5176 ad
606 5124 696 5176 Deum
711 5121 890 5186 salvatorem,
904 5128 937 5176 ut
1016 5142 1029 5173 a
1044 5123 1334 5180 Auditeverbumhoc
1348 5142 1437 5180 vaccae
1451 5126 1581 5197 pingues
1596 5143 1657 5197 quae
1668 5129 1737 5184 estis
1751 5130 1779 5184 ιιι

134 5210 275 5283 quomodo
291 5209 329 5262 illi
339 5210 368 5262 in
383 5209 487 5262 malam
497 5214 606 5278 partem
623 5211 743 5264 audiunt
755 5209 844 5264 leonis
858 5212 935 5282 rugi·
977 5216 1071 5265 monte
1085 5213 1231 5280 Samariae,
1253 5231 1315 5285 quae
1331 5214 1500 5269 calumniam
1520 5216 1611 5270 facitis
1632 5218 1738 5287 egenis,
1753 5227 1782 5273 ot

131 5306 203 5365 tum,
219 5303 248 5353 et
261 5298 412 5368 capiuntur
426 5295 455 5349 in
471 5303 601 5362 mortem,
618 5297 658 5351 sic
681 5299 771 5352 sancti
787 5299 815 5352 in
831 5297 932 5355 bonam
975 5300 1151 5370 confringitis
1166 5319 1314 5373 pauperes,
1331 5319 1393 5372 quae
1408 5303 1501 5358 dicitis
1514 5304 1636 5359 dominis
1650 5306 1753 5361 vestris
1770 5326 1776 5360 :

130 5393 240 5461 partem
255 5387 344 5441 Deum
361 5384 568 5456 praecipientem
581 5385 697 5440 audiant
711 5393 740 5441 et
753 5387 906 5442 salventur.
967 5388 1083 5453 Allerte,
1096 5397 1125 5444 et
1138 5389 1276 5446 bibemus.
1293 5392 1306 5446 J
1312 5391 1403 5446 oravit
1412 5392 1549 5448 Dominus
1559 5394 1635 5448 Deus
1643 5393 1671 5448 in
1679 5401 1777 5451 sancto

166 5497 180 5528 a
193 5475 329 5531 Auditum
343 5473 427 5529 facite
442 5473 471 5527 ιιι
485 5472 591 5528 adibus
604 5474 693 5538 Azoti,
718 5483 747 5530 et
767 5477 797 5530 in
819 5478 926 5533 aedibus
967 5494 1028 5543 suo,
1049 5479 1114 5549 quia
1127 5496 1190 5534 ecce
1206 5481 1267 5535 dies
1283 5480 1396 5535 venient
1410 5498 1496 5553 super
1517 5500 1576 5545 vos,
1599 5488 1627 5537 et
1642 5474 1779 5541 levabant

127 5563 481 5639 terraeAEgypti,etdicite=
493 5561 710 5635 Congregamini
720 5580 805 5637 super
814 5574 926 5624 montes
965 5583 1014 5624 vos
1026 5568 1057 5625 ιιι
1071 5569 1171 5637 contis,
1187 5573 1216 5625 et
1238 5568 1374 5643 reliquias
1388 5577 1495 5628 vestras
1510 5572 1547 5628 in*
1563 5572 1627 5629 ollis
1640 5573 1762 5631 ferventi
