3818 6104
130 266 178 324 193
594 265 804 322 suessano
822 265 862 321 ΙΝ
881 265 1050 322 Hasacuo
1070 265 1301 325 paerstitit.
1420 288 1440 299 ··
1470 310 1473 317 ι
1499 289 1526 301 ··
1715 270 1766 333 194

127 388 271 460 liroquasi
283 390 406 461 quodam
416 391 517 462 plausu
529 407 647 445 manum
661 389 830 460 tripudians.
848 391 930 445 Citri-
938 398 961 455 Α
973 397 1095 462 potestas
1113 392 1249 447 innuitur.
1263 391 1408 447 Maledixit
1428 392 1505 447 Deus
1518 393 1636 465 sceptris
1648 396 1720 466 ejus,
1735 399 1765 459 id

127 483 201 533 stum
215 479 349 533 laudarit.
971 486 1014 534 est
1026 480 1116 551 impii,
1132 480 1158 533 io
1177 489 1220 535 cst
1240 498 1327 551 regno
1358 487 1386 534 et
1399 481 1533 551 potestati
1555 483 1626 552 ejus.
1643 482 1766 556 Impium

166 588 177 618 r
196 568 283 622 Solet
299 568 367 622 luna
382 574 523 623 steterunt
535 569 564 623 in
579 570 739 626 habitaculo
753 588 814 626 suo.
832 570 931 623 ›Juxta
971 575 1077 633 autem,
1089 571 1242 624 secundum
1263 569 1416 640 superioris
1437 570 1590 640 prophetiae
1602 578 1765 642 tractatum,

126 656 264 721 litteram,
289 661 322 711 ut
346 655 471 711 Isidorus
490 658 567 717 dicit.
580 666 644 730 post
667 661 740 714 diem
757 659 854 730 judicii
874 674 930 712 non
971 657 1057 715 idest,
1066 658 1235 728 specialiter,
1245 659 1326 728 juxta
1349 658 1482 723 litteram,
1497 659 1766 730 Nabuchodonosor,

128 745 237 800 occidet
252 745 295 799 sol
308 752 337 800 et
351 745 418 800 luna
439 746 513 800 intra
541 753 631 803 terras
657 748 860 810 descendendo,
882 748 930 801 sed
973 747 1014 799 rel
1028 747 1200 815 generaliter
1213 763 1325 801 omnem
1336 747 1431 818 populi
1445 746 1492 801 liei
1503 747 1705 813 adversarium,
1716 770 1768 808 seu

126 850 241 904 semper
252 850 338 905 super
350 839 440 888 terras
451 835 610 904 parebunt;
625 838 667 892 sol
683 837 931 908 quideminorien-
971 832 1063 904 ipsum
1074 833 1216 888 diabolum
1235 851 1388 905 possumus
1401 835 1537 905 accipere.
1552 836 1594 889 Dc
1608 852 1663 907 quo
1676 838 1769 894 adhuc

126 928 162 983 te,
180 923 250 976 luna
276 923 305 976 in
330 923 474 978 occidente
488 925 564 978 omni
579 927 685 980 mundo
701 927 862 996 conspicua,
879 942 930 980 nec
971 923 1112 993 sequitur:
1129 922 1237 993 «Capiti
1244 923 1410 978 bellatorum
1420 925 1491 994 rjus,
1509 945 1520 974 ι
1535 924 1670 981 subaudis
1682 929 1769 983 malc-

130 1011 181 1065 sob
192 1018 285 1066 terras
293 1012 472 1077 descendent,
483 1013 622 1069 neinferis
631 1016 726 1070 lumen
741 1032 823 1071 suurn
835 1023 930 1070 osten·
970 1011 1073 1066 dixisti.
1091 1013 1153 1065 Non
1165 1013 1255 1066 solum
1269 1013 1384 1083 linquit)
1398 1013 1515 1083 sceptris
1528 1014 1600 1083 ejus,
1616 1015 1665 1069 sed
1679 1017 1766 1072 etiam
1850 1034 1862 1051 ³

127 1100 205 1154 dant.
216 1101 326 1155 ditiore
337 1117 421 1155 sensu
435 1102 518 1156 :ssol
530 1108 558 1156 et
570 1103 640 1158 luna
653 1110 795 1159 steterunt
808 1104 837 1158 in
853 1103 932 1158 habi·
970 1101 1023 1171 ipsi
1038 1101 1123 1171 capiti
1139 1102 1212 1172 quod
1226 1118 1413 1172 percusseras,
1429 1103 1604 1158 maledixisti.
1622 1106 1769 1177 Caputau·

128 1189 222 1242 tacqu
231 1205 293 1254 suo,
311 1189 405 1260 »quia
413 1189 541 1243 Christus
551 1191 598 1262 qui
614 1208 696 1246 vertis
710 1198 753 1246 est
766 1193 817 1257 sol,
835 1209 930 1247 resur·
970 1195 1027 1242 tem
1049 1189 1217 1244 bellatorum
1242 1189 1379 1252 diabolus,
1404 1198 1614 1260 persecutorum
1630 1194 1769 1267 Ecclesiae,

127 1277 931 1348 gensamortuis.habitaculumcoeliconscendit31una
972 1279 1069 1349 quales
1096 1279 1210 1332 luerunt
1228 1279 1312 1342 Nero,
1338 1279 1529 1341 Domitianus.
1557 1283 1704 1354 caeterique
1719 1284 1767 1356 qui

128 1383 202 1425 aero,
217 1367 247 1420 id
258 1374 301 1420 est
312 1367 444 1428 Ecclesia,
462 1368 489 1421 in
507 1369 561 1423 lide
574 1386 658 1440 quam
680 1371 815 1442 percepit,
830 1371 929 1424 devote
969 1367 1111 1438 publicam
1127 1368 1349 1439 persecutionem
1361 1368 1489 1427 Ecclesia
1504 1368 1674 1426 indixerunt.
1691 1373 1769 1427 ‹Ve-

127 1463 154 1506 et
164 1454 332 1509 inconcusse
347 1457 510 1526 permansit.
525 1458 604 1521 Quod
623 1460 748 1529 apertius
756 1460 819 1514 ‚alia
836 1467 929 1514 trans·
970 1456 1121 1519 aientibus,
1141 1456 1190 1509 tid
1208 1456 1309 1527 estqui
1322 1456 1481 1519 veniebant,
1500 1477 1511 1509 ι
1527 1464 1560 1512 ut
1573 1459 1684 1522 turbon
1696 1461 1770 1518 sicut

128 1542 195 1596 latio
209 1543 280 1597 dicit
296 1563 301 1596 :
317 1545 446 1599 Elecatus
461 1546 502 1598 sol
519 1547 547 1600 in
563 1553 628 1601 ortu
642 1565 703 1608 suo.
718 1554 747 1602 et
772 1550 838 1603 luna
851 1549 931 1602 stetit
971 1550 1125 1616 tempestas
1139 1561 1202 1599 cum
1227 1551 1336 1600 terrore
1360 1546 1457 1607 nimio,
1471 1565 1484 1597 c
1496 1547 1532 1601 ad
1549 1547 1771 1619 dispergendum

128 1630 156 1683 iu
172 1631 274 1685 ordine
284 1649 345 1686 suo.
359 1649 373 1684 c
389 1635 420 1687 ln
443 1635 504 1687 lucc
524 1635 691 1704 sagittarum
706 1644 821 1691 tuarum
831 1638 928 1704 ibunt,
972 1649 1027 1696 mc,
1046 1653 1057 1684 ι
1074 1634 1102 1687 id
1118 1639 1162 1687 est
1176 1632 1313 1687 unitatem
1327 1641 1429 1689 sancta
1445 1636 1769 1698 Faclcsite-eExsultatio

129 1718 156 1773 in
172 1720 325 1791 splendore
339 1722 511 1791 fulgurantis
529 1724 617 1778 hastae
631 1731 695 1779 tua.
713 1744 726 1777 ι
744 1726 819 1781 Ordo
832 1725 929 1780 serbo·
941 1738 1080 1812 Beorum,
1097 1742 1111 1773 o
1126 1722 1153 1775 id
1169 1726 1213 1775 est
1225 1728 1436 1792 persecutorum
1454 1741 1467 1775 t
1487 1724 1561 1778 sicut
1584 1718 1647 1796 'ejus
1662 1729 1710 1798 qui
1722 1731 1769 1785 de·

129 1822 192 1861 rum
206 1813 251 1861 est
268 1823 274 1858 :
292 1809 407 1879 Sagittae
432 1817 487 1865 tuce
515 1818 544 1865 et
562 1813 837 1868 hastaetuaeialuce
856 1821 885 1868 et
902 1813 930 1868 in
974 1819 1050 1865 vorat
1065 1827 1217 1881 pauperem
1245 1812 1274 1864 in
1302 1811 1504 1865 abscondito-a
1525 1813 1768 1876 Quemadmodum

130 1896 281 1966 splendore
296 1897 467 1967 fulgurantis
481 1899 570 1955 ibunt.
585 1901 701 1971 Sagittae
724 1908 752 1955 et
766 1901 854 1956 uasto
868 1902 929 1968 Dei,
972 1904 1069 1970 raptor
1083 1899 1213 1963 exsultat,
1244 1916 1307 1953 cum
1333 1916 1484 1970 pauperem
1513 1903 1591 1957 nullo
1610 1904 1721 1961 vidente
1739 1912 1769 1963 ct

131 1986 251 2056 apostoli
262 1992 340 2053 sunt,
352 1988 419 2058 quia
434 1989 508 2043 sicut
521 1990 631 2059 sagitta
645 1996 673 2043 ct
688 1991 774 2045 hastae
793 1991 932 2060 refulgent
972 1988 1107 2042 auxilium
1124 1987 1231 2041 serente
1247 1988 1358 2058 spoliat,
1383 1989 1424 2043 ita
1443 1997 1636 2060 persecutores
1659 2003 1770 2052 sancto·

131 2082 159 2128 ct
179 2074 342 2130 vulnerant.
371 2077 410 2130 sic
433 2078 552 2148 apostoli
580 2078 756 2147 refulgebant
778 2079 929 2145 miraculis,
972 2093 1036 2132 rum
1050 2075 1222 2146 gaudebant,
1237 2081 1372 2147 tanquam
1388 2078 1446 2131 Deo
1462 2095 1519 2132 non
1546 2079 1700 2137 ridenteet
1718 2101 1769 2141 na·

133 2162 321 2217 vulnerabant
337 2165 571 2234 praedicamentis,
595 2167 794 2222 denuntiantes
809 2173 933 2238 peccato-
972 2165 1158 2235 scienthuos
1171 2164 1338 2235 affligerent.
1355 2166 1450 2221 Potest
1462 2168 1514 2222 hoc
1526 2174 1555 2223 ct
1568 2169 1603 2223 de
1613 2172 1689 2226 omni
1704 2189 1769 2243 per·

133 2252 210 2306 ribus
225 2258 332 2307 aterna
349 2254 496 2325 supplicia.
508 2255 599 2308 Aliter
614 2273 620 2307 :
638 2256 709 2309 «Sol
730 2261 757 2309 et
772 2256 839 2311 luna
850 2262 933 2310 stete·
972 2271 1052 2308 verso
1067 2253 1131 2316 dici,
1146 2253 1195 2323 qui
1209 2269 1272 2307 curn
1286 2253 1400 2324 impune
1412 2262 1507 2326 peccat
1521 2258 1649 2323 exsultat,
1666 2265 1770 2331 putans

135 2349 200 2395 runt
208 2342 238 2395 in
249 2342 471 2396 habitaculosuo
485 2344 602 2398 »ODeus
612 2345 618 2397 !
630 2344 672 2397 sol
683 2345 793 2408 etluna,
804 2349 833 2398 et
842 2345 933 2398 omnis
972 2343 1062 2397 Deum
1074 2358 1103 2395 se
1119 2358 1200 2412 posse
1216 2341 1312 2408 latere,
1324 2346 1353 2396 et
1362 2359 1423 2413 quaa
1438 2344 1496 2414 agit
1505 2345 1646 2415 ignorare.

137 2430 268 2499 splendor
281 2430 438 2499 signorum,
455 2447 509 2502 quo
526 2433 603 2502 prius
623 2432 783 2487 illustrabas
799 2435 932 2504 populum
1012 2431 1114 2484 ellium
1128 2429 1217 2484 seeisti
1225 2431 1253 2484 in
1263 2431 1334 2485 mari
1346 2432 1426 2502 equis
1435 2433 1500 2488 tuis.
1523 2453 1536 2486 a
1557 2436 1627 2507 Equi
1642 2438 1770 2497 Deisunt

138 2524 226 2581 tuum,
232 2520 291 2589 jam
302 2520 570 2591 malorumponderc
580 2528 609 2574 ct
620 2521 739 2592 quodam
752 2521 931 2576 tenebrarum
974 2519 1093 2591 apostoli
1106 2519 1256 2590 ceterique
1267 2519 1472 2589 praedicatores,
1485 2522 1586 2593 quibus
1607 2526 1682 2581 Deus
1695 2528 1770 2583 viam

140 2606 652 2678 horrorecoopertaerant3teautem
668 2617 831 2681 apparente,
847 2616 933 2665 stete-
975 2608 1040 2663 iecit
1056 2609 1083 2661 in
1098 2608 1182 2669 mari,
1197 2607 1249 2660 hoc
1277 2613 1321 2661 est
1336 2608 1366 2662 in
1394 2610 1509 2675 mundo,
1532 2614 1566 2665 ut
1587 2615 1771 2682 possentdis-

142 2702 203 2750 runt
216 2697 243 2750 in
255 2697 416 2750 habitaculo
430 2687 560 2763 su0,'hoc
582 2705 634 2764 est,
659 2705 826 2771 receperunt
839 2700 933 2771 splen·
975 2713 1088 2751 currere
1100 2713 1150 2767 per
1162 2695 1266 2749 orbem.
1295 2696 1394 2766 Neque
1419 2697 1493 2752 enim
1518 2698 1572 2768 ipsi
1599 2703 1770 2758 sua-virtute

145 2783 232 2839 domm
240 2786 409 2839 etrirtutem
420 2802 508 2840 suam.
524 2787 606 2841 ibunt
616 2787 711 2857 itaque
725 2788 801 2843 haud
816 2788 932 2842 dubium
974 2787 1009 2840 ad
1023 2791 1063 2840 tot
1073 2791 1100 2840 et
1115 2792 1209 2839 tantas
1233 2800 1321 2839 saeras
1344 2785 1471 2840 nationes
1495 2787 1650 2856 potuissent
1668 2792 1770 2860 pradi-

148 2875 233 2944 populi
251 2874 348 2928 tideles
374 2873 403 2927 in
431 2874 492 2928 lucc
516 2875 683 2944 sagittarum
709 2883 834 2941 tuarum,
855 2882 882 2930 et
902 2877 931 2930 in
973 2875 1062 2929 cando
1075 2874 1179 2936 venire,
1197 2873 1252 2927 nisi
1263 2873 1310 2927 ille
1323 2872 1434 2928 fecisset
1449 2875 1769 2942 veniam,dirersitatem

150 2962 283 3031 splendore
297 2963 469 3032 fulgurantis
479 2964 566 3017 hasta
581 2970 637 3018 tuae
649 2983 655 3029 3
668 2965 720 3018 boc
736 2972 788 3028 est,
804 2965 932 3020 ambula·
971 2961 1097 3032 gentium
1108 2961 1160 3015 sub
1171 2978 1227 3015 uno
1240 2962 1430 3016 Romanorum
1446 2963 1565 3034 imperio
1584 2967 1770 3027 conciliando.

152 3047 210 3104 bunt
222 3067 270 3120 per
281 3051 336 3105 iter
347 3052 433 3121 hujus
449 3052 510 3106 vita
529 3053 557 3105 in
573 3053 634 3107 luce
649 3059 850 3123 praceptorum
866 3024 960 3108 tuo·C
975 3051 1238 3120 ‹Inlutoaquarum
1247 3051 1401 3104 multarum
1418 3069 1451 3117 ς»
1478 3052 1505 3105 id
1517 3053 1598 3108 estin
1610 3054 1771 3113 idololatria

154 3154 212 3203 run,
225 3156 284 3211 quae
294 3141 374 3194 velut
389 3141 497 3208 sagitta
511 3146 561 3194 aut
575 3142 663 3195 hasta>
679 3142 826 3196 vulnerant
839 3142 875 3196 ad
889 3159 932 3196 sa·
972 3139 1125 3193 multarum
1133 3139 1261 3209 gentium
1271 3137 1362 3193 fecisti
1372 3140 1600 3210 predicatoribus
1613 3143 1670 3199 tuis
1684 3145 1768 3216 riam,

157 3225 235 3290 lutem,
249 3229 283 3282 ad
300 3229 351 3282 hoc
365 3234 483 3293 terrent,
495 3236 527 3282 ut
540 3229 701 3283 emendent.
973 3234 1005 3281 ut
1018 3245 1080 3281 eam
1095 3234 1261 3298 spernerent
1285 3234 1313 3282 et
1326 3229 1407 3298 quasi
1433 3230 1524 3285 lutum
1550 3234 1770 3291 conculcandum

184 3319 235 3371 «ln
258 3317 372 3371 irernitu
402 3318 576 3371 conculcabis
601 3325 715 3372 terram.
735 3338 747 3371 a
764 3318 796 3373 ln
813 3319 932 3373 terribili
975 3318 1187 3373 annuntiarent.
1703 3361 1704 3365 η

158 3406 332 3473 predicatione
359 3407 550 3474 apostolorum
579 3406 754 3463 conculcabis
767 3413 882 3470 terram,
904 3408 933 3462 id
1013 3405 1228 3461 «Audirisnon
1240 3424 1309 3462 aure
1324 3406 1459 3479 corporis.
1476 3410 1525 3464 scd
1538 3409 1682 3468 intellectu
1692 3429 1772 3470 meu·

160 3498 197 3555 cst,
210 3501 330 3548 conteres
340 3494 426 3548 corda
451 3502 628 3549 terrenorum
650 3496 805 3550 hominum.
825 3515 838 3549 a
855 3499 890 3551 Et
904 3497 933 3551 in
973 3494 1020 3549 tis.
1032 3495 1067 3549 Et
1076 3511 1138 3565 quae
1147 3495 1276 3550 audivit‘.l
1289 3498 1327 3551 lia
1342 3496 1470 3551 videlicet
1488 3515 1550 3569 quae
1573 3501 1682 3556 aPatre
1696 3502 1772 3558 dicta

160 3579 239 3638 lurore
253 3606 264 3635 ι
277 3586 304 3639 id
320 3592 364 3639 est
373 3585 471 3653 judicii
481 3586 712 3642 cornminatione.
974 3589 1041 3638 sunt
1052 3583 1131 3646 Filio,
1144 3584 1247 3654 deejus
1258 3585 1402 3638 nativitate
1416 3591 1445 3639 et
1459 3588 1598 3656 passione,
1617 3606 1674 3659 qua
1687 3607 1771 3645 mun-

188 3673 408 3744 ·Obstupelacies
422 3680 545 3745 gentess'
559 3692 644 3745 regna
660 3682 773 3730 terrena
784 3680 933 3730 etomnem
974 3671 1040 3725 dum
1056 3672 1254 3741 redempturus
1264 3680 1333 3727 erat.
1349 3693 1360 3724 ι
1379 3674 1413 3727 Et
1426 3676 1609 3731 conturbatus
1618 3684 1661 3732 est
1674 3684 1773 3735 venter

163 3762 237 3815 nundi
243 3769 410 3832 potestatem
421 3764 517 3817 mirari
528 3763 717 3827 laciosQuiau
729 3781 859 3834 egressus
870 3781 908 3829 es,
920 3784 931 3815 t
975 3775 1069 3824 mcus;
1087 3780 1100 3809 a
1115 3758 1143 3812 id
1160 3770 1202 3813 est
1216 3760 1374 3814 intellectus
1385 3777 1472 3825 rocus,
1487 3780 1537 3817 cur
1546 3764 1675 3820 videlieet
1684 3783 1771 3823 ausus

164 3847 241 3904 cbeus
255 3853 346 3916 Pater,
363 3872 375 3901 r
391 3853 420 3905 in
446 3853 564 3906 salutern
588 3854 684 3923 populi
699 3853 751 3919 tui,
772 3855 800 3907 in
813 3855 933 3907 salutem
975 3847 1076 3901 luerim
1092 3848 1298 3918 reprehendero
1310 3848 1416 3918 judicia
1444 3851 1504 3915 Dt‘b
1521 3868 1585 3907 cum
1607 3853 1694 3908 etiam
1709 3856 1770 3926 ipse

165 3950 210 3991 mm
222 3940 328 3995 Christo
343 3947 403 4005 tuo,
416 3958 430 3993 a
446 3940 526 3994 idest
540 3958 603 3994 cum
615 3940 685 3995 Filio
705 3947 765 4005 tuo,
781 3958 864 4013 quem
878 3959 935 4013 prae
969 3935 1025 3989 uei
1040 3935 1062 3988 F
1063 3935 1138 3998 ilius,
1155 3936 1203 4006 qui
1219 3942 1363 4006 peccatum
1380 3953 1435 3991 non
1448 3937 1555 4001 habuit,
1571 3947 1652 3995 tanta
1665 3949 1695 3997 et
1713 3950 1772 3999 tam

167 4026 381 4083 omnibussanctis
390 4029 539 4099 singularis
549 4029 647 4100 gratiae
657 4030 808 4084 chrismate
818 4029 933 4083 unxisti.
976 4023 1091 4094 indigna
1106 4023 1141 4077 ab
1153 4024 1275 4095 indignis
1289 4024 1464 4079 sustinuerit.
1479 4045 1492 4077 u
1505 4027 1772 4094 Avocaoubaudis

166 4109 256 4170 bteoim
268 4118 480 4189 Apostolusait:
495 4119 699 4173 sDeuseratin
714 4119 837 4183 Christo,
852 4134 968 4198 mun-D
979 4112 1063 4180 hujus
1077 4112 1239 4173 auditionis,
1254 4119 1513 4169 «contremuerunt
1539 4115 1615 4173 labia
1630 4134 1693 4173 mea
1712 4138 1724 4171 r
1740 4124 1774 4175 ut

167 4199 215 4257 duo
223 4207 401 4262 reconcilians
410 4206 473 4261 sibi.
489 4230 500 4255 ·
515 4226 527 4257 ‹
540 4207 705 4261 Percussisti
715 4207 843 4279 capotde
853 4207 937 4262 como
979 4200 1055 4254 ultra
1069 4201 1129 4271 jam
1153 4218 1209 4256 non
1223 4202 1356 4257 aucorem
1382 4202 1458 4273 toqui
1472 4210 1522 4259 aut
1532 4207 1675 4276 conqueri,
1686 4224 1774 4279 quare

167 4285 232 4361 inpii.
250 4315 260 4347 r
279 4296 381 4368 Caput,
397 4296 552 4367 principem
577 4296 663 4366 hujus
689 4295 786 4350 mundi
800 4315 806 4349 :
818 4296 936 4355 ,domum
974 4288 1044 4357 justi
1055 4288 1218 4359 affligantur
1231 4288 1260 4343 in
1289 4290 1402 4345 mundo.
1421 4311 1434 4343 e
1458 4288 1639 4363 ingrediatur
1655 4297 1775 4366 putredo

167 4375 239 4449 ipsius,
266 4385 402 4439 mundum
424 4385 484 4439 sire
505 4385 628 4438 animam
655 4383 817 4455 peccatoris,
835 4384 938 4454 inqua
978 4377 1007 4430 in
1020 4377 1129 4431 ossibus
1158 4378 1237 4444 meis,
1264 4384 1292 4433 ct
1320 4378 1417 4435 subter
1438 4397 1482 4435 me
1506 4388 1647 4438 scateat«
1673 4385 1775 4442 Certus

168 4468 255 4527 relutin
264 4491 315 4529 suo
325 4473 477 4545 requiescit
488 4473 618 4544 hospitio.
635 4473 797 4527 Percutitur
809 4489 876 4543 ergo
890 4488 937 4526 ea·
975 4466 1035 4535 jam
1051 4466 1267 4537 prophetaquod
1282 4467 1386 4523 idcirco
1398 4469 1489 4523 sancti
1508 4470 1632 4527 adversis
1646 4489 1776 4530 exercen-

168 4568 203 4623 put
212 4561 240 4613 de
254 4564 336 4618 domo
349 4562 440 4634 impii,
458 4567 490 4617 ut
499 4562 547 4616 illo
559 4578 700 4632 percusso.
715 4563 765 4616 fiat
776 4562 877 4616 doinus
886 4560 937 4615 Dei
977 4561 1025 4610 tur
1036 4555 1064 4608 in
1078 4555 1131 4609 hac
1145 4556 1210 4615 vita.
1223 4568 1255 4610 ut
1271 4556 1410 4611 adversm
1424 4558 1550 4635 requiem
1560 4560 1591 4614 in
1605 4561 1775 4632 aliaperdu·

168 4646 315 4705 athabitatio
326 4651 453 4720 iustitiae.
472 4668 484 4699 o
500 4650 656 4704 Denudasti
665 4651 880 4704 tundamentum
892 4666 942 4715 uss
978 4649 1087 4703 cantur,
1099 4643 1167 4698 dicit
1181 4643 1301 4698 libenter
1315 4663 1344 4698 sc
1360 4646 1428 4699 velle
1444 4646 1499 4715 pati
1511 4646 1605 4701 omnia
1611 4651 1771 4720 contrarie;

168 4738 241 4800 quoad
257 4741 391 4793 collum.»
408 4739 513 4793 Omnes
525 4739 643 4815 astutias
657 4744 686 4792 et
702 4744 810 4792 secreta
820 4738 938 4792 consilia
978 4738 1097 4803 optatse
1107 4732 1209 4786 tentari
1226 4739 1255 4787 et
1269 4733 1355 4803 afiligi
1370 4734 1494 4804 corporis
1508 4735 1681 4800 infirmitate·
1701 4739 1776 4794 sicut

167 4816 221 4878 illius
231 4827 304 4898 impii
317 4827 503 4882 manifestasti
518 4825 647 4881 fidelibus
661 4842 750 4898 usquc
771 4827 811 4881 ad·
821 4827 935 4893 collum,
977 4820 1039 4886 Job,
1050 4821 1360 4891 dicenszrlngrediatur
1370 4822 1488 4891 putredo
1501 4821 1528 4875 in
1537 4824 1647 4879 ossibus
1659 4827 1739 4890 meis,
1759 4847 1772 4881 a

166 4905 227 4966 idest
237 4932 324 4986 usque
338 4918 374 4970 ad
388 4917 479 4987 ipsum
496 4915 542 4986 qui
554 4925 597 4969 est
611 4922 735 4986 caputet
747 4915 877 4986 princeps
890 4932 937 4968 ne·
978 4915 1010 4964 ut
1025 4927 1079 4964 non
1090 4910 1181 4964 solum
1193 4926 1267 4970 caro,
1280 4909 1327 4962 sed
1339 4909 1423 4962 etiam
1435 4909 1565 4965 medullae
1577 4913 1681 4969 ossium
1696 4932 1774 4970 com-

166 4998 236 5065 quite
247 5005 411 5076 spiritualis,
435 5004 599 5058 antichristi
623 5004 765 5070 videlicet;
782 5005 848 5074 quia
860 5004 937 5058 velut
976 5005 1147 5071 putrescant.
1168 5017 1181 5051 c
1197 4999 1232 5052 Et
1245 4996 1343 5052 subter
1357 5014 1401 5052 me
1413 5004 1530 5063 scateat,
1548 5018 1561 5055 a
1578 5002 1631 5084 hoc
1645 5010 1698 5072 est,
1711 5005 1775 5060 bul·

165 5086 242 5145 altum
255 5092 437 5164 subjungitur
450 5092 544 5163 capiti,
560 5093 600 5147 ita
613 5093 661 5147 ille
675 5108 781 5164 suppar
790 5099 834 5147 est
849 5093 934 5146 mali·
976 5089 1027 5144 liat
1035 5086 1425 5145 multitudinerermium.Pcr
1432 5090 1506 5159 quod
1513 5091 1637 5147 ostendit
1646 5100 1776 5165 paratum

165 5172 308 5246 bediaboli,
321 5187 349 5235 et
364 5181 443 5251 quasi
454 5181 666 5236 administrator
678 5181 935 5254 deceptionis.Hinc
977 5195 1007 5233 se
1023 5195 1083 5233 esse
1098 5177 1240 5232 adomnia
1253 5176 1419 5246 gravissima
1433 5184 1462 5232 et
1475 5184 1617 5249 postrema
1638 5182 1778 5254 supplicia

163 5263 304 5334 Apostolus:
320 5270 358 5324 Ut
371 5286 427 5324 non
442 5271 694 5325 circumveniamur
709 5288 726 5325 a
749 5270 866 5341 satana,
881 5282 938 5324 non
979 5266 1152 5323 sustinenda.
1173 5267 1208 5321 Et
1220 5266 1272 5319 hoc
1283 5267 1393 5336 quarel
1406 5284 1419 5319 e
1433 5267 1471 5322 Ut
1482 5269 1653 5340 requiescam
1678 5272 1708 5326 in
1731 5272 1777 5328 die

163 5353 219 5410 enim
229 5358 388 5428 ignoramus
400 5358 583 5429 cogitationes
599 5361 659 5430 ejus
977 5355 1186 5419 tribulationis,
1204 5374 1217 5407 a
1233 5356 1287 5410 hoc
1300 5361 1351 5420 est,
1369 5356 1398 5410 in
1408 5357 1453 5411 die
1465 5358 1575 5429 judicii,
1594 5362 1707 5431 quaudo
1723 5361 1777 5417 erit

186 5446 369 5516 (lticpsolmoa
388 5448 775 5520 ltlaledixistisceptriscjus.»
790 5449 937 5519 Sceptrum
977 5445 1042 5499 talis
1050 5443 1204 5507 tribulatio,
1221 5444 1312 5515 qualis
1327 5462 1471 5516 nunquam
1491 5453 1574 5502 antea
1587 5447 1651 5504 luit.
1667 5449 1727 5504 Et«
1743 5454 1775 5503 ut

157 5539 288 5603 muman
300 5543 345 5591 est
355 5538 474 5609 regium,
492 5544 521 5592 et
538 5538 602 5593 ideo
629 5555 690 5610 per
702 5544 845 5610 sceptrum
859 5537 938 5609 regia
978 5531 1129 5590 ascendam
1144 5533 1180 5590 ad
1192 5534 1329 5606 populum
1343 5534 1498 5591 accinctum
1512 5542 1652 5595 noenum.
1670 5560 1684 5587 ι
1699 5537 1775 5615 Ordo
