3818 6104
319 231 510 293 expostam
528 239 567 294 lN
586 239 663 295 EPP.
685 241 714 297 S.
736 242 856 299 PAULl.
877 244 969 301 -ΙΝ
989 245 1100 301 amsa.
1120 244 1169 302 AD
1188 244 1296 301 HEBR.
1416 268 1419 275 ·
1575 246 1630 307 858
1699 253 1702 257 ’

109 351 269 407 ainbecilles
278 354 645 421 sentientisndaudr'endum.
655 365 707 420 llla
716 366 820 427 dita-A
830 384 881 424 nec
895 369 947 424 soit
959 369 999 425 ita
1012 375 1044 425 ut
1059 369 1181 441 expedit,
1196 369 1393 425 discretionem
1404 370 1577 427 lacereinter
1588 372 1635 429 ho-

109 441 302 537 atecpretandi
329 461 487 501 sermonem
503 452 636 520 quamde
658 453 727 508 Filio
748 454 786 508 in·
830 472 897 511 nuru
913 463 942 513 et
957 458 1073 519 malum,
1090 458 1242 529 redditque
1253 475 1368 513 causam
1390 475 1500 530 quare:
1526 463 1631 515 Parvu-

119 526 252 592 mstituit,
263 545 319 584 non
333 531 387 588 suit
398 534 426 588 in
441 537 502 607 ejus
515 539 676 610 ignorantia
686 542 732 596 cui
744 559 788 598 re·
830 546 872 598 tus
886 551 923 599 est
937 549 1022 609 enirn,
1034 547 1170 602 subaudis
1185 563 1269 602 sensu
1284 554 1313 602 et
1327 547 1483 617 intellectu..
1499 549 1653 621 Perfecto-⁶

109 619 161 669 unt
174 618 310 688 mysteria
323 636 340 674 a
355 623 464 678 saeculis
476 625 649 695 abscondita,
674 631 723 684 sed
738 647 787 701 po·
830 647 895 687 rura
908 638 1002 689 uatem
1014 634 1206 690 hominumest
1215 635 1415 699 soliduscsbuc,
1427 635 1634 707 idestquiper·

109 701 216 758 illorum
232 706 377 771 tarditate,
398 710 445 780 qui
461 712 624 784 imbecilles,
645 717 672 771 id
691 723 734 773 est
748 719 789 774 in·
829 719 915 775 sectos
943 720 1048 777 habent
1069 739 1179 787 sensus,
1194 723 1309 778 illorum
1325 730 1369 779 est
1382 724 1442 779 alta
1464 730 1493 779 et
1514 724 1635 781 obscura

109 791 204 859 tilde,
228 799 257 848 et
279 795 393 866 fragiles
421 817 504 856 sensu
522 804 557 858 ad
572 805 789 876 intelligendam
830 809 934 863 sentiro
947 811 1085 882 mysteria
1099 811 1134 865 de
1159 810 1309 866 Divinitate
1336 812 1537 884 omnipotentis
1565 813 1632 881 Dei;

112 894 131 980 ‚⁸
144 882 280 952 mysteria
293 883 417 952 luerunt,
430 890 478 959 qui
492 892 576 947 etiam
596 911 646 965 pro
662 903 789 966 tempore
831 897 905 952 unde
917 903 946 952 et
958 899 1087 970 sequitur
1102 901 1235 966 :librans
1248 900 1309 954 dico
1323 901 1513 956 essesolidum
1526 901 1631 970 eibum,

109 966 294 1027 rdebuerant
307 989 377 1041 esse,
394 977 511 1032 undeet
531 980 591 1051 ipse
611 983 704 1038 reddit
726 1001 790 1040 cau·
831 989 1143 1054 qutprneonsuetudr'ne
1153 988 1283 1043 lectionis
1295 990 1633 1059 erecer'tatosbobentsen-¹

109 1072 157 1113 ans
173 1077 179 1112 :
202 1059 341 1123 Quoniam
361 1063 504 1121 inbecilles
518 1068 584 1124 sacti
597 1071 664 1125 estis
679 1072 715 1126 ad
738 1089 789 1128 an·
830 1074 997 1137 sus,lroeest
1007 1076 1108 1130 studiis
1119 1076 1278 1131 litterarum
1289 1078 1475 1141 extensos,ud
1488 1078 1634 1132 discretio-

109 1161 136 1213 ΙΙ,
151 1161 184 1201 ⁸0
196 1147 296 1203 deinde
311 1149 456 1225 subiungit
472 1171 478 1205 =
832 1178 892 1216 uem
905 1164 969 1217 trani
982 1179 1017 1218 ue
1028 1166 1109 1231 saell,
1127 1180 1235 1218 necnon
1249 1164 1285 1218 ad
1296 1164 1493 1219 discretionem
1508 1165 1633 1221 veritatis

109 1250 207 1289 meum
217 1238 346 1294 deberetis
356 1245 485 1309 recepistin·
492 1261 544 1299 esse
550 1253 661 1316 propter
673 1254 787 1318 teramus,
830 1265 863 1303 ac
878 1248 1017 1305 hereticae
1031 1251 1188 1322 pravitatis.
1220 1251 1297 1306 Sicut
1319 1251 1394 1307 enim
1412 1253 1544 1323 parvulus
1557 1253 1633 1309 inter

109 1341 190 1396 aquo
201 1343 272 1397 pene
288 1327 324 1382 ah
338 1329 417 1385 initio
432 1331 522 1404 legem
536 1334 675 1391 habuistis
688 1345 718 1394 et
726 1356 790 1411 pro·
830 1337 923 1393 cibum
934 1346 963 1395 et
974 1339 1068 1395 cibum
1082 1341 1241 1394 discernere
1249 1340 1348 1405 nescit,
1359 1345 1467 1411 etsaepe
1476 1342 1505 1395 in
1513 1341 1633 1398 innoxiis

109 1427 224 1468 cursum
235 1418 363 1484 eradicetis
373 1425 404 1473 ut
414 1422 659 1487 doeeernr'nr‘ame.
670 1427 789 1499 aliisque
831 1428 976 1483 sumendis
999 1428 1068 1483 cibis
1090 1428 1265 1501 periclitatur
1285 1430 1310 1483 si
1335 1444 1390 1483 non
1417 1429 1598 1500 prohibeatur
1615 1447 1634 1485 a

110 1519 196 1573 aqua
205 1507 260 1558 siut
271 1509 403 1562 eternentu
413 1513 521 1565 ceordic·
527 1529 688 1570 serrnonum
699 1518 755 1579 Ilei,
764 1522 788 1571 et
830 1516 949 1582 seniore,
967 1516 1008 1571 its
1022 1516 1156 1572 indoctus
1169 1517 1288 1589 quisque
1301 1517 1350 1588 qui
1372 1517 1571 1573 discretionem
1585 1518 1634 1572 do-

109 1593 136 1645 ’c'x
150 1593 249 1662 quibus
265 1596 332 1648 lecte
344 1613 411 1664 opas
425 1602 471 1665 sit,
489 1615 544 1654 non
563 1605 649 1657 solido
662 1607 729 1659 cibo.
745 1604 789 1659 Ad
829 1603 985 1659 ctrinarum
1002 1606 1099 1669 nescit,
1117 1605 1198 1659 facile
1220 1605 1359 1677 decipitur
1372 1611 1457 1677 atque
1479 1606 1568 1661 invia
1587 1623 1634 1661 er·

109 1679 174 1735 ntur
184 1681 232 1751 qui
246 1682 294 1737 diu
306 1692 448 1741 morantes
463 1687 491 1741 in
513 1688 583 1759 lege,
605 1693 787 1747 exercitatum
798 1678 902 1747 Broris
914 1693 1099 1764 periclitatur.
1108 1693 1287 1764 Quapropter
1301 1694 1379 1760 dicit,
1395 1695 1464 1764 qnia
1480 1695 1572 1749 omnis
1584 1694 1633 1766 qui

119 1767 277 1825 debuerant
291 1772 394 1828 habere
414 1775 449 1830 de
474 1778 595 1833 adventu
615 1781 719 1836 Christi
738 1799 789 1854 per
828 1781 909 1836 laetis
923 1790 968 1836 est
980 1782 1131 1853 particeps,
1146 1798 1245 1853 expers
1267 1788 1310 1837 est
1332 1782 1471 1837 sermonis
1489 1783 1631 1853 justitiae:

109 1856 148 1933 gis
158 1862 405 1932 etprophetarnm‚
415 1867 593 1936 pergratiam
604 1886 715 1940 quoqne
726 1888 788 1942 quae
829 1870 903 1941 quod
917 1873 993 1925 enim
1006 1871 1036 1925 ia
1049 1871 1121 1925 lacte
1136 1877 1166 1925 et
1180 1871 1269 1925 solido
1283 1870 1356 1936 cibo,
1368 1871 1421 1925 hoc
1434 1870 1464 1924 in
1479 1870 1592 1925 indocto
1605 1875 1635 1927 et

109 1948 316 2004 accedentibus
328 1951 414 2007 allata
428 1961 479 2009 est.
494 1954 548 2019 Qui
567 1964 643 2013 certe
664 1975 728 2013 eum
741 1960 788 2015 de·
828 1957 955 2030 sapiente
967 1958 1070 2014 differt.
1087 1959 1167 2014 Sicut
1181 1959 1224 2014 lac
1234 1959 1357 2030 paruulis
1371 1959 1510 2031 congruit,
1527 1964 1555 2015 et
1564 1960 1633 2015 soli·

109 2037 262 2107 tmagistri
282 2056 343 2095 esse
364 2042 515 2111 gentilium
539 2051 653 2117 propter
675 2052 788 2120 tempus
828 2047 1059 2102 duscibusaetste
1068 2048 1207 2119 periectis,
1217 2048 1259 2103 ita
1270 2048 1391 2103 indoctis
1401 2048 1517 2102 humilis
1527 2064 1631 2117 sermo,

109 2130 175 2191 him,
189 2126 288 2197 inquo
310 2130 404 2184 omnia
423 2132 553 2202 superius
570 2141 728 2191 memorata
742 2138 788 2191 ha·
829 2140 859 2189 et
869 2135 1043 2206 sapientibus
1057 2153 1193 2191 arcanum
1209 2137 1377 2209 mysterium
1393 2138 1632 2194 nossecoarenit:

109 2218 126 2280 l,
147 2232 260 2271 rursum
276 2217 440 2289 indigebant
454 2226 486 2274 ut
503 2221 672 2279 docerentur
692 2224 727 2279 ab
741 2226 790 2280 illo
831 2223 880 2293 qui
891 2223 1059 2278 exercitatos
1072 2224 1178 2279 habent
1200 2241 1299 2279 sensus
1325 2225 1420 2280 studio
1435 2224 1575 2280 lectionis.
1592 2224 1632 2279 Ex

109 2318 157 2375 aas
171 2307 304 2376 apostolis
324 2324 385 2378 que
405 2309 462 2364 sint
475 2311 615 2366 elementa
627 2329 790 2370 sermonum
831 2328 885 2367 usu
895 2313 1008 2382 quidem
1021 2312 1149 2368 lectionis
1160 2319 1189 2368 et
1201 2313 1339 2385 frequenti
1364 2313 1549 2369 meditatione
1561 2312 1632 2368 divi·

109 2400 212 2448 amenta
224 2394 359 2451 dicuntur
371 2399 451 2468 quasi
466 2398 649 2468 elevamenta,
668 2419 701 2458 eo
716 2404 790 2475 quod
831 2416 932 2454 aarum
943 2400 1164 2472 Scriptucacum‚
1173 2402 1333 2458 efficiuntur
1345 2419 1444 2458 sensus
1454 2401 1543 2456 nostri
1553 2417 1633 2456 exer·

118 2488 219 2537 catera
232 2484 368 2556 originem
385 2493 510 2556 sumant,
524 2489 606 2544 initia
620 2490 749 2547 videlicet
762 2499 792 2548 et
832 2489 910 2543 citati
924 2494 953 2544 et
967 2492 1074 2545 extensi
1087 2491 1124 2545 ad
1139 2492 1248 2561 majora
1258 2491 1456 2562 intelligenda:
1466 2491 1540 2546 unde
1557 2489 1634 2544 l'sal·

109 2577 412 2629 enuereatumrumn
422 2575 588 2647 quibusdam
598 2579 684 2633 etiam
695 2581 792 2635 dieun-
833 2577 917 2632 mista
931 2577 1044 2634 beatum
1059 2595 1120 2634 esse
1134 2581 1224 2634 sirum
1235 2579 1396 2649 dicitque..
1410 2583 1505 2645 talene
1520 2580 1635 2633 Dorntni

109 2666 238 2732 rentaper
248 2654 791 2740 idestqnaslfabricamentaabeoquod
834 2667 988 2722 meditatur
1001 2669 1046 2722 die
1061 2685 1094 2723 ac
1108 2674 1185 2723 nocte
1201 2671 1281 2737 (Paul.
1299 2669 1330 2739 1).

111 2765 129 2805 o
143 2750 250 2814 elimas,
266 2752 347 2822 quasi
363 2769 395 2807 er
408 2753 449 2807 eis
461 2752 597 2809 fabricata
612 2757 669 2811 sint
679 2758 787 2816 omnia.

109 2844 161 2894 tem
184 2839 318 2897 elimenta
339 2841 396 2896 sire
421 2842 561 2898 elementa
574 2845 685 2900 duobus
699 2847 790 2902 modis
1140 2809 1258 2864 CAPUT
1269 2806 1319 2864 VI·

108 2942 143 2983 as
155 2926 322 3000 intelligere,
340 2930 370 2985 id
386 2937 430 2986 est
439 2937 471 2986 ut
481 2932 556 3003 ipsos
571 2933 747 2990 characteres
762 2942 791 2991 et
867 2935 1038 3003 Quapropter
1049 2937 1262 2990 intermittentes
1270 2935 1455 2989 inchoationis
1463 2932 1568 2988 libr-isti
1577 2947 1633 2987 ser·

109 3016 234 3073 dationes
249 3018 419 3086 litterarum,
435 3023 566 3095 aquibus
581 3024 725 3079 exordium
740 3041 791 3080 su·
831 3039 950 3088 mercem,
966 3024 1003 3077 ad
1014 3024 1181 3092 perfectiore
1201 3030 1340 3091 [cremar.
1360 3021 1549 3094 Quapropter,
1565 3020 1632 3091 quia

109 3121 234 3161 ermones
244 3108 285 3161 rel
295 3114 370 3163 certe
384 3109 445 3181 ipsa
463 3111 545 3166 initia
559 3118 588 3167 et
606 3111 790 3168 fundamenta
830 3112 997 3167 exercitatos
1007 3128 1107 3166 sensus
1118 3113 1198 3166 decet
1209 3128 1261 3167 nos
1271 3111 1375 3167 habere
1389 3112 1419 3166 in
1433 3111 1496 3180 lege
1508 3109 1633 3177 Domini,

109 3195 160 3251 rasi
168 3195 363 3251 diceretziloc
373 3197 506 3270 indigetis
523 3201 718 3256 ntdoceamini
728 3219 790 3273 quae
830 3200 1050 3255 intermittentes
1073 3216 1231 3255 sermonem
1255 3200 1441 3255 inchoationis
1465 3197 1571 3252 Christi
1596 3197 1633 3252 ad

109 3289 200 3339 nteata
209 3284 368 3340 litterarum
379 3288 420 3341 rel
436 3288 517 3343 initia
534 3289 608 3355 adei,
624 3306 688 3345 cum
705 3291 792 3346 debe·
831 3288 971 3360 profunda
983 3293 1013 3343 et
1026 3290 1084 3343 alta
1109 3289 1244 3361 mysteria
1260 3289 1380 3345 Deitatis
1402 3289 1464 3360 ejus
1479 3287 1630 3345 ducamur.

109 3373 294 3429 olunditatem
305 3376 504 3447 mysteriorum
521 3377 703 3449 intelligendo
717 3396 793 3434 scru-
833 3377 999 3433 Sermonem
1014 3379 1202 3434 inchoationis
1213 3379 1318 3435 christi
1332 3383 1414 3435 rocat
1427 3376 1540 3431 initium
1555 3375 1632 3444 adei,

109 3463 249 3535 >perlecti
272 3480 332 3518 esse
353 3464 382 3519 in
403 3464 466 3520 nde.
492 3467 572 3543 Facti
587 3467 665 3533 estis,
688 3468 790 3539 inquit,
832 3466 1046 3523 instructionem
1075 3468 1205 3522 uidelicet
1230 3469 1264 3522 de
1293 3467 1439 3522 nativitate
1468 3462 1574 3519 Christi
1598 3465 1633 3519 de
1677 3538 1679 3543 Ι

109 3551 318 3623 dantes,quibus
332 3553 404 3609 lacte
416 3571 488 3626 opus
506 3555 551 3622 sit,
568 3557 597 3627 ip
612 3562 656 3611 est
669 3556 790 3628 simplici
831 3556 971 3627 passione,
991 3557 1026 3611 de
1040 3556 1256 3621 resurrectione,
1282 3562 1368 3626 atque
1383 3551 1546 3608 ascensione
1558 3553 1631 3622 eins,

110 3641 245 3705 doctrina,
257 3655 314 3695 non
329 3642 417 3697 solido
432 3635 510 3698 cibo?
520 3645 548 3698 id
559 3651 602 3699 est
610 3645 735 3716 perfecta
743 3646 790 3700 do·
832 3652 861 3699 et
873 3645 966 3714 gratia
980 3644 1166 3716 baptismatis.
1195 3645 1273 3699 Sicut
1295 3644 1370 3698 enim
1392 3657 1457 3696 eum
1483 3638 1530 3709 qul
1556 3638 1634 3694 litte-

109 3728 294 3800 uolnndisque
308 3732 484 3787 sermonibus
498 3734 540 3787 vel
553 3735 705 3805 mysteriis.
720 3733 791 3788 Bea-
834 3733 873 3788 ris
901 3738 945 3787 est
965 3732 1144 3791 imbuendus.
1174 3733 1315 3787 elementa
1340 3731 1499 3785 litterarum
1520 3732 1635 3797 oportet

109 3818 200 3874 stolus
210 3819 282 3873 hanc
290 3819 374 3873 habet
388 3823 630 3889 celsaetudinem,
648 3828 678 3877 ut
688 3822 793 3894 simpli·
834 3823 957 3894 primum
970 3821 1078 3883 audire,
1095 3821 1136 3876 sic
1160 3825 1189 3874 et
1211 3820 1390 3875 Christianus
1416 3818 1500 3874 dehet
1522 3819 1567 3875 his
1593 3819 1635 3874 in·

109 3907 223 3963 urinam
238 3907 318 3962 lactis
338 3910 451 3964 nornine
474 3910 612 3980 designet,
641 3911 792 3982 perlectam
833 3911 905 3967 strui
919 3911 1011 3981 primo
1026 3909 1162 3971 omnium,
1179 3914 1208 3963 et
1233 3908 1413 3979 postmodam
1434 3909 1471 3963 ad
1498 3908 1635 3982 mysteria

110 3995 229 4051 solidam
240 3995 331 4051 cibum
340 3997 549 4068 appellet;unde
559 3999 627 4054 dicit
638 3999 791 4054 Corinthiis
833 3998 991 4054 Divinitatis
1005 3997 1100 4052 venire
1122 3997 1183 4052 Non
1195 4012 1311 4051 rursum
1320 3999 1453 4064 jacientes
1467 3999 1635 4066 [undumen-

109 4085 191 4141 ainus
200 4085 329 4157 perfectis
345 4089 368 4152 tl
383 4087 443 4142 Gor.
460 4091 501 4153 ml
520 4106 526 4141 :
543 4088 598 4143 Luc
610 4091 682 4143 vobis
693 4094 791 4158 potum
834 4095 894 4143 tum
906 4089 1071 4157 penitentie
1084 4088 1118 4139 ab
1130 4086 1256 4154 operibus
1271 4087 1431 4151 mortuina
1444 4088 1518 4154 fidei,
1530 4086 1634 4141 funda·

109 4191 136 4230 m
149 4191 246 4234 escam.
264 4176 331 4245 quia
344 4175 464 4230 necdum
480 4178 597 4246 potestis
611 4193 725 4248 capere.
736 4178 791 4232 Lac
833 4182 970 4241 mentum,
986 4174 1121 4231 subaudis
1135 4190 1192 4228 non
1205 4189 1319 4227 rursum
1326 4173 1473 4245 jacientes,
1488 4175 1634 4231 addeum.

109 4262 202 4335 nplicis
211 4263 344 4317 doctrinae
353 4270 395 4318 est
409 4263 566 4318 incarnatio
577 4265 640 4319 Filii
651 4264 711 4328 llei,
725 4282 790 4337 pas·
832 4264 1059 4317 Fundamentum
1078 4260 1250 4333 paenitentiae
1267 4266 1348 4315 vocat
1360 4261 1436 4315 unde
1448 4261 1573 4332 primum
1587 4261 1632 4316 in·

109 4367 145 4418 rs,
159 4352 326 4406 resurrectio
341 4351 426 4416 illins,
443 4353 568 4407 ascensio
583 4352 613 4407 in
625 4354 709 4408 coelos
722 4372 728 4406 :
743 4342 902 4408 so-Detrnt
912 4350 996 4406 debet
1006 4351 1053 4421 qui
1066 4349 1250 4422 baptizandus
1265 4354 1318 4413 est,
1329 4349 1458 4404 sitamen
1472 4349 1508 4425 ad
1522 4354 1635 4404 atatem

109 4456 157 4496 eco
178 4437 258 4494 cibus
282 4441 397 4511 perlecti
412 4441 551 4495 sermonis
566 4448 609 4497 est
622 4443 789 4514 mysterium
831 4439 1033 4511 intelligibilem
1049 4439 1184 4511 pervenit,
1202 4439 1254 4493 hoc
1268 4444 1311 4492 est
1324 4445 1356 4493 ut
1370 4439 1468 4493 credat
1482 4439 1634 4494 Dominum

109 4528 287 4600 is,qnomodo
298 4530 319 4582 F
320 4529 384 4583 ilius
394 4535 549 4584 coaeternus
558 4530 594 4585 sit
604 4530 707 4597 Patris,
718 4547 790 4602 quo·
831 4532 929 4585 lesum
944 4528 1088 4584 Christum
1101 4528 1229 4599 genitum
1242 4544 1275 4581 ex
1289 4527 1347 4582 Deo
1357 4527 1443 4581 Patre
1454 4532 1519 4581 ante
1540 4528 1635 4582 omnia

108 4616 208 4690 piritus
218 4623 331 4672 sanctus
344 4618 478 4689 procedat
491 4618 526 4672 ab
542 4625 672 4690 utroque,
683 4626 710 4674 et
721 4636 788 4691 quo·
830 4618 943 4685 secula,
957 4624 1056 4672 natum
1071 4617 1106 4671 de
1117 4616 1209 4671 Maria
1224 4616 1332 4687 virgine
1346 4615 1374 4668 in
1390 4616 1445 4670 tine
1471 4620 1632 4685 temporum

109 4723 150 4763 raa
167 4706 267 4761 sintin
282 4707 418 4776 personis,
436 4712 465 4761 et
478 4702 564 4762 unus
575 4708 604 4762 in
629 4708 788 4764 substantia
829 4723 880 4778 pro
895 4706 985 4761 salute
998 4705 1111 4777 generis
1126 4704 1251 4769 hnmani,
1266 4704 1328 4757 sine
1342 4703 1449 4757 semine
1464 4702 1534 4757 riri:
1565 4718 1631 4773 pas-

109 4838 117 4852 .
133 4796 187 4852 Sed
196 4794 306 4867 quinon
317 4801 409 4866 potest
419 4795 577 4867 intelligere
585 4798 658 4868 quod
668 4814 787 4869 evange·
829 4812 902 4860 sum,
920 4800 1074 4859 mortuum,
1090 4793 1277 4847 resurrexisse
1292 4790 1378 4846 tertia
1399 4790 1453 4856 die,
1469 4790 1630 4846 ascendisse

122 4903 129 4940 ι
151 4885 265 4939 Verba-m
279 4899 343 4938 euro
358 4886 521 4951 suctarnest,
535 4887 674 4956 quomodo
686 4887 789 4957 poterit
829 4886 864 4939 ad
879 4885 973 4946 coelos,
989 4889 1139 4937 venturum
1152 4881 1188 4935 ad
1200 4879 1338 4950 Judicium
1354 4883 1386 4932 ut
1401 4878 1501 4933 reddat
1520 4878 1630 4935 unicui·

109 4973 217 5029 :dinem
238 4972 375 5026 sermonis
397 4973 457 5043 ejus
477 4975 632 5045 pervenire,
653 4975 701 5030 ubi
722 4976 786 5030 ait:
829 4989 883 5043 que
898 4972 1052 5027 secundum
1062 4986 1147 5041 opera
1157 4985 1218 5033 sna,
1236 4967 1471 5022 resurrectionem
1482 4984 1633 5040 corporum

109 5065 184 5130 apto
209 5067 267 5115 eret
297 5062 430 5115 Verbum?
444 5068 467 5115 et
497 5063 609 5117 Verbum
634 5069 694 5118 eret
712 5065 787 5131 apud
828 5056 1635 5128 etimmutabilitatemanima1·um,bonosingloria,malos

109 5156 123 5205 n
133 5151 204 5207 Deus
217 5154 276 5204 erat
296 5151 408 5204 Verbum
421 5151 511 5217 (toan.
524 5152 553 5220 r).
570 5151 702 5224 Sequitur
718 5170 725 5205 :
827 5152 857 5207 in
865 5151 954 5222 poenis
965 5146 1312 5217 manere,omnipotentem
1321 5146 1576 5203 Deumtrinitatem
1585 5148 1633 5204 ha·

109 5246 122 5295 s
136 5243 212 5293 enirn
226 5241 276 5307 qui
288 5241 366 5292 tactis
379 5244 418 5292 est
426 5243 574 5309 particeps,
588 5241 616 5294 id
629 5248 673 5295 est
682 5241 788 5313 simpli·
827 5240 928 5296 berein
936 5232 1581 5312 personis,unitateminsubstantiaPostquam
1592 5238 1632 5293 is·

109 5343 154 5384 um
171 5326 315 5392 doctrinae,
331 5342 424 5395 expers
446 5334 483 5381 est
507 5332 641 5383 sermonis
656 5333 782 5399 justitia,
826 5338 857 5386 ta
870 5329 966 5384 omnia
979 5328 1123 5383 contessus
1137 5325 1224 5380 faerit
1233 5342 1264 5381 se
1274 5327 1398 5384 credere,
1410 5325 1494 5380 debet
1504 5327 1632 5382 conliteci

120 5414 229 5471 alienus
239 5419 283 5470 est
295 5431 312 5468 a
323 5414 492 5470 discretione
508 5417 637 5487 pellectae
655 5419 783 5489 justitiae,
826 5424 940 5492 peccata
951 5433 1012 5482 sna,
1022 5416 1117 5487 sicque
1125 5415 1302 5486 injungenda
1312 5422 1355 5470 est
1365 5415 1391 5470 ei
1402 5415 1568 5488 paenitentia
1580 5420 1632 5469 aut

109 5504 195 5563 ndum
208 5509 301 5581 potest
312 5509 459 5581 penetrare
472 5522 575 5564 arcana
584 5508 785 5580 mysteriorum
826 5506 1023 5580 qnadraginta,
1034 5510 1085 5562 ant
1104 5504 1215 5577 viginti,
1231 5511 1282 5561 aut
1296 5510 1407 5578 septem
1420 5505 1542 5571 dierum,
1556 5502 1630 5559 sicut
