3818 6104
132 224 184 283 863
272 222 284 251 “
353 227 542 284 HAYMONIS
558 227 801 287 HALBERSTAT.
818 227 936 285 EPlSC.
956 229 1035 286 OPP.
1052 229 1144 285 PARS
1157 231 1180 286 1.
1197 259 1231 272 ·-
1247 222 1433 286 COMMENT.
1452 228 1547 287 amn.
1715 229 1762 287 tit

133 350 237 405 futuris
255 351 365 406 solliciti
380 351 442 406 sitis
456 352 658 418 admonentes3
679 352 731 406 hoe
752 357 804 417 est,
831 353 1050 422 qualesAbomo
1067 355 1277 419 menriouti’sol.
1298 359 1369 423 exv),
1387 359 1493 425 quanto
1516 352 1608 424 magis
1630 353 1680 409 Dei
1691 356 1763 426 jure·

133 438 227 494 fuistis
237 440 582 511 primum‚talescupimus
592 447 621 494 et
635 440 718 494 modo
728 457 788 494 esse
799 448 828 495 et
842 441 871 495 in
886 441 931 497 su·
972 448 1068 497 mento
1082 443 1157 496 credi
1168 442 1261 507 debet,
1277 443 1325 514 qui
1340 448 1382 498 εει
1403 442 1516 505 veritas,
1531 448 1560 496 et
1576 442 1626 514 qui
1644 459 1695 496 nec
1712 443 1762 498 salli

134 532 240 582 turum.
252 530 287 583 Et
297 545 352 584 non
367 529 438 584 dixit
450 530 520 594 volo,
537 529 611 600 quod
634 534 677 582 est
698 529 874 583 auctoritatis
888 530 931 584 di·
972 535 1064 601 potest
1074 547 1125 585 nec
1141 531 1264 594 mentiri,
1281 536 1310 585 et
1326 531 1371 585 cui
1394 530 1511 601 iusuper
1534 529 1596 584 sine
1614 531 1762 600 juramento

135 616 216 682 vinae,
232 619 280 672 sed
294 619 367 689 quod
387 624 448 671 erat
462 625 585 688 paternae
603 617 768 682 dilectionis
790 618 841 671 hoc
864 623 929 672 est:
973 618 1049 673 cradi
1070 620 1199 689 oportet!
1216 619 1359 679 Homines,
1379 619 1481 691 inquit,
1504 635 1557 690 per
1577 619 1711 688 majorem
1727 621 1762 675 sui

137 707 264 777 cupimus
284 712 644 776 unumquemquevestrum
659 706 786 760 eamdem
802 706 934 776 ergaira·
971 707 1080 776 jurant,
1097 707 1149 760 hoc
1162 713 1215 774 est,
1231 723 1282 777 per
1302 707 1404 774 Deum,
1420 707 1469 777 qui
1484 712 1529 761 est
1544 723 1645 760 eorum
1657 714 1761 762 creator.

135 799 193 849 tres
207 811 318 865 semper
331 795 479 849 ostendere
495 794 672 849 dilectionem
691 811 776 865 quam
804 795 870 848 olim
886 795 933 848 ha·
973 795 1168 849 iuramentum
1193 811 1304 866 quoque
1321 801 1365 849 est
1385 795 1450 849 tinis
1472 795 1566 849 omnis
1591 795 1762 850 contentionis

105 936 109 948 ,
135 879 235 939 beistis
247 882 283 936 ad
294 883 508 953 completionem
523 884 582 954 spei
604 883 633 937 in
649 889 782 938 aeternam
807 899 934 936 resurre-
975 898 1070 937 eorum
1092 883 1127 936 ad
1149 883 1402 947 connrmationem,
1419 884 1486 954 quia
1514 900 1567 955 per
1583 885 1761 953 juramentum

135 969 255 1026 ctionem
266 993 273 1033 ;
286 972 406 1041 expletio
421 973 496 1026 enirn
507 972 564 1043 spei
579 978 622 1026 est
631 972 743 1043 adeptio
753 988 848 1027 rarum
864 987 934 1042 quas
974 971 1144 1025 credendum
1155 976 1207 1035 est,
1224 970 1368 1026 necdebet
1386 972 1569 1043 postmodum
1587 971 1702 1043 querele
1715 972 1760 1027 lieri

135 1074 186 1112 nos
208 1066 407 1115 consecuturos
430 1077 585 1132 speramus.
616 1062 692 1114 Veros
716 1064 868 1114 imitatores
890 1076 934 1113 ro·
972 1059 1760 1132 jurameutocomplete,sedtiniscontentionisdebetesse

136 1163 211 1214 runi,
223 1148 359 1204 subaudis
372 1150 500 1221 cupimus
516 1167 563 1205 ros
578 1167 647 1216 esse,
663 1153 712 1219 qui
727 1152 777 1217 fide
790 1155 815 1202 et
828 1152 933 1217 petien-
972 1149 1166 1218 iuramentum
1173 1148 1225 1206 sub
1235 1149 1457 1204 confirmatione.

136 1238 176 1289 tio
192 1237 391 1291 lrurrrlitoinmt
399 1241 603 1306 promissiones.
620 1238 756 1291 Hortatur
769 1236 871 1290 iterum
886 1252 934 1291 eos
1011 1240 1045 1293 In
1060 1254 1122 1306 prro,
1148 1237 1283 1292 subaudis
1294 1239 1466 1308 jummento,
1482 1239 1525 1292 rel
1546 1238 1759 1309 proptereaque

135 1328 169 1378 ut
180 1325 234 1379 fide
245 1343 300 1380 non
311 1328 376 1380 licta
390 1327 560 1398 etpntientia
569 1326 859 1397 perfectaexspectent
867 1341 933 1395 pre·
973 1326 1149 1380 confirmatio
1160 1327 1199 1380 rei
1212 1328 1406 1396 juramentum
1420 1332 1472 1392 est,
1489 1329 1584 1381 rotem
1600 1327 1670 1380 Deris
1691 1331 1758 1381 osen·

136 1413 285 1468 missiones
300 1415 359 1476 Dei,
376 1420 404 1468 et
424 1415 617 1469 haereditatem
639 1430 723 1485 quam
748 1413 852 1467 sanctis
875 1413 933 1467 suis
974 1416 1234 1469 dcrcobundontius
1248 1417 1471 1469 irnnmbititatem
1482 1417 1598 1469 consilii
1610 1414 1758 1468 suiliensi-

136 1503 274 1573 promisit.
291 1504 370 1567 Quod
385 1504 534 1574 dupliciter
552 1503 640 1573 accipi
663 1508 764 1574 potest,
779 1503 884 1556 seilicet
901 1506 934 1555 ut
975 1505 1022 1556 bus
1034 1506 1256 1572 pollicitationis,
1268 1504 1351 1558 idest
1368 1502 1496 1574 patribus
1510 1503 1569 1556 sive
1584 1502 1756 1573 promissionis

134 1591 275 1645 referatur
287 1593 322 1646 ad
336 1592 512 1663 patriarchas
532 1598 561 1645 et
580 1598 692 1645 sanctos
708 1591 818 1645 Veteris
832 1592 933 1645 Testa·
974 1591 1140 1670 haeredibus,
1152 1595 1317 1660 interposuit
1326 1592 1545 1661 iusiurandum,
1555 1602 1589 1645 ut
1598 1606 1648 1662 per
1656 1591 1756 1645 duasres

136 1681 234 1746 menti,
247 1681 294 1750 qui
305 1681 407 1735 multas
417 1680 616 1751 promissiones
626 1685 794 1749 acceperuut
808 1678 1142 1742 deChri·Bimmobiles,
1160 1680 1262 1751 quibus
1283 1679 1455 1751 impossibile
1469 1685 1513 1734 est
1536 1680 1630 1735 Deum
1653 1679 1755 1743 mentiri,

136 1769 525 1834 st0‚etdehaereditateterrae
536 1768 760 1839 repromissionis
773 1787 779 1821 :
791 1767 934 1838 quitidem
975 1767 1158 1823 fortissimum
1173 1769 1305 1824 solatium
1321 1767 1483 1832 habeamus,
1501 1768 1530 1822 id
1543 1774 1587 1823 est
1605 1767 1756 1822 firmiteriiii

134 1857 270 1912 habentes
281 1858 442 1928 perfectam,
454 1858 699 1929 quaerediderunt
713 1858 802 1911 Deum
817 1857 935 1927 implere
975 1857 1757 1927 credamusquiceufupimuscredendoudtenendampre

136 1964 218 2018 posse
238 1965 299 2018 quae
323 1948 462 2019 promisit,
484 1954 512 2002 et
535 1947 701 2018 patientiam
722 1946 933 2010 solidissimam,
972 1951 1092 2017 positum
1114 1963 1197 2016 spem,
1214 1947 1267 2000 boc
1283 1953 1327 2001 est
1340 1947 1375 2000 ad
1395 1945 1588 2017 accipiendam
1610 1945 1756 2016 promissam

137 2053 193 2108 qua
208 2053 264 2090 non
277 2038 305 2092 in
321 2054 360 2100 se,
376 2037 424 2091 sed
440 2037 468 2090 in
483 2036 546 2091 siliis
560 2036 618 2090 suis
627 2035 827 2106 promissiones
840 2050 935 2105 exspe-
975 2035 1169 2089 remissionem
1183 2036 1225 2089 rei
1241 2035 1508 2090 remunerationem.
1525 2034 1603 2089 Duas
1617 2050 1662 2088 res
1678 2033 1757 2087 imme

136 2132 283 2180 cieverunt
297 2126 463 2197 implendas,
480 2131 644 2179 meruerunt
659 2123 741 2178 amici
755 2122 806 2177 Dei
820 2139 890 2189 esse,
906 2128 935 2176 et
975 2124 1045 2178 biles
1068 2124 1114 2178 hie
1132 2123 1268 2178 debemus
1291 2124 1417 2195 accipere
1439 2123 1656 2194 promissionem
1676 2120 1757 2176 lleide

137 2213 166 2267 in
176 2214 242 2268 filiis
251 2214 309 2268 suis
319 2213 431 2268 easdem
444 2213 642 2284 promissiones
651 2213 826 2267 haereditare.
839 2211 937 2266 Potest
976 2213 1292 2284 Christo,quadixit:1n
1307 2216 1410 2267 semine
1421 2218 1467 2266 tue
1478 2214 1671 2267 benedicentur
1683 2226 1757 2266 urinis

138 2306 167 2356 ει
181 2301 215 2354 ad
241 2303 382 2372 apostolos
400 2303 526 2372 aliosque
548 2308 661 2356 sanctos
683 2301 793 2363 referri,
816 2300 865 2372 qui
886 2316 936 2370 per
975 2307 1074 2371 pentes,
1086 2309 1115 2356 et
1121 2302 1321 2373 jusjurandum
1335 2302 1411 2356 illius
1421 2301 1496 2372 quod
1505 2301 1591 2354 dirit=
1607 2302 1757 2355 Peruenit·

136 2389 221 2445 iidem
240 2395 267 2443 et
287 2390 452 2461 patientiam
467 2396 630 2444 meruerunt
640 2389 783 2459 consequi,
800 2396 829 2443 et
847 2389 935 2444 hare·
976 2394 1177 2460 ipsumjuraei
1189 2393 1249 2445 tibi.
1266 2390 1418 2444 Promissis
1436 2391 1513 2444 enim
1528 2389 1605 2443 iltius
1624 2393 1667 2442 ast
1678 2388 1758 2441 imme-

137 2478 228 2533 ditare
239 2479 438 2550 promissiones
447 2486 558 2533 aeternis
572 2477 773 2532 benedictionis
785 2494 801 2531 a
815 2477 936 2532 Domino
958 2544 963 2549 ⁹
977 2478 1049 2544 bilis,
1064 2480 1129 2549 quia
1144 2495 1200 2533 non
1216 2481 1308 2551 potnit
1322 2479 1478 2545 maturiet
1491 2480 1685 2549 juramentum
1698 2476 1759 2529 illius

137 2565 190 2620 sibi
203 2566 388 2638 omnibusque
401 2567 530 2621 fidelibus
542 2567 703 2637 promissas.
977 2567 1129 2622 veridicum
1142 2573 1194 2622 est.
1207 2568 1326 2632 Quidam
1338 2569 1413 2623 enim
1429 2585 1515 2623 unam
1532 2583 1593 2622 rem
1605 2565 1758 2620 immobilem

171 2656 287 2709 seratis
302 2672 421 2724 numque
428 2660 592 2723 pronn'ttens
606 2657 688 2721 Deus,
701 2658 834 2724 quonium
849 2658 936 2708 nemi·
977 2656 1097 2726 intelligi
1113 2657 1209 2711 volunt
1220 2658 1434 2728 promissionem
1445 2663 1473 2710 et
1482 2658 1677 2727 iuramentum
1688 2653 1756 2707 iilius·

138 2759 201 2797 nem
216 2745 312 2798 lubuit
327 2748 461 2813 majorem
473 2761 524 2814 per
537 2762 618 2814 quem
631 2749 754 2813 juraret,
765 2746 876 2813 jurarit
884 2759 935 2811 per
975 2742 1094 2801 alteram
1113 2752 1209 2802 autern
1234 2747 1451 2818 completionem
1473 2745 1562 2816 ipsius
1576 2745 1628 2799 rei.
1644 2742 1760 2814 Proposi-

137 2835 421 2902 semetipsum,dieens
437 2853 445 2887 :
460 2836 524 2889 ll'isi
536 2835 692 2888 benedicens
706 2835 861 2888 benedicum
873 2834 932 2898 tibi,
975 2840 1033 2889 tarn
1058 2852 1123 2890 vero
1147 2852 1236 2907 spem.
1251 2836 1320 2890 dicit
1340 2836 1488 2890 veritatem
1509 2850 1606 2888 rerum
1619 2837 1757 2904 gestarum,

135 2925 161 2975 et
172 2923 365 2990 multiplicans
378 2923 567 2990 multiplicabo
581 2928 613 2975 te.
631 2922 668 2977 Ut
680 2920 790 2975 firmius
803 2919 934 2974 corrobo-
974 2923 1188 2993 promissionem
1212 2924 1341 2979 videlicet
1364 2923 1462 2995 patriae
1484 2923 1617 2989 coelestis,
1638 2921 1758 2991 adquam

137 3016 214 3064 raret
228 3027 261 3064 ea
270 3027 332 3081 quae
343 3010 472 3083 superius
482 3010 591 3064 dixerat
599 3011 633 3064 de
648 3010 750 3064 sanctis
760 3010 834 3080 quod
846 3009 933 3063 haerc·
943 2989 965 3051 C
975 3012 1182 3083 percipiendam
1196 3012 1373 3083 confugimus
1385 3029 1436 3083 per
1446 3012 1542 3066 fidem.

136 3098 266 3153 ditabunt
279 3100 478 3170 promissiones
492 3100 542 3154 Dei
557 3099 611 3153 fide
626 3104 655 3153 ει
665 3099 810 3170 patientia,
831 3098 934 3152 idcirco
1010 3102 1097 3167 Quum
1108 3118 1186 3172 spem
1196 3104 1267 3156 sicut
1277 3102 1569 3156 oncborombabcmus
1579 3102 1757 3154 unr'rnetutan

136 3187 227 3242 utitur
240 3188 383 3258 exemplis.
402 3189 457 3242 Sed
472 3188 544 3241 mira
557 3193 599 3241 est
617 3188 756 3258 sapientia
774 3188 834 3257 ejus
852 3205 857 3239 :
879 3188 936 3242 nli·
975 3205 1008 3243 ac
1020 3191 1144 3257 firmum.
1161 3189 1240 3244 Sicut
1254 3190 1378 3243 anchora
1393 3190 1518 3259 projecta
1534 3205 1552 3242 a
1567 3188 1692 3242 nerinon
1710 3200 1758 3257 per

136 3277 249 3347 quando
263 3276 337 3330 enim
352 3276 482 3331 laudibus
497 3276 653 3331 extollendo
665 3276 809 3330 blanditur
817 3276 867 3341 eis,
884 3276 935 3330 aii·
977 3277 1064 3331 mittit
1078 3294 1140 3331 eam
1156 3277 1329 3332 circumferri
1337 3293 1428 3347 neque
1440 3275 1608 3348 periclitari,
1624 3276 1686 3330 lieet
1700 3273 1757 3327 renti

135 3367 248 3436 quaudo
262 3365 418 3420 terroribus
429 3371 525 3419 terret.
542 3366 614 3419 Nam
630 3365 659 3419 in
674 3363 865 3436 superioribus
879 3371 935 3419 ter·
974 3373 1169 3420 commoveant
1181 3383 1254 3432 eam,
1269 3366 1318 3420 sed
1330 3368 1439 3434 jactata
1453 3366 1574 3420 tirmiter
1587 3370 1666 3420 tenet
1676 3377 1756 3418 narem

135 3460 179 3508 ret
189 3472 246 3519 eos,
262 3472 297 3510 ne
312 3456 437 3509 infideles
449 3460 551 3519 essent,
563 3460 592 3508 ει
600 3453 693 3508 minus
703 3453 808 3508 creduli
818 3454 935 3524 promis·
975 3456 1049 3509 inter
1062 3456 1198 3526 procellas
1214 3461 1242 3510 et
1261 3456 1371 3519 tinctus,
1392 3455 1432 3509 ita
1451 3456 1521 3509 fides
1545 3471 1596 3525 spe
1618 3455 1755 3508 suturarum

135 3544 260 3598 sionibus
274 3545 334 3608 Dei,
353 3560 427 3598 nunc
438 3549 533 3597 autern
545 3543 819 3614 exernplisbortatur
833 3543 867 3596 ad
883 3559 934 3613 pa·
975 3541 1111 3597 bonorum
1131 3543 1272 3610 roborata,
1290 3545 1385 3598 firmat
1403 3550 1528 3598 mentem
1552 3549 1676 3598 nostram
1697 3541 1754 3594 inter

134 3634 262 3688 tientiam
278 3641 305 3688 et
320 3635 402 3688 tidem
418 3640 450 3687 ut
466 3633 660 3687 indubitanter
674 3632 799 3693 credant,
817 3647 872 3685 non
887 3649 934 3686 so·
975 3650 1111 3703 prospera
1120 3634 1204 3703 hujus
1215 3633 1308 3688 saeculi
1317 3633 1481 3700 etadversa,
1491 3629 1752 3686 etintroducitnosiu

135 3724 194 3777 lum
210 3725 266 3778 Deo
279 3723 399 3788 dicente,
417 3738 512 3776 verum
529 3723 614 3776 etiam
626 3723 742 3791 jurante
762 3737 812 3792 per
835 3727 936 3776 semet-
976 3721 1096 3791 speeiem
1108 3717 1750 3793 rerum,quamniodotideetspetenemusldee

134 3810 238 3881 ipsum.
256 3811 285 3865 Si
304 3810 484 3881 promittente
505 3811 562 3864 Deo
583 3810 712 3879 iniquum
733 3816 776 3863 est
796 3826 853 3863 non
876 3826 934 3864 cre-
977 3809 1379 3882 queadditApostolusdicens
1393 3827 1398 3863 :
1410 3811 1623 3864 Etincedsntem
1637 3803 1749 3876 usquead

134 3900 210 3968 dere,
227 3915 311 3970 quam
326 3899 443 3971 impium
459 3904 502 3953 est
516 3899 574 3953 Deo
581 3901 695 3969 jurante
707 3899 791 3952 sidem
813 3915 870 3953 non
890 3915 930 3953 ac·
975 3897 1748 3953 r'ntcriorauelomiuis.Interioravelaminisvocatsecrett

135 3989 328 4045 commodare!
346 3989 454 4044 iurarit
469 3994 562 4042 autern
577 3986 871 4042 DeusPaterAbrahae
884 4003 934 4059 per
973 3987 1053 4057 regui
1071 3987 1203 4041 coelorum
1224 3993 1252 4041 et
1273 3987 1378 4057 gaudia
1396 3988 1495 4058 patriae
1518 3987 1647 4042 coelestis.
1672 3983 1746 4038 letum

135 4079 330 4150 semetipsum,
356 4079 423 4149 quia
442 4078 583 4131 neminem
606 4076 705 4130 habuit
726 4077 861 4146 majorem
883 4091 933 4146 per
974 4076 1134 4146 enimquod
1153 4081 1215 4130 emt
1234 4081 1299 4130 ante
1322 4081 1420 4130 sancta
1444 4080 1619 4139 sanctorum,
1638 4071 1745 4144 signifiat

134 4184 217 4239 quem
230 4166 456 4236 juraret‚dicens
470 4185 475 4219 :
491 4168 554 4220 Nisi
562 4167 717 4219 bririedicens
730 4167 886 4218 beriedicum
897 4170 930 4228 te,
940 4179 963 4238 D
973 4165 1090 4230 eoelum3
1108 4181 1170 4234 quae
1186 4180 1251 4219 vero
1270 4170 1352 4218 erent
1369 4164 1445 4218 intra
1460 4165 1566 4230 velum,
1581 4169 1681 4219 secreta
1699 4160 1744 4214 suat

135 4261 188 4310 etc.
203 4255 342 4324 Repetitio
357 4253 432 4307 verbi
452 4253 628 4307 confirmatio
644 4262 687 4305 est
701 4253 751 4306 rei.
763 4253 824 4308 Nisi
839 4253 869 4306 in
883 4254 935 4307 boc
974 4252 1055 4324 regni
1073 4253 1216 4307 coelorum.
1231 4253 1300 4323 Spes
1310 4259 1404 4306 autem
1421 4251 1557 4306 interiora
1572 4249 1704 4306 velaminis
1713 4255 1744 4317 pe·

135 4343 195 4396 loco
209 4341 376 4394 affirmative
391 4341 505 4410 ponitur
517 4357 567 4411 pro
590 4346 664 4394 certe
679 4341 736 4395 sive
751 4358 801 4412 pro
816 4343 891 4413 quia,
907 4348 935 4396 et
953 4349 959 4358 “
975 4343 1152 4405 netrat,dum
1163 4359 1211 4412 per
1220 4341 1596 4411 mentiscontemplationem
1604 4336 1743 4394 saturabunt

135 4436 180 4484 est
191 4445 290 4483 sensus
304 4446 310 4480 :
327 4428 409 4482 Certe
423 4445 535 4499 semper
543 4428 705 4482 benedicam
719 4436 748 4484 te
761 4430 789 4484 in
802 4430 866 4485 tiliis
879 4431 934 4485 tuis
975 4430 1194 4501 conspicit,dum
1206 4430 1331 4484 coelestia
1345 4430 1461 4500 praemia
1474 4428 1582 4500 absque
1596 4429 1651 4484 ulla
1661 4425 1741 4480 dubiu-

134 4535 301 4591 semperque
316 4516 507 4588 multiplicabo
522 4524 560 4572 ιε.
974 4520 1051 4574 tione
1064 4519 1153 4573 credit
1162 4518 1215 4572 sibi
1226 4515 1740 4589 provenire‚sperat,amat‚operibusqle

170 4611 204 4664 Et
218 4612 257 4663 sic
268 4610 467 4676 lonpunimiter
478 4609 570 4676 serens
580 4608 692 4674 adeptus
702 4613 739 4660 esi
748 4611 934 4676 ropromissio-
974 4608 1097 4663 ostendit
1107 4607 1181 4678 quod
1195 4607 1292 4661 credat
1305 4613 1334 4661 et
1348 4606 1413 4678 quid
1433 4612 1537 4677 speret.
1558 4607 1587 4661 Si
1606 4607 1671 4660 haur
1686 4612 1740 4672 spem

134 4716 207 4764 nem,
219 4699 271 4753 hoc
280 4704 323 4753 est
336 4697 383 4752 diu
399 4715 450 4770 per
461 4696 627 4769 patientiam
638 4695 776 4750 credendo
791 4696 933 4752 sustinens
974 4714 1031 4751 non
1044 4697 1236 4760 babuerimus,
1248 4696 1346 4766 utique
1358 4694 1584 4766 submergemur,
1598 4695 1739 4749 nontantuu

134 4795 299 4844 consecutus
315 4794 358 4842 est
369 4787 584 4858 promissionem
598 4785 625 4838 in
647 4785 713 4839 siliis
728 4785 787 4839 suis
807 4785 842 4838 de
857 4792 933 4840 terra
973 4786 1001 4839 in
1017 4785 1396 4857 spiritalibus,rerumetiam
1408 4784 1439 4838 in
1448 4784 1619 4848 carnalibus,
1630 4773 1740 4836 sicutsub

132 4877 370 4949 repromissionis,
386 4876 510 4948 quamsi
529 4874 668 4946 promisit,
685 4873 779 4929 dicens
795 4889 801 4923 τ
818 4876 931 4930 Terram
973 4881 1116 4944 mergetur
1140 4873 1219 4928 navis
1245 4889 1301 4927 non
1327 4872 1432 4926 habens
1453 4874 1589 4943 jactatam
1611 4870 1736 4927 anchoram·

132 4967 205 5019 bunc
218 4968 268 5019 tibi
276 4967 345 5019 dabo
355 4971 378 5019 ct
390 4968 457 5033 siliis
466 4968 521 5020 teris
532 4965 610 5036 (Gen.
623 4966 694 5030 altr),
708 4968 736 5017 et
746 4963 931 5034 insuperpro·
972 4963 1026 5017 Sed
1046 4963 1069 5016 si
1085 4961 1144 5016 voci
1163 4961 1309 5034 Propheta
1333 4960 1548 5017 obaudierimus
1560 4959 1672 5017 dicenti:
1684 4957 1738 5011 iasa

132 5052 293 5107 missionem
315 5057 349 5107 de
364 5054 485 5121 Christo,
510 5055 545 5109 de
563 5070 618 5124 quo
640 5053 679 5106 ait
697 5071 703 5105 :
720 5055 754 5108 In
768 5057 871 5107 senrinc
883 5058 929 5108 tuo
970 5067 1052 5119 super
1064 5054 1212 5105 Dominum
1223 5067 1321 5105 curam
1333 5056 1420 5114 tirum,
1433 5042 1737 5119 etipsenenannn'mt

133 5141 867 5213 benedicenturomnespentes(Gcn.xr11).Sequitur
884 5161 890 5195 :
970 5145 1035 5207 aar),
1052 5147 1120 5194 tunc
1137 5144 1235 5194 nostru
1250 5157 1314 5212 spes
1338 5141 1393 5194 fixa
1411 5141 1441 5194 in
1465 5140 1604 5195 interiore
1627 5130 1738 5193 velamus

167 5231 296 5284 Homines
310 5232 384 5283 enim
399 5245 448 5296 per
462 5235 593 5299 risajorern
604 5234 649 5285 sui
661 5234 762 5300 iurant
778 5248 785 5282 :
801 5235 825 5283 et
837 5234 927 5285 enanis
968 5228 1217 5284 nullainsrdclitate
1229 5229 1318 5299 mergi
1335 5229 1446 5299 poterit.
1464 5229 1621 5299 Sequitur:

129 5320 318 5376 controversie
332 5332 427 5370 eorum
437 5320 502 5383 finis
511 5320 547 5370 od
556 5322 792 5385 confirmationem
803 5323 928 5387 rstjuru·
1006 5319 1055 5372 libi
1062 5332 1218 5386 precursor
1228 5333 1279 5385 pro
1290 5318 1367 5371 uobis
1375 5305 1740 5384 introivitissenpontifeeit‘

129 5411 266 5462 mentum.
283 5404 369 5469 Quasi
382 5404 488 5458 diceret
502 5405 549 5458 :Si
572 5406 731 5462 hominibus
754 5408 782 5461 in
802 5407 928 5462 futurum
970 5413 1038 5466 ctus.
1053 5398 1740 5460 etconsntutussneopatreinsnrnumsnumaa

128 5496 261 5562 creditur,
277 5494 312 5549 ds
331 5491 432 5568 quibus
447 5508 498 5563 per
516 5493 685 5564 Prophetam
702 5497 815 5563 dicitur,
833 5497 929 5552 Omnis
970 5498 1096 5550 ordinem
1103 5494 1349 5550 Maledictionum
1357 5494 1513 5549 firmiorem
1520 5493 1674 5565 nobisspan
1681 5482 1742 5542 adde*
