3818 6104
120 194 189 278 'scr
347 217 536 276 anmoins
553 215 802 290 nmanasrnr.
823 215 934 274 nrrsc.
956 214 1036 272 orv.
1057 216 1149 273 rans
1163 215 1190 298 ¹1.
1211 245 1243 258 -
1263 213 1450 271 canuam.
1467 214 1569 307 'aran
1712 219 1751 282 aa

135 344 166 400 in
175 343 262 414 vobis,
273 345 341 418 quia
351 348 478 401 mortuos
487 348 594 414 vestros
605 341 746 411 suscitavi,
763 345 793 398 ct
806 341 933 399 infirmos
941 344 1024 413 Agat
1038 342 1067 397 in
1078 341 1195 414 jejuniis
1207 342 1236 394 et
1249 338 1363 395 iletibus
1373 343 1490 411 propter
1498 343 1622 394 vestram
1632 339 1751 401 incorra-

135 434 240 490 curavi.
974 433 1093 489 tionem.
1121 430 1273 503 Apostolus
1294 444 1350 482 non
1372 427 1497 483 habebat
1520 434 1636 501 peccata
1661 434 1750 506 propris

170 527 243 594 Ouid
256 528 351 581 minus
366 523 502 580 habitisiis
518 540 578 592 pre
600 525 702 577 ceteris
724 524 860 586 Ecclesia,
876 526 935 579 nisi
975 538 1037 594 quaa
1050 521 1177 592 defleret,
1194 523 1223 575 et
1236 517 1300 574 ideo
1313 518 1435 573 aliorum
1444 517 1578 573 deflebat.

135 616 207 686 quod
220 631 276 669 novt
285 617 403 682 precavi
416 619 483 668 vos?
498 612 569 667 nihil
585 611 725 683 accipiens
740 629 757 666 a
774 612 863 667 vobis.
879 614 934 669 Dc·
1267 663 1384 721 CAPUT
1396 660 1464 719 Xffl

135 709 208 771 nate,
222 705 250 759 id
265 710 308 758 est
321 704 464 774 indulgete
478 702 627 756 mihihunc
636 704 784 772 iniurium,
794 702 817 755 si
830 700 934 772 injuria
1468 701 1474 715 ‘

133 793 250 848 dicenda
262 797 314 847 est.
329 791 436 847 ironice
451 791 586 863 loquitur.
602 790 643 845 Re
659 790 735 845 onim
749 807 814 846 vera
828 789 934 861 injuria
1009 792 1159 845 Eccetertio
1168 793 1293 845 venioud
1304 806 1358 856 vos,
1369 789 1492 861 primum
1503 803 1555 859 per
1567 787 1748 859 memetipsum,

135 899 192 937 non
207 887 276 948 erat,
289 882 337 936 sed
352 880 549 937 consideratio.
606 952 609 957 ,
976 879 1075 934 deinde
1089 879 1197 934 duabus
1207 879 1313 934 vicibus
1324 895 1374 951 per
1385 877 1529 949 Epistulas
1544 883 1672 942 manant
1682 882 1750 934 inova

166 972 230 1027 Ecce
245 973 324 1025 tertio
338 971 388 1025 hoc
398 976 517 1040 paratus
531 987 595 1024 sum
609 972 703 1024 venire
715 970 753 1023 ad
766 986 820 1024 uns.
842 970 934 1035 Quaeri
975 971 1096 1023 decertem
1110 972 1150 1023 oei
1163 973 1252 1023 trium
1267 972 1376 1023 testium
1399 973 1448 1021 siet
1463 982 1545 1020 simne
1568 966 1687 1020 cubum.
1698 967 1749 1023 Tres

130 1064 245 1132 potest:
262 1061 333 1115 Cum
343 1076 401 1114 non
416 1061 543 1130 legamus
558 1059 639 1114 illum
651 1058 759 1113 venisse
774 1060 810 1114 nd
820 1076 868 1115 eos
878 1060 932 1115 nisi
974 1062 1062 1113 testes
1076 1064 1221 1130 comparat
1241 1057 1332 1113 tribus
1356 1058 1415 1112 suis
1440 1054 1618 1110 adventibus.
1643 1054 1710 1109 Sicut
1730 1057 1749 1112 in

131 1149 328 1205 tantummodo
339 1147 588 1220 unavice,quando
605 1152 731 1202 moratus
746 1153 789 1202 est
799 1149 874 1221 apud
885 1166 932 1205 eos
973 1148 1035 1218 lege
1055 1154 1106 1202 aut
1121 1147 1212 1202 tribus
1226 1147 1346 1202 testibus
1360 1145 1527 1201 defendebat
1554 1160 1585 1198 se
1608 1143 1702 1214 aliquis
1714 1151 1749 1200 cut

131 1253 205 1291 anno
223 1253 281 1292 uno
310 1242 339 1291 et
354 1237 481 1303 dimidio,
490 1253 581 1308 neque
596 1242 779 1309 posteaquam
794 1239 830 1292 ab
841 1240 882 1294 eis
891 1240 933 1294 di·
972 1235 1064 1291 tribus
1078 1236 1198 1291 testibus
1213 1234 1441 1299 convincebatur,
1456 1235 1498 1289 ita
1513 1233 1560 1287 isti
1575 1241 1626 1286 aut
1637 1233 1749 1288 tertioad

131 1326 238 1394 acessit,
250 1326 390 1397 sicutipse
399 1327 429 1380 in
439 1326 526 1397 priori
537 1326 655 1398 epistola
667 1326 744 1393 dicit,
757 1328 833 1399 qnia,
843 1332 933 1401 testor
972 1325 1147 1380 ventu'iliius
1161 1326 1279 1380 correcti
1295 1339 1323 1379 et
1332 1324 1474 1379 ernendati
1491 1322 1601 1377 laudati
1623 1327 1684 1375 sunt
1697 1340 1702 1374 :
1715 1327 1749 1376 ant

133 1415 232 1478 Deum,
254 1432 310 1470 non
326 1414 388 1469 veni
404 1415 571 1470 Corinthum
592 1420 741 1488 postquam
757 1433 774 1471 a
788 1417 866 1472 vobis
886 1434 933 1473 re·
974 1415 1089 1469 correcti
1102 1420 1277 1480 manserunt,
1289 1414 1381 1469 acrius
1397 1412 1562 1484 reprehensi
1577 1411 1613 1464 ab
1628 1410 1746 1482 Apostolo,

133 1504 213 1571 cessi,
229 1520 347 1576 parcens
359 1503 447 1564 vobis.
468 1504 496 1558 id
519 1509 563 1558 est
584 1520 620 1558 ne
642 1504 720 1559 vobis
736 1506 815 1560 oneri
829 1523 930 1575 essem,
974 1503 1124 1558 vindictam
1139 1510 1334 1576 perceperunt⁴

133 1609 220 1665 quare
240 1592 323 1647 modo
343 1593 418 1647 dicat
431 1610 468 1647 se
486 1593 569 1647 tertio
595 1593 709 1649 venire?
724 1595 875 1652 Sciendum
889 1602 932 1651 est
1009 1594 1053 1647 An
1065 1592 1543 1662 experimentumasseritisejrvsqrvi
1552 1592 1585 1641 in
1596 1604 1638 1642 sne
1648 1590 1747 1657 loquitur

134 1682 200 1753 quia
218 1698 268 1753 per
286 1682 463 1754 praesentiam
477 1682 568 1736 carnis
583 1698 639 1736 una
661 1683 720 1737 sice
738 1663 965 1741 tantummodoB
976 1682 1111 1748 Christus,
1128 1687 1177 1753 qui
1191 1687 1222 1737 in
1236 1685 1309 1738 vobis
1327 1699 1382 1736 non
1398 1684 1574 1748 infirmatur,
1586 1678 1631 1731 ssd
1638 1682 1747 1746 pohmest

131 1770 216 1837 venit,
234 1771 346 1842 quando
357 1772 398 1826 vis
410 1770 593 1843 predicavit:
610 1772 732 1826 secundo
747 1789 797 1844 por
812 1774 934 1846 priorem
975 1771 1008 1826 in
1022 1774 1095 1826 vobis
1105 1778 1117 1826 i
1129 1789 1162 1826 ac
1176 1773 1201 1827 si
1216 1772 1321 1827 diceret
1332 1791 1338 1827 :
1349 1770 1482 1841 Nunquid
1492 1767 1620 1839 quaeritis
1629 1765 1745 1838 probatio·

132 1860 285 1931 Epistulam
306 1860 390 1923 venit,
409 1877 466 1915 non
492 1876 543 1932 per
564 1861 757 1933 semetipsum.
773 1863 868 1917 Tertio
884 1880 935 1935 per
975 1879 1040 1918 nem
1055 1863 1158 1918 Christi
1179 1864 1228 1935 qui
1249 1864 1276 1917 in
1292 1856 1745 1932 meloquiturutrumvaientpec·

135 1948 218 2003 istam
234 1950 386 2005 secundam
409 1949 563 2020 Epistolam
584 1948 653 2004 dicit
669 1967 699 2004 se
719 1950 814 2006 venire
830 1970 836 2005 :
852 1953 933 2024 quasi
975 1957 1038 2007 cata
1049 1958 1142 2007 vestra
1155 1953 1256 2025 punire
1270 1968 1320 2024 per
1335 1949 1440 2021 me,qui
1451 1950 1479 2003 in
1500 1946 1580 2001 vobis
1595 1961 1649 2000 non
1661 1943 1744 1997 estin-

133 2037 250 2092 enimin
266 2038 398 2110 Epistolis
412 2039 469 2094 suis
482 2038 611 2093 veniebat
620 2039 689 2111 ipse.
704 2041 737 2093 iit
753 2057 809 2095 non
819 2058 934 2110 croprn-
975 2047 1073 2112 potens
1088 2041 1231 2097 miraculis
1241 2047 1270 2096 et
1282 2039 1433 2096 virtutibus
1448 2033 1604 2093 iaciendis?
1617 2033 1744 2105 Utiqnopo

132 2131 173 2183 vis
186 2129 269 2195 vobis,
290 2128 317 2182 id
332 2134 375 2182 est
390 2128 461 2183 nihil
473 2127 609 2200 accipiam
624 2127 738 2183 avobis.
759 2130 822 2185 Non
841 2147 933 2200 quero
974 2134 1038 2185 test.

133 2221 233 2283 vestra,
247 2219 293 2271 scd
307 2234 359 2283 vos,
377 2217 405 2272 id
420 2222 463 2273 est
477 2221 599 2272 vestram
615 2217 745 2274 salutem.
1010 2220 1140 2275 Nurnetsi
1149 2220 1514 2288 crucifixusestdhristusea
1528 2216 1743 2283 infirmitatum·

166 2307 222 2374 Epo
236 2308 416 2363 libentissime
437 2308 606 2378 impendum,
623 2306 758 2362 subaudis
780 2309 857 2364 vohis
872 2327 933 2365 om·
973 2309 1027 2375 nis
1045 2310 1090 2364 sed
1103 2313 1171 2365 vivit
1185 2327 1216 2364 cn
1225 2313 1327 2364 virtute
1341 2310 1399 2375 ilci,
1413 2307 1442 2362 id
1457 2309 1502 2362 est
1516 2305 1547 2359 in
1561 2302 1697 2358 divinitate
1707 2313 1742 2354 sut

132 2397 181 2452 nia
194 2413 256 2468 quae
283 2413 347 2451 mea
360 2397 470 2453 suntin
491 2396 698 2469 pradicationa
722 2397 751 2452 in
776 2398 930 2468 miraculis,
974 2404 1070 2453 manet
1083 2398 1273 2471 impassibilis·

130 2491 155 2540 et
176 2487 407 2555 superimpendar
416 2486 445 2541 id
465 2491 508 2541 est
522 2486 607 2540 morti
621 2502 666 2541 me
680 2486 790 2541 tradam
802 2504 856 2557 pro
870 2492 933 2543 uni·
959 2531 965 2543 .
1009 2489 1084 2543 Num
1097 2494 1122 2542 et
1137 2504 1195 2555 nos,
1208 2487 1337 2560 apostoli,
1350 2489 1564 2556 infirmisumus
1575 2487 1607 2538 in
1621 2479 1740 2542 illaidcd

132 2576 230 2631 matus
245 2577 352 2642 sustris,
366 2579 427 2629 iicet
435 2578 500 2644 plus
515 2590 559 2630 vos
571 2575 690 2643 ‹litipem
705 2578 800 2631 nvivvus
814 2578 930 2647 diiipur,
973 2576 1170 2632 tribulationes
1181 2582 1209 2631 ct
1220 2576 1365 2649 angustias
1377 2576 1551 2631 sustinemus
1559 2567 1738 2645 propterillnn

130 2662 264 2720 subaudis
278 2680 295 2717 a
309 2662 396 2718 vobis.
973 2667 1019 2720 sed
1032 2669 1153 2721 vivimus
1172 2683 1235 2721 curn
1255 2683 1283 2720 eo
1310 2683 1342 2721 ar
1355 2669 1458 2721 virtuts
1472 2666 1522 2720 Dei
1536 2667 1570 2718 in
1584 2663 1663 2723 sniis,
1679 2656 1739 2711 idest

164 2752 217 2811 Sed
232 2759 294 2808 esto.
315 2754 370 2822 Epo
388 2770 433 2808 vos
447 2769 504 2808 non
524 2755 649 2821 pravast.
672 2754 738 2809 Esto
754 2756 866 2828 proprie
881 2758 933 2812 ad·
973 2761 1146 2828 proptervos
1161 2756 1264 2827 quibus
1276 2755 1468 2827 praedicamus.
1492 2752 1623 2806 Vivimus
1633 2751 1684 2821 jam
1694 2759 1737 2800 cau

129 2842 256 2899 verbium
270 2848 313 2897 est
326 2842 552 2904 concedentium
565 2843 680 2914 ponitur
692 2860 742 2915 pro
757 2844 780 2898 si
793 2862 800 2901 :
815 2845 869 2900 isto
883 2862 932 2902 au·
973 2845 1021 2900 illo
1031 2845 1060 2900 in
1076 2863 1125 2918 spe
1139 2862 1190 2917 per
1205 2845 1336 2900 virtutem
1353 2845 1402 2900 Dei
1417 2861 1479 2916 quae
1496 2848 1540 2897 est
1561 2842 1591 2896 in
1613 2832 1737 2900 nonnisi

130 2936 187 2988 tem
199 2933 229 2987 in
238 2933 382 2988 locohunc
391 2931 499 2988 obtinet
509 2945 641 2987 sensum:
656 2933 710 2988 Sed
721 2938 792 3000 estc,
809 2934 838 2988 id
850 2941 894 2990 est
907 2935 930 2990 si
973 2940 1088 3007 propter
1101 2952 1149 2990 vos
1164 2951 1310 3007 speramus
1323 2934 1409 2989 vitam
1421 2932 1526 2988 habere
1541 2947 1606 2986 cum
1615 2927 1713 2984 Christo.

130 3021 225 3075 minus
239 3020 343 3092 diligar
357 3038 374 3075 a
389 3021 474 3082 vobis,
493 3037 545 3091 ego
560 3027 655 3075 tamen
671 3039 718 3076 vos
738 3039 795 3078 non
816 3025 930 3094 gravavi
1009 3024 1127 3079 &umus
1137 3029 1230 3078 nectem
1244 3041 1299 3079 non
1310 3029 1342 3078 ut
1352 3018 1520 3092 'nosprobuti
1531 3007 1737 3090 appareamusatt

131 3108 160 3163 in
172 3109 279 3179 aliquo.
299 3109 351 3165 seu
367 3127 431 3163 cum
450 3125 544 3178 cssevn,
559 3109 660 3180 inquit,
676 3115 796 3178 astutus,
812 3113 873 3167 dolo
884 3131 929 3168 vos
972 3120 1003 3169 ut
1017 3132 1062 3169 vos
1077 3116 1149 3185 quod
1163 3117 1264 3169 honum
1279 3116 1444 3183 estfacintis¹
1459 3129 1508 3167 nos
1517 3116 1611 3166 autem
1619 3100 1733 3173 arrpuit

131 3201 190 3267 cepi
200 3198 391 3269 llncrepative
403 3203 488 3269 atque
499 3199 909 3272 interrogativeestlogondum
922 3221 929 3257 :
971 3206 1068 3258 simus.
1081 3202 1190 3258 Probus
1204 3204 1261 3257 sire
1276 3201 1409 3274 probatus
1423 3189 1732 3273 apparatumsunt

131 3287 203 3343 Cum
218 3302 319 3352 essem,
334 3287 436 3357 inquit,
452 3287 568 3342 callidus
583 3293 611 3342 et
628 3289 801 3359 ingeniosus,
817 3291 881 3346 dolo
900 3296 929 3348 et
970 3291 1079 3347 invenit
1087 3293 1161 3364 quod
1171 3292 1273 3364 puniat
1286 3291 1315 3346 in
1328 3290 1472 3362 subJectis,
1485 3306 1535 3361 per
1550 3287 1623 3359 quod
1637 3278 1732 3339 catelliit

130 3375 491 3447 iraudevoscepiadlidem
503 3376 711 3444 ChristiiNon,
728 3379 776 3432 sed
790 3396 841 3450 per
855 3397 925 3452 prae-
969 3397 1049 3436 suam
1079 3385 1258 3453 potestatem:
1281 3380 1360 3436 Tunc
1390 3395 1455 3435 vero
1483 3378 1594 3433 videtur
1620 3370 1730 3444 reprobat

130 3464 301 3520 dicationem
314 3481 409 3520 veram
423 3465 598 3521 etvirtutem
613 3466 814 3522 miraculorum
826 3469 929 3526 adduxi
970 3470 1082 3541 quando
1094 3486 1150 3524 non
1165 3469 1272 3524 invenit
1282 3469 1357 3540 quod
1369 3468 1500 3533 vindicet,
1521 3465 1569 3520 ubi
1583 3479 1658 3519 suam
1668 3465 1732 3513 osten·
1764 3468 1769 3479 ⁶

130 3569 179 3610 vos
194 3555 229 3609 ad
244 3555 329 3611 tidem
344 3561 511 3628 cooperante
526 3556 648 3611 Christo.
970 3559 1020 3614 dat
1033 3560 1239 3624 auctoritatem,
1252 3565 1281 3613 et
1290 3557 1389 3629 probet
1395 3556 1545 3628 judicium,
1557 3555 1622 3609 acsi
1635 3551 1729 3605 uicem:

165 3645 239 3700 Olim
246 3648 434 3715 putatisquod
442 3662 600 3701 excusemus
610 3662 658 3700 nos
668 3647 743 3715 apud
759 3664 813 3711 vos,
822 3649 929 3705 subau-
969 3634 1730 3726 Nonoramusutinvobisaliquidinveniamusadpunierr

129 3732 172 3789 dis
188 3750 244 3790 non
258 3735 384 3802 iacimus,
398 3736 465 3807 quia
479 3739 590 3790 nonest
605 3752 717 3791 necesse
734 3754 740 3789 :
756 3737 815 3793 Hoc
834 3738 929 3811 dupli·
969 3738 1047 3804 dum,
1056 3738 1105 3792 sed
1121 3754 1168 3792 vos
1179 3737 1254 3809 quod
1268 3737 1372 3791 bonum
1384 3741 1426 3790 est
1439 3732 1585 3796 iacientes,
1594 3747 1642 3786 nos
1651 3717 1729 3796 reprobi

129 3822 200 3878 citer
213 3823 332 3896 intelligi
346 3830 447 3896 potest.
463 3824 628 3897 Nunquida
648 3825 790 3897 praeterito
802 3832 928 3899 tempore
968 3826 1146 3883 inveniamur
1157 3827 1186 3881 in
1201 3828 1253 3881 hac
1268 3836 1357 3898 parte,
1377 3840 1434 3880 non
1456 3823 1630 3878 invenientes
1647 3814 1687 3872 ubi
1700 3823 1730 3863 ω’

129 3911 265 3968 dubitatis
274 3913 309 3969 dc
322 3913 413 3979 nobis,
429 3914 598 3970 arbitrantes
613 3930 665 3970 nos
682 3914 746 3970 ideo
761 3916 830 3970 talia
838 3917 926 3989 loqui,
968 3918 1253 3972 tendamusnostram
1269 3920 1446 3988 potestatem.

34 4028 37 4033 ’
130 4002 210 4073 quasi
220 4003 571 4076 nonsimpliciteragamus
583 4020 651 4075 erga
661 4021 710 4060 vos
722 4003 862 4060 etidcirco
877 4022 928 4062 nos
1004 4007 1065 4062 Non
1073 4023 1218 4075 possumus
1227 4007 1338 4074 aliquid
1348 4005 1479 4059 adversus
1489 4004 1641 4064 veritatem,
1653 3993 1729 4058 sedit
1777 4014 1780 4039 τ

131 4093 386 4148 excusemusiNon
397 4094 541 4164 loquimur
549 4094 612 4149 ideo
622 4093 691 4148 talia
706 4098 738 4148 ut
751 4111 803 4149 nos
816 4111 928 4151 excuse·
968 4099 1090 4159 ueritate,
1105 4096 1132 4149 id
1149 4102 1260 4150 estnon
1283 4110 1431 4166 possumus
1450 4096 1577 4147 nostram
1597 4086 1728 4161 potestatem

129 4195 194 4236 mus
207 4181 274 4251 quia
287 4181 449 4253 simpliciter
459 4182 625 4237 incedimus.
636 4183 726 4237 Aliter
740 4201 746 4237 :
759 4183 833 4239 Olim
845 4189 928 4257 puta·
969 4184 1116 4238 ostendere
1130 4189 1229 4239 contra
1242 4184 1384 4237 hominem
1396 4181 1541 4236 veritatem
1548 4159 1728 4235 halremunt·led

130 4269 168 4323 tis
183 4269 258 4339 quod
271 4286 436 4324 excusemus
444 4286 496 4324 nos
504 4271 579 4342 apud
594 4287 651 4334 vos,
666 4276 694 4326 et
711 4276 754 4326 est
769 4290 886 4329 sensus:
903 4275 1018 4355 thro
1032 4273 1149 4329 veritate
1160 4273 1348 4328 decertamus.

129 4356 272 4428 praeterito
293 4363 419 4429 tempore
436 4359 604 4429 cognoscitis
624 4361 864 4417 conversationem
879 4379 928 4419 no·
1004 4363 1159 4418 (laudemus
1174 4366 1307 4432 quoniam
1323 4378 1371 4416 nos
1386 4362 1497 4429 infirmi
1510 4376 1617 4424 summ,
1633 4371 1680 4412 non
1688 4359 1728 4404 til·

130 4449 218 4501 atram
234 4449 262 4501 et
275 4446 512 4518 pradicationem.
529 4454 558 4502 et
576 4448 639 4503 ideo
658 4465 714 4505 non
728 4451 886 4523 indigemus
897 4457 929 4509 nt
968 4468 1046 4523 pore,
1062 4450 1109 4506 sed
1123 4456 1271 4522 potestate,
1284 4450 1350 4522 quia
1364 4456 1432 4504 tunc
1444 4448 1582 4519 cstjudex
1594 4444 1666 4520 qnasi
1678 4436 1728 4495 inlr·

127 4551 180 4591 nos
191 4550 364 4591 excusemus.
374 4536 541 4599 Gor-arndeo,
558 4537 651 4602 Patre,
669 4541 701 4593 in
716 4539 823 4594 Christo
842 4543 929 4610 loqui·
968 4558 1041 4608 mus,
1058 4541 1124 4595 dum
1135 4557 1215 4595 suam
1229 4544 1396 4611 potestatem
1411 4554 1467 4592 non
1480 4543 1576 4609 potest
1593 4532 1725 4592 ostendtit²

130 4640 208 4690 mur,
221 4625 251 4681 id
264 4630 316 4693 est,
333 4626 468 4681 honorem
487 4625 591 4681 (lhristi
605 4632 771 4698 quarentes.
782 4629 927 4684 Testihca·
969 4636 996 4685 et
1011 4636 1079 4686 tunc
1093 4628 1212 4701 subjecti
1226 4634 1293 4685 sunt
1307 4633 1445 4702 potentes,
1459 4627 1574 4699 quando
1591 4642 1643 4681 non
1657 4613 1726 4678 fimat

130 4719 177 4771 tur
186 4715 242 4771 illis
250 4716 285 4770 ad
295 4715 604 4787 satisfaciendum,quia
613 4733 678 4771 vera
688 4715 869 4772 dicitzTestis
884 4724 927 4775 est
964 4720 1098 4791 judicem.

129 4804 200 4860 mihi
209 4805 285 4862 Deus
297 4804 383 4861 Pater
392 4812 421 4860 et
432 4805 570 4872 Christus,
586 4806 665 4876 cujus
674 4807 810 4862 honorem
821 4825 926 4880 quaero,
1004 4793 1100 4866 Gratia
1112 4811 1225 4864 Domini
1236 4810 1325 4863 nostri
1334 4810 1398 4863 Jesu
1409 4808 1525 4875 Christi,
1535 4811 1560 4861 ei
1571 4789 1722 4887 charitati·

133 4893 200 4964 quia
209 4893 375 4965 simpliciter
387 4895 486 4950 incedo
495 4913 562 4967 erga
573 4896 734 4951 vosdmnio
744 4902 848 4965 nutem,
860 4896 927 4953 sub·
968 4904 992 4954 et
1003 4901 1225 4965 communicatio,
1242 4899 1269 4954 id
1281 4903 1324 4953 est
1338 4897 1458 4953 societas
1472 4900 1502 4951 et
1517 4881 1724 4968 contraposuit

132 4980 213 5036 audis
221 4981 409 5051 incommoda,
425 4989 594 5042 sustinemus
601 4991 715 5056 propter
721 4988 926 5043 rusticitatem
969 4992 1042 5044 ritus
1056 4989 1355 5044 sanctinumomnihus
1365 4987 1450 5056 vohis,
1461 4981 1721 5042 subaudissent·

132 5084 194 5126 oum
205 5074 448 5139 venerationum
459 5090 501 5130 me
515 5078 587 5131 Deus
597 5077 736 5146 apudvos,
752 5075 781 5132 id
796 5080 840 5133 est
853 5077 925 5133 ailli-
966 5078 1040 5148 Fiat,
1056 5082 1088 5132 ut
1102 5076 1232 5140 diximus,
1249 5083 1302 5137 etr.
