3840 6098
47 276 117 342 rrae
520 225 1242 340 rxeosrrromarocmrrsm.-mnm
1620 265 1689 335 irat

46 411 131 475 potor
145 407 177 458 ia
189 403 364 471 profundum
378 404 466 454 enoris
474 399 583 469 (diutili.
595 399 684 464 reru).
696 396 776 461 Quod
790 393 877 453 nonA
887 392 971 447 ritate
980 396 1071 446 toturn
1082 407 1182 461 corpus
1194 390 1297 445 diaboli
1309 391 1428 462 intelligi
1440 390 1550 447 debere.
1564 392 1685 461 Sanguis

48 491 227 548 solummodo
237 491 271 543 de
282 490 413 543 seandalo
429 488 604 556 intelligitur,
619 487 667 540 eod
677 486 712 539 de
722 484 852 538 aturribus
892 486 987 536 autem
1003 480 1131 533 inventus
1154 480 1265 542 dicitur,
1282 481 1311 534 id
1334 485 1376 535 ost
1395 481 1516 536 vindicta
1534 479 1691 549 sanguinis,

46 580 224 652 gravioribus
245 578 375 648 peccatis,
395 594 445 648 pro
459 576 560 646 quibus
579 575 726 628 mittentur
739 572 851 644 reprobi
893 586 954 640 quae
968 569 1061 622 reniet
1083 585 1167 639 super
1180 584 1291 622 omnem
1306 569 1454 639 reprobam
1468 568 1691 639 generationem,

47 670 78 726 in
92 687 179 733 mare,
193 668 221 722 id
237 674 280 722 ast
291 668 320 721 in
332 666 553 737 profunditatem
569 665 682 719 inferni.
695 665 729 717 Et
739 663 792 717 hoc
802 680 852 732 per
888 658 970 729 juxta
983 656 1052 711 illud
1067 676 1072 710 :
1090 659 1253 724 Requiretur
1266 660 1381 725 sanguis
1393 660 1521 711 eternium
1534 660 1584 726 qui
1593 658 1694 723 affusus

48 761 192 829 angelum,
204 758 233 811 id
248 761 290 811 est
304 773 354 826 per
363 755 517 820 Christum,
528 755 594 825 qnia
603 755 676 808 sicut
688 753 749 823 ipse
759 751 826 805 dicit
838 770 845 805 z
890 752 931 814 est
939 762 1137 814 superornatam
1150 752 1279 800 terrama
1290 749 1465 813 persecutione
1474 747 1533 802 laec.
1543 745 1696 800 Sciendum

49 852 205 905 Peterson
220 848 331 914 judicat
348 861 527 913 qwircqaum,
550 846 595 898 sod
613 860 694 898 omne
705 844 848 910 judicium
889 840 934 889 est
946 836 1044 900 etiam,
1056 834 1133 904 qnia,
1147 840 1179 888 ut
1193 851 1279 904 supra
1290 834 1399 889 dictum
1410 844 1461 900 θεῖ,
1472 834 1513 889 illi
1528 834 1697 903 sanguinem

48 939 126 992 dedit
139 938 210 989 Filio
222 934 318 1003 (loun.
334 939 372 998 vt.
385 933 443 986 lioc
458 932 575 1003 impetu,
587 931 616 985 id
628 936 679 995 est,
691 929 852 985 istaveloci-
891 924 1093 995 prophetarum
1107 930 1136 977 et
1148 927 1309 978 sanctorum
1324 923 1429 987 fudisse
1441 923 1697 991 inveniuntur,qu1

51 1032 111 1081 tate
122 1025 252 1078 mittetur
258 1038 363 1091 magna
370 1021 419 1075 illa
427 1020 525 1075 ciuitas
534 1021 563 1074 in
574 1036 662 1085 mare,
673 1019 852 1074 muluanon
892 1013 971 1067 dicta
984 1012 1097 1066 illorum
1112 1011 1142 1066 in
1155 1012 1243 1065 alium
1262 1027 1376 1067 sensum
1388 1028 1474 1081 quarn
1494 1012 1605 1083 prolata
1617 1016 1695 1072 suut,

52 1114 222 1177 inuenietur,
234 1112 263 1165 id
274 1116 325 1176 est,
336 1110 419 1165 sicuti
426 1110 480 1164 iste
490 1110 562 1180 lapis
573 1109 703 1163 velociter
712 1106 814 1161 transit
825 1106 854 1159 in
895 1106 1055 1172 peruenere
1069 1117 1128 1159 uon
1141 1101 1308 1156 duruerunt.

53 1201 226 1274 profundum
237 1199 335 1262 maris,
343 1198 384 1252 sic
393 1197 484 1252 omnis
494 1186 775 1268 coetusreproberum
783 1195 857 1248 relo-
1191 1241 1307 1307 CAPUT
1324 1241 1388 1296 XIX

51 1285 857 1358 citermitteturinprofunditateminterni,etampliusnon
1392 1283 1397 1294 “

53 1376 251 1433 invenieturin
260 1375 395 1430 societate
402 1374 539 1429 Ecclesiae.
549 1375 582 1430 In
591 1374 726 1427 hacanim
735 1373 857 1428 Fcclesia
931 1387 993 1439 Posi
1009 1385 1063 1438 1220
1066 1423 1073 1449 ‚
1088 1384 1118 1437 id
1132 1388 1176 1437 est
1190 1388 1254 1453 post
1267 1383 1430 1454 praedictam
1445 1383 1590 1452 visionem,
1603 1388 1701 1440 augy„

55 1468 141 1522 Simul
152 1471 219 1520 sunt
230 1464 370 1519 bonicum
379 1464 461 1519 malls
473 1481 478 1514 ἰ
490 1464 557 1534 quia
568 1464 641 1517 sicui
649 1463 708 1516 haec
716 1462 774 1516 vita
783 1462 857 1516 intel·
897 1478 992 1527 mente
1008 1476 1088 1541 quasi
1101 1488 1190 1525 vocem
1205 1488 1338 1539 anappum
1350 1473 1482 1526 tubarum
1496 1477 1654 1528 annuarum
1668 1479 1701 1528 in

53 1557 158 1612 ooelum
167 1562 312 1609 etterram
322 1554 416 1608 madia
428 1553 565 1618 wnslsfiti
576 1553 618 1606 11³
631 1554 777 1622 ulliusque
791 1567 858 1622 ΡΜ·
899 1565 961 1615 colo
980 1563 1132 1614 dicentium
1145 1578 1153 1611 :
1167 1560 1297 1612 Alleluia.
1315 1560 1437 1613 ioannes
1451 1561 1480 1614 in
1495 1561 1548 1616 hoc
1561 1562 1622 1616 loco
1637 1577 1702 1634 per·

58 1646 96 1699 tis
107 1645 181 1699 cives
190 1644 265 1698 inter
275 1660 305 1696 se
314 1643 639 1697 continetTuncauteni
652 1640 860 1711 separabuntur
900 1665 1000 1703 sonam
1011 1655 1089 1703 cenot
1102 1648 1241 1708 Ecclesia,
1254 1663 1315 1717 qna
1325 1648 1451 1717 qnotidie
1461 1650 1601 1704 eadithae
1611 1667 1700 1720 voces,

57 1750 159 1788 omnes
169 1733 247 1800 mali,
257 1749 308 1786 nec
320 1732 396 1787 ultra
409 1729 887 1819 invenienturinsocietatebono-13
909 1737 976 1805 quia
993 1738 1056 1807 ipsa
1070 1752 1117 1790 eas
1137 1735 1234 1789 mittit.
1251 1736 1332 1799 Quod
1351 1742 1448 1790 autem
1466 1737 1552 1792 dicits
1570 1743 1631 1793 Posi
1646 1742 1701 1796 hae

60 1839 135 1876 rum.
904 1842 961 1879 non
980 1832 1019 1879 est
1045 1825 1192 1879 diversitas
1213 1825 1358 1895 temporis,
1375 1826 1447 1879 sicut
1461 1827 1633 1893 dictumest,
1655 1830 1705 1886 sed

98 1914 132 1966 m
146 1913 454 1967 occcitliorcdoramet
470 1913 673 1965 tauricorumrl
687 1911 756 1964 illia
766 1925 866 1963 canoa·
904 1915 973 1968 0rdo
991 1913 1169 1968 narrationis.
1187 1913 1246 1968 ista
1259 1919 1353 1967 autem
1367 1931 1418 1968 vor
1436 1931 1548 1986 magna,
1569 1933 1705 1988 magnum

62 2002 169 2056 tiuin'ct
181 2003 258 2065 tubo,
270 2018 327 2056 tion
338 2002 470 2055 cridietur
479 2004 511 2055 in
521 2006 545 2054 te
556 2002 686 2067 amplius.
696 1997 737 2052 Ex
748 1999 792 2052 bis
801 2014 864 2068 qua
906 2012 949 2058 est
958 2009 1120 2057 sanctorum
1131 2002 1312 2066 desiderium,
1324 2019 1386 2072 quta
1395 2011 1470 2057 recte
1478 2021 1581 2075 magna
1590 2006 1704 2068 dicitur,

63 2090 195 2160 superius
209 2096 485 2153 commemoraverat,
497 2105 559 2158 quea
574 2089 610 2142 ad
624 2087 748 2158 quinque
765 2104 864 2142 sensus
906 2092 973 2162 quia
990 2092 1079 2145 sancti
1098 2107 1201 2160 magna
1224 2091 1388 2160 loquuntur,
1408 2109 1512 2162 magna
1537 2104 1702 2165 operantur.

64 2180 191 2250 corporis
200 2179 351 2249 pertinent,
361 2178 506 2248 subjungit
519 2194 582 2249 quie
593 2178 678 2232 simul
692 2177 777 2231 etiam
791 2177 865 2231 inter
905 2180 1057 2235 Multitudo
1071 2179 1214 2244 tubarum,
1228 2180 1335 2233 multus
1348 2187 1391 2233 est
1402 2188 1553 2236 conventus
1568 2185 1703 2241 fidelium.

63 2269 122 2322 alia
140 2268 174 2323 de
189 2268 294 2322 munde
315 2267 420 2322 aoierri
441 2266 575 2337 preadicit.
592 2266 695 2321 Omnia
708 2265 783 2322 enim
805 2266 866 2319 bae
906 2270 961 2324 Sed
987 2269 1115 2338 quamvis
1138 2268 1220 2321 multi
1243 2268 1309 2333 sint,
1329 2285 1414 2322 unam
1435 2286 1531 2324 vocem
1547 2273 1704 2328 emittunt:

64 2372 129 2419 crim
142 2355 327 2411 delectatione
343 2372 361 2409 a
376 2353 549 2424 principibus
562 2355 647 2424 liujus
661 2354 755 2408 saeculi
770 2352 866 2422 requi·
908 2358 974 2428 quia
985 2373 1068 2410 omne
1079 2356 1153 2426 qnod
1167 2357 1330 2426 loquuntur,
1343 2357 1372 2410 in
1384 2358 1469 2412 unius
1480 2360 1547 2415 fidei
1558 2363 1709 2418 concordia

64 2450 177 2510 cuntur,
190 2443 240 2498 sed
253 2450 320 2497 tunc
333 2442 368 2498 ab
382 2441 438 2495 illis
452 2442 623 2506 auferentur,
635 2441 702 2511 quia
713 2442 773 2511 iem
788 2440 866 2494 nulla
907 2444 1709 2522 consistit.1staesnnttubaepraedicatorumquibusseptem

66 2532 121 2585 erit
135 2532 176 2586 eis
190 2532 346 2597 delectatio,
363 2536 396 2586 ut
416 2537 481 2601 pote
499 2531 548 2600 qui
562 2531 592 2585 in
606 2535 747 2585 tormento
762 2529 867 2584 musti-
907 2533 1008 2587 diebus
1018 2532 1149 2587 Hiericho
1164 2533 1414 2602 circumeuntibus,
1425 2536 1498 2589 muri
1508 2537 1585 2592 illius
1594 2556 1709 2595 corrne-

65 2621 130 2685 tuti‚
148 2622 260 2676 aeternis
273 2621 582 2692 poeuiscruciabunbur.
594 2621 629 2674 Et
642 2619 766 2674 ostendit
778 2619 809 2673 in
822 2619 867 2672 his
907 2626 984 2687 runt,
1002 2621 1077 2691 quod
1101 2621 1218 2691 mystice
1239 2620 1268 2674 in
1283 2621 1336 2674 bae
1358 2623 1480 2676 Ecclesia
1494 2627 1660 2696 completur,
1679 2629 1710 2683 in

66 2708 198 2763 omnibus
212 2726 247 2764 ea
261 2727 320 2780 quac
335 2726 386 2780 per
400 2709 524 2779 quinque
544 2723 643 2762 sensus
664 2707 789 2777 corporis
803 2723 867 2760 cum
908 2726 964 2780 qua
979 2726 1029 2780 per
1042 2716 1149 2780 septem
1162 2710 1232 2775 dies,
1244 2711 1297 2763 hoc
1311 2715 1363 2777 est,
1375 2727 1426 2780 per
1440 2728 1522 2766 omne
1533 2719 1645 2786 tempus
1658 2717 1710 2771 hu·

62 2796 215 2850 dulcedine
229 2797 430 2867 percipiuntur,
445 2797 557 2868 penitus
570 2796 606 2849 ab
626 2797 678 2850 hoc
692 2796 793 2850 seculo
807 2811 868 2849 esse
905 2800 953 2867 J'us
968 2799 1031 2852 vitea
1045 2797 1273 2868 predicatoribus
1288 2799 1385 2853 tubam
1404 2801 1537 2856 doctrina
1552 2803 1709 2859 insonanti-

66 2885 232 2938 transitura.
245 2887 277 2939 ut
288 2890 379 2940 emitis
393 2887 498 2952 ariter
507 2885 581 2940 siem
594 2884 674 2950 saliri,
687 2882 865 2954 carpentarii,
909 2885 971 2951 bns,
987 2887 1077 2940 omnis
1091 2886 1225 2941 fortitudo
1239 2888 1394 2942 infidelium
1408 2889 1474 2944 ruit.
1489 2891 1620 2959 Alleluia,
1635 2895 1711 2950 Grae-

65 2973 225 3043 gemmarii,
235 2979 259 3028 et
268 2978 358 3033 earinis
368 2991 415 3030 ars
424 2977 457 3030 in
469 2980 492 3027 te
503 2990 559 3029 noa
569 2975 866 3039 inuenieturempliar,
910 2992 959 3029 cus
973 2991 1066 3028 sermo
1081 2980 1133 3041 est,
1153 2976 1252 3029 Latine
1266 2976 1369 3029 dicitur
1383 2994 1389 3029 ε
1412 2976 1534 3033 Laridotc
1547 2982 1708 3038 Hominum.

67 3068 92 3116 ct
101 3080 152 3119 cor
162 3065 479 3122 rnolanunoudielurin
487 3069 510 3116 te
518 3065 681 3130 eriipiius,et
693 3064 742 3115 tac
752 3064 869 3114 lucerne
910 3063 990 3117 Unde
1001 3069 1029 3116 et
1040 3062 1088 3116 ubi
1099 3079 1151 3116 nos
1164 3062 1193 3116 in
1205 3061 1308 3116 nostris
1318 3062 1460 3118 codicibus
1469 3064 1620 3123 habemus:
1634 3070 1711 3125 Lau·

68 3167 126 3204 non
139 3152 239 3204 iacebit
252 3152 302 3204 tibi
313 3153 444 3219 arripitur,
457 3156 482 3206 ct
496 3154 648 3217 aocspoasi
658 3155 682 3202 ct
697 3165 799 3216 sponsa
813 3113 899 3201 nonC
909 3152 1240 3218 date,paeri,1)omiaum
1253 3151 1453 3206 Graeeihabant
1462 3154 1713 3214 alleluia.Alleluia

68 3240 201 3292 uredictar
226 3240 316 3293 editoe
337 3243 369 3292 in
389 3245 419 3293 te.
445 3240 485 3293 dc
508 3239 532 3292 si
551 3239 665 3292 diceret.
691 3237 870 3306 Omniaque
910 3254 978 3308 ergo
999 3239 1090 3292 sancti
1105 3251 1246 3304 resonant,
1271 3240 1337 3309 quia
1351 3239 1446 3310 stipsi
1461 3240 1613 3299 Dominum
1628 3247 1712 3303 verbo

68 3328 104 3382 ad
124 3344 206 3382 nsum
228 3334 258 3382 et
280 3329 486 3397 jucunditatem
508 3328 659 3397 pertinent,
680 3327 816 3381 tollentur
834 3323 870 3377 ab
911 3334 939 3381 et
951 3328 1171 3398 operelaudant,
1184 3332 1213 3381 at
1225 3335 1339 3382 caeteros
1351 3334 1383 3382 ut
1394 3330 1713 3392 eademiaciantadmo-

67 3417 172 3487 impiis.
192 3417 229 3471 m
246 3433 332 3487 quare
350 3418 403 3471 boc
417 3419 476 3480 tint,
497 3415 671 3471 subinfertur
684 3430 778 3469 causa.
798 3416 870 3481 Quo-
911 3422 988 3470 nent.
1006 3417 1065 3470 floe
1079 3417 1206 3470 iecerunt
1230 3417 1418 3486 praecedentes
1438 3419 1583 3474 fortissimi
1606 3431 1710 3493 patres,

70 3509 149 3561 aiom
165 3511 326 3560 rricrcotores
343 3510 394 3567 tui,
413 3505 513 3576 inquit,
532 3510 613 3558 erant
625 3507 764 3573 principer
780 3508 868 3557 terrac.
910 3506 963 3559 hoc
977 3521 1028 3558 nos
1043 3505 1129 3558 etiam
1146 3505 1211 3557 licet
1223 3504 1336 3557 infirme
1350 3512 1444 3559 mente
1457 3509 1566 3576 parvuli
1581 3510 1710 3568 dicimus.

69 3593 124 3649 Isti
132 3600 198 3649 sunt
207 3601 387 3657 mercatores,
395 3595 429 3648 de
439 3594 541 3664 quibus
551 3610 637 3663 supra
647 3593 752 3647 dictum
761 3598 813 3656 θεῖ,
822 3591 869 3661 qni
911 3593 965 3648 Sed
973 3594 1033 3662 jam
1044 3592 1112 3662 quid
1123 3590 1218 3644 dicant
1229 3592 1392 3646 audiamus:
1406 3596 1538 3656 Alleluia,
1551 3600 1612 3651 tour
1624 3605 1649 3652 et
1657 3604 1713 3668 plo·

69 3690 103 3738 ut
115 3686 236 3738 bonores
250 3684 419 3754 temporales
434 3683 487 3737 sibi
507 3683 664 3753 acquirant,
680 3681 790 3739 animas
804 3696 870 3734 suas
911 3685 988 3734 rioci
998 3684 1088 3733 virtus
1099 3681 1151 3733 Deo
1165 3685 1268 3733 nostro.
1281 3681 1340 3735 Hoc
1349 3681 1424 3734 enim
1435 3683 1548 3738 alleluia
1558 3686 1650 3742 dicere
1660 3690 1712 3745 sci-

68 3773 174 3828 inielici
186 3773 353 3828 commercio
368 3778 551 3826 commutant.
566 3772 602 3825 Et
614 3770 727 3834 idcirco,
742 3769 807 3838 quia
820 3769 871 3823 Ba·
910 3769 986 3833 licet,
1003 3769 1078 3837 quod
1099 3768 1161 3822 laus
1177 3785 1182 3820 :
1200 3769 1266 3837 qnia
1289 3769 1379 3823 omnis
1397 3777 1526 3827 creatura
1545 3776 1664 3832 ccelesiis
1683 3784 1713 3834 et

71 3860 276 3930 bylonterrena
286 3861 395 3931 quaerit,
404 3876 464 3930 quoe
475 3858 649 3913 utiturbonis
656 3855 869 3926 temporalibus,
910 3858 1054 3911 terrestris
1068 3858 1158 3911 Deum
1173 3856 1288 3910 laudare
1302 3857 1394 3911 debet.
1405 3860 1440 3913 Et
1452 3861 1553 3931 gloria,
1564 3862 1593 3918 id
1608 3871 1650 3920 est
1662 3868 1713 3922 ho·

67 3956 100 4005 et
113 3950 176 4020 ipsa
187 3950 263 4019 justo
278 3949 329 4002 Dei
340 3948 447 4018 judicio
460 3948 617 4012 iraudatur,
634 3953 662 4000 et
676 3945 787 4000 atemie
802 3961 869 4015 sup-
910 3962 963 4000 nor
977 3952 1006 4000 et
1015 3946 1176 3999 exsultatio.
1190 3946 1225 3998 Et
1235 3946 1323 4000 virtus
1334 3947 1391 4001 Deo
1402 3956 1498 4004 nostro
1511 3955 1563 4018 cst,
1575 3954 1642 4024 quia
1651 3956 1711 4026 ipse

67 4039 161 4110 pliciis
175 4038 335 4092 damnanda
348 4037 547 4106 submergitur.
564 4037 604 4092 Ex
622 4035 690 4106 ipsis
704 4035 779 4089 enim
795 4033 870 4104 regi·
909 4035 977 4089 vicit
998 4034 1152 4100 diabolum,
1165 4039 1194 4088 et
1209 4034 1305 4088 electis
1319 4035 1377 4089 suis
1400 4041 1568 4106 potestatem
1583 4042 1712 4099 vincendi

69 4127 123 4183 bus
137 4134 219 4182 terrae
229 4144 261 4181 ac
275 4126 478 4182 mercatoribus
487 4126 574 4196 impia
583 4125 680 4179 civitas
688 4129 809 4188 constat,
822 4122 870 4192 qui
910 4123 1018 4185 tribuit,
1035 4122 1138 4194 quibus
1151 4123 1213 4194 ipse
1226 4122 1313 4177 dicit:
1331 4124 1472 4193 Oonflditc,
1488 4144 1534 4196 epo
1554 4133 1609 4185 cici
1626 4149 1712 4189 mun.

70 4223 100 4274 et
111 4234 178 4272 suas
193 4217 301 4271 animas
313 4217 424 4271 venales
438 4209 553 4277 addat.
567 4220 596 4269 et
609 4214 739 4269 elationis
753 4214 828 4267 fastu
840 4213 871 4266 in
908 4215 980 4267 dam
994 4215 1084 4279 (loon.
1100 4221 1165 4279 xm).

70 4306 233 4376 superbiam
244 4307 398 4361 elevantur.
410 4306 480 4371 Quia
490 4307 522 4358 in
531 4307 674 4371 mactetis,
684 4303 713 4357 id
723 4307 766 4356 θεῖ
775 4303 803 4355 in
814 4318 872 4355 ma·
949 4304 1020 4369 Quia
1029 4316 1094 4354 vera
1105 4304 1214 4368 etjarta
1224 4301 1406 4368 sanliudicia
1414 4303 1597 4371 eianuibus
1606 4311 1712 4369 scilicet

70 4395 179 4460 letioiis,
192 4399 246 4449 tuis
260 4397 424 4447 erraverunt
438 4408 530 4447 ornnes
540 4397 640 4460 pentes.
658 4392 729 4446 Hinc
743 4391 897 4484 manifes-D
909 4389 1055 4458 judicavit.
1067 4393 1100 4442 ut
1114 4389 1143 4441 bi
1154 4388 1201 4458 qui
1212 4389 1378 4458 sanguinem
1392 4389 1533 4459 inderent,
1546 4400 1713 4468 sanguinem
1777 4390 1779 4395 ⁴

72 4489 160 4547 tatur,
170 4485 236 4554 quia
247 4484 320 4539 sicut
328 4482 453 4537 Ecclesia
459 4481 488 4536 in
494 4498 593 4538 omncs
602 4481 701 4536 mundi
709 4487 808 4550 gentes
818 4481 872 4534 dis·
911 4478 1016 4541 bibant,
1027 4477 1080 4531 boc
1089 4482 1142 4542 cst,
1150 4477 1301 4530 vindictam
1312 4480 1456 4548 sanguinis
1467 4485 1634 4540 sustineant.
1642 4489 1714 4544 Hinc

71 4573 208 4638 tenditur,
223 4574 265 4628 ita
282 4579 312 4627 et
331 4572 465 4642 Babylon.
482 4570 603 4625 Maxime
622 4575 716 4623 autem
733 4570 872 4640 principes
912 4567 1064 4622 Psalmista
1075 4565 1160 4620 dicit:
1177 4568 1272 4619 iustus
1286 4583 1321 4630 es,
1339 4568 1462 4631 Homine,
1474 4576 1499 4622 ct
1514 4579 1620 4626 rectam
1630 4579 1712 4643 jadi-

70 4662 262 4731 buiuseeaonli
275 4662 398 4717 ostendit
411 4661 533 4715 avaritia
548 4660 652 4714 servire
666 4660 696 4713 in
711 4660 755 4713 bis
768 4657 870 4724 verbis,
913 4657 1169 4722 ciumtuamtl'sol.
1180 4655 1519 4722 exunt-Quijouicaoit
1530 4660 1561 4713 dc
1572 4665 1713 4718 meretrice

69 4767 193 4821 quorum
208 4752 343 4822 exemplis
354 4757 456 4806 caetera
469 4751 542 4821 perit
556 4749 717 4804 multitudo.
910 4760 1026 4812 acapna,
1036 4744 1064 4798 id
1070 4743 1239 4797 estdeomni
1247 4742 1385 4795 melorum
1394 4743 1714 4814 multitudineouacor.

99 4842 133 4897 st
142 4841 566 4908 ineesanpairproplreierumet
576 4841 872 4892 sanctoruminventas
914 4837 992 4901 rapit
1006 4840 1121 4898 terrain,
1134 4833 1187 4886 hoc
1198 4838 1249 4892 est,
1262 4831 1391 4901 seipsam.
1404 4833 1437 4886 ln
1444 4838 1640 4900 prostitutione
1648 4855 1710 4898 sua.

71 4936 121 4994 cst,
137 4936 162 4985 et
177 4934 303 4984 carinium
320 4932 370 4997 qui
389 4930 527 4995 interiecti
544 4933 611 4981 sant
626 4930 657 4980 in
672 4933 756 4980 tarra.
774 4927 872 4980 Sermo
913 4922 1023 4975 Hocest
1030 4922 1059 4975 in
1069 4920 1404 4984 immunditiarurnis,vel
1412 4920 1584 4978 inidolorum
1591 4926 1712 5000 cultura,

71 5019 184 5074 divinus
197 5019 348 5088 aliquando
362 5017 487 5087 loquitur
501 5016 536 5068 ad
551 5014 731 5085 Babylonem,
743 5015 824 5084 quasi
837 5014 873 5067 ad
914 5026 964 5065 seu
974 5010 1057 5064 enam
1065 5010 1095 5063 in
1105 5007 1258 5063 delectione
1265 5013 1441 5063 terrenarum
1448 5026 1543 5066 rerum
1553 5013 1616 5085 plus
1627 5033 1713 5089 quam

70 5108 226 5163 secundam
240 5121 400 5177 personam,
415 5103 566 5174 aliquando
580 5103 615 5156 de
621 5102 781 5176 ‚Babylona
793 5101 874 5171 quasi
914 5098 1441 5165 eoelastium.iitvindicaritsanpuincm
1449 5098 1713 5163 servorumsuorain

69 5195 290 5250 ostentamen
299 5192 509 5262 enimsnparius
518 5210 523 5244 :
533 5193 874 5257 Omnisartiserctomntr
914 5188 945 5239 de
958 5201 1045 5239 manu
1056 5190 1128 5254 ejus.
1142 5185 1213 5249 Quia
1224 5185 1298 5239 sicut
1311 5184 1351 5238 illi
1366 5185 1524 5242 eiluderunt
1539 5205 1637 5248 eorum
1649 5210 1713 5250 san·

72 5300 121 5339 ors·
132 5301 189 5339 aon
199 5288 358 5338 invenietur
368 5287 399 5337 in
411 5287 435 5335 te
445 5283 575 5348 arripitur,
586 5279 790 5345 etc.,similiter
799 5294 874 5332 nnnc
913 5275 1040 5344 guinem,
1060 5275 1101 5328 ita
1123 5280 1151 5327 et
1173 5275 1231 5344 ipse
1255 5274 1328 5327 ludit
1341 5275 1505 5345 sanguinem
1520 5278 1642 5336 illorum.
1660 5284 1712 5338 Vel

72 5374 253 5429 autemdicit
268 5392 273 5427 :
291 5373 325 5428 Et
339 5376 467 5426 inventas
482 5373 520 5423 ccl
534 5371 566 5421 in
580 5384 611 5422 ca
630 5371 744 5435 sanquis
756 5368 873 5434 propltc-
914 5364 1079 5417 effusionem
1092 5363 1235 5432 sanguinis
1249 5378 1398 5434 possumus
1412 5364 1567 5438 intelligere
1582 5371 1713 5440 spiritua·

74 5468 171 5517 taram
185 5467 209 5517 ct
224 5463 453 5528 sanctorum,qai
465 5458 604 5524 interiecti
616 5462 683 5509 sant
696 5459 727 5508 ia
741 5461 825 5508 terra.
842 5456 874 5510 In
912 5454 989 5518 liter,
1007 5453 1080 5507 sicut
1102 5459 1131 5506 ct
1153 5468 1247 5522 supra.
1264 5452 1436 5522 Sanguinem
1461 5455 1536 5509 enim
1551 5464 1713 5522 sanctorum

70 5552 178 5630 quibus
191 5551 282 5608 vanis
295 5550 471 5626 ammaim
485 5548 705 5615 demonstratur,
720 5543 751 5599 in
765 5545 821 5598 bac
834 5544 875 5599 ci·
913 5543 1058 5609 fuderunt,
1076 5541 1143 5611 quia
1156 5541 1330 5612 spiritualem
1345 5558 1459 5598 sensum
1473 5552 1668 5615 corruperunt.
1678 5549 1711 5610 Et
