3818 6104
74 269 108 327 65
575 270 785 328 catenario
805 272 844 328 lN
865 270 955 328 OSEE
972 272 1204 331 PROPllETAM.
1674 279 1710 338 de

73 392 143 448 mihi
157 393 304 449 servitutis
318 410 433 450 censum
447 394 611 466 impendere
622 396 727 464 volens,
744 396 834 451 fectus
843 397 1098 457 eshcomedebaut
1107 415 1196 472 usque
1205 399 1242 454 ad
1255 400 1407 471 septimum
1415 400 1598 458 diemPn’ma
1608 404 1711 476 quippe

72 483 144 538 sicut
159 481 256 554 populi
267 482 315 554 qui
331 483 464 554 ignorant
478 501 533 550 me,
551 484 599 555 qui
614 484 698 538 eham
711 485 740 539 in
755 485 873 540 suis-diis
913 486 958 540 die
970 486 1077 542 flebant
1091 495 1244 554 mortuum,
1260 488 1351 544 adbuc
1364 489 1394 544 in
1410 491 1507 546 eadem
1523 491 1606 546 domo
1617 493 1712 563 jacen-

72 572 206 627 lretantur
219 578 249 627 et
258 573 461 644 gaudentNoli
476 589 542 644 argo
554 573 688 644 gaudere,
704 573 772 644 qnia
784 573 873 628 forni-
913 575 1153 647 tem.1>0stcujus
1169 578 1343 647 sepulturam
1358 579 1492 634 feretrum
1507 580 1537 634 in
1552 581 1645 635 medio
1661 598 1712 653 po·

72 665 153 715 tatus
167 677 198 715 es
211 677 230 714 a
241 662 299 716 Deo
315 667 374 727 tuo,
388 666 417 715 et
431 661 489 715 noli
503 667 531 714 te
545 667 645 733 putare
659 662 745 716 talem
760 667 793 717 nt
807 667 875 718 sunt
914 664 1043 729 uebatur,
1054 670 1083 718 et
1098 665 1177 736 quasi
1192 672 1329 736 presente
1342 673 1454 722 mortno
1471 668 1711 726 lamentabantur.

72 754 182 804 cetere
194 750 439 821 gentes,quoniam
453 749 536 803 aliter
549 750 676 804 nesciens
684 751 781 815 Deum,
791 751 874 805 aliter
915 752 1075 808 Secundum
1092 755 1162 808 hanc
1176 753 1270 825 itaque
1297 755 1528 811 consuetudinem
1554 757 1624 813 dicit
1650 775 1714 830 pro·

72 842 169 892 autern
186 837 304 909 punitur
328 837 462 892 recedens
475 854 493 892 a
507 838 574 893 Deo.
589 838 692 892 Servus
715 843 809 892 autern
824 837 872 909 qui
914 842 1283 912 pheta:«Sacrificiae01-um
1293 845 1458 916 quasipanis
1469 846 1711 917 lugentiumnetc.

73 927 126 981 scit
138 927 314 982 voluntatem
326 926 433 980 domini
447 925 500 990 sui,
517 933 546 981 et
560 943 615 980 non
629 926 697 980 fecit
710 942 873 998 eam,vapn·
915 929 953 984 Et
964 940 1007 984 est
1020 947 1130 985 sensns:
1149 932 1236 986 Sicuti
1246 948 1280 986 ea
1294 948 1356 1003 quae
1370 932 1399 986 in
1411 933 1605 989 modomortui
1619 940 1710 999 erant,

73 1013 144 1068 labit
159 1015 291 1068 multum.
309 1012 463 1069 «Dilexisti
486 1014 643 1069 mercedem
665 1029 751 1085 super
776 1030 874 1069 omnes
915 1019 1061 1073 immunda
1082 1018 1188 1073 fiebant
1211 1024 1320 1090 septem
1331 1020 1429 1075 diebus
1455 1021 1557 1093 quibus
1580 1023 1715 1095 lugebant

74 1117 155 1156 areas
174 1101 297 1158 tritici.»
313 1101 458 1156 Perareas
472 1107 500 1155 et
518 1101 656 1168 triticum,
671 1101 874 1157 abundantiam
915 1113 1068 1169 mortuum,
1084 1108 1212 1179 quisquis
1225 1107 1463 1164 indecomedisset
1475 1117 1525 1164 aut
1533 1109 1650 1167 bibisset
1659 1112 1714 1166 im·

75 1190 203 1246 omnium
213 1207 308 1245 rerum
321 1190 523 1261 intelligamus,
541 1190 642 1262 quibus
657 1190 731 1245 idem
754 1191 875 1261 populus
917 1195 1037 1250 mundus
1052 1195 1146 1261 nebat,
1159 1195 1198 1250 sic
1208 1194 1322 1250 illorum
1338 1197 1483 1263 sacrificia,
1497 1199 1545 1268 qui
1563 1199 1645 1255 idolis
1661 1200 1715 1255 im·

74 1279 230 1345 fruebatur,
242 1279 407 1351 quaomnia
415 1279 530 1350 putabat
540 1278 593 1333 sibi
602 1296 663 1334 esse
672 1279 738 1333 data
748 1295 876 1350 promer·
915 1284 1032 1350 molant,
1050 1284 1197 1339 immunda
1212 1293 1288 1348 sunt,
1299 1290 1358 1339 mm
1371 1284 1434 1355 ipsa
1447 1301 1532 1355 quam
1542 1287 1590 1359 qni
1602 1289 1713 1344 eaode-

76 1368 151 1433 cede,
170 1384 204 1421 eo
218 1367 293 1438 quod
305 1367 440 1422 derelicto
457 1367 516 1421 Deo
530 1366 645 1437 coeperit
673 1366 749 1421 idola
771 1367 872 1421 colere.
914 1377 982 1427 runt
995 1373 1037 1427 vel
1052 1371 1212 1426 comedunt.
1231 1372 1519 1444 ‹Quiapaniseorum
1528 1374 1629 1429 animae
1641 1375 1715 1447 ipso·

76 1457 177 1510 Omnia
186 1460 262 1511 enim
274 1473 336 1527 quae
347 1457 427 1511 aDeo
435 1461 608 1526 perceperat,
618 1455 700 1509 idolis
709 1454 874 1526 deputabat,
915 1477 987 1526 rum,
1000 1480 1014 1512 s
1029 1460 1164 1515 subaudis
1177 1466 1360 1531 preparatur,
1372 1461 1399 1516 id
1416 1467 1468 1523 est,
1485 1462 1579 1517 adhoc
1592 1463 1715 1519 offerunt

76 1560 159 1615 qnam
189 1543 225 1598 ob
240 1560 299 1599 rem
312 1545 390 1614 iusto
403 1543 574 1616 Deijudicio
589 1544 648 1598 haec
662 1543 758 1598 omnia
772 1543 812 1598 eis
826 1558 875 1597 an·
915 1564 1016 1620 panem
1027 1555 1055 1603 et
1067 1555 1166 1604 catera
1176 1549 1270 1616 idolis,
1288 1556 1317 1604 ut
1332 1550 1397 1604 inde
1422 1550 1563 1606 satientur
1587 1557 1616 1606 et
1641 1568 1714 1622 gau-

75 1632 141 1687 ferri
156 1632 312 1693 minantur,
326 1648 389 1687 cnm
405 1631 552 1687 subditur:
915 1636 1000 1692 deant
1013 1637 1042 1691 in
1057 1637 1188 1709 prasenti
1203 1638 1268 1691 rita.
1284 1639 1387 1693 Anima
1402 1639 1447 1693 hic
1456 1655 1506 1710 pro
1516 1640 1572 1693 vita
1582 1639 1715 1709 presenti

111 1723 212 1776 «Area
222 1727 251 1775 et
264 1721 389 1776 torcular
398 1738 454 1776 non
468 1726 565 1792 pascet
579 1737 636 1786 eas,
655 1740 667 1772 s
683 1720 711 1774 id
740 1725 792 1786 est,
806 1709 904 1775 mit-B
915 1725 1039 1796 ponitur,
1052 1726 1124 1780 sicut
1134 1726 1272 1780 soletfieri
1282 1727 1310 1780 in
1325 1727 1418 1781 divino
1433 1728 1555 1799 eloquio,
1571 1728 1645 1782 unde
1660 1734 1715 1798 est,

77 1814 132 1863 tarn
147 1809 206 1863 illis
216 1809 342 1881 inopiam
352 1809 441 1873 famis,
457 1814 489 1864 ut
503 1811 533 1863 in
547 1809 621 1863 areis
638 1825 694 1863 non
712 1809 874 1863 inveniatur
915 1814 969 1878 Qui
982 1821 1059 1869 amat
1072 1815 1195 1869 animam
1207 1830 1299 1880 suam,
1315 1815 1414 1885 perdet
1426 1831 1517 1870 eamn
1526 1815 1589 1870 Non
1596 1816 1714 1872 intrabit

76 1898 214 1966 triticum,
230 1898 360 1970 nequein
372 1897 560 1953 torcularibus
572 1897 874 1962 vinquuodfactum
914 1902 944 1955 iu
958 1901 1074 1957 domum
1089 1901 1210 1956 Domini.
1226 1920 1240 1955 a
1255 1902 1326 1965 Quia
1340 1901 1533 1957 videlicetnon
1549 1904 1715 1959 Dominoof·

78 2003 134 2041 esse
153 1992 265 2041 constat
279 1986 453 2058 temporibus
468 1987 535 2042 Elisa
549 1992 578 2041 et
591 1986 683 2052 Elisei,
697 1986 874 2057 quandoma·
914 1989 1013 2056 fertur,
1025 1990 1074 2045 sed
1088 1989 1273 2044 daemonibus.
1290 1989 1439 2044 Sciendum
1453 1996 1547 2045 autam
1557 1991 1624 2062 qnia
1632 1992 1714 2063 panis

78 2079 142 2140 tres,
151 2079 271 2145 cogente
282 2075 366 2142 fame,
377 2076 499 2130 filiorum
509 2092 625 2130 suorum
637 2074 819 2130 cadaveribus
828 2090 875 2145 pa·
915 2096 966 2150 pro
978 2078 1055 2132 omni
1069 2078 1131 2132 cibo
1144 2083 1172 2131 et
1181 2077 1318 2131 sacrificio
1329 2077 1452 2148 ponitur.
1468 2079 1509 2133 De
1520 2079 1659 2134 haereticis
1670 2079 1714 2134 fa-

79 2163 236 2219 scebantur.
254 2183 265 2214 ι
281 2165 316 2218 Et
330 2164 424 2219 vinum
441 2166 594 2219 mentietur
608 2165 658 2226 eis,
674 2184 685 2216 s
701 2164 730 2219 id
745 2169 789 2218 est
804 2163 874 2218 defl-
916 2167 977 2222 citis
989 2171 1032 2220 est
1040 2166 1210 2232 intellectus,
1226 2165 1274 2236 qui
1286 2181 1343 2221 non
1356 2165 1485 2220 habitant
1498 2166 1528 2223 iu
1549 2167 1633 2222 domo
1661 2169 1717 2224 Do·

79 2252 138 2318 ciet,
156 2269 209 2307 nec
223 2254 279 2306 erit
291 2253 320 2307 in
334 2253 423 2309 vineis
438 2259 489 2308 aut
497 2252 693 2319 torcularibus,
709 2252 783 2306 sicut
792 2258 875 2323 puta·
916 2255 995 2319 mini,
1010 2256 1064 2309 hoc
1077 2260 1129 2320 est,
1145 2254 1174 2309 in
1184 2253 1307 2308 Ecclesia
1322 2254 1457 2319 fidelium,
1472 2271 1534 2327 quse
1548 2262 1714 2327 propterso·

79 2339 153 2396 bant.
169 2340 281 2396 Dicitur
294 2345 322 2395 et
331 2340 470 2395 hereticis
488 2357 525 2395 ne
541 2341 695 2412 gaudeant,
712 2341 761 2411 qui
775 2343 876 2411 putant
916 2341 1053 2397 liditatern
1068 2341 1133 2396 fidei
1148 2356 1221 2412 sepe
1236 2347 1310 2396 terra
1325 2343 1491 2413 appellatur.
1508 2343 1580 2398 Hinc
1593 2346 1716 2402 loannes

80 2447 106 2485 se
117 2430 227 2485 similes
237 2446 299 2484 esse
312 2429 454 2500 gentibus,
470 2430 538 2485 dum
562 2429 597 2484 ab
614 2429 723 2484 unitate
746 2428 877 2484 Ecclesiae
916 2431 997 2486 dicit:
1016 2432 1079 2486 «Ex
1093 2430 1174 2486 nobis
1187 2431 1325 2498 exierunt,
1337 2430 1385 2485 sed
1395 2447 1452 2486 non
1462 2437 1542 2486 eraut
1552 2448 1584 2486 ex
1596 2432 1686 2488 nobis.
1701 2452 1713 2484 s

80 2520 222 2582 recedunt,
239 2519 373 2589 quoniam
388 2518 512 2589 quisine
533 2519 594 2589 lege
612 2523 805 2589 peccaverunt,
816 2518 877 2574 sine
917 2522 953 2577 Et
963 2525 1140 2575 revertentur
1148 2520 1178 2574 in
1191 2520 1353 2592 AEgyptum,
1369 2536 1455 2591 opera
1476 2520 1633 2576 infidelium
1654 2520 1717 2575 imi·

81 2608 137 2679 lege
152 2607 296 2679 peribunt,
308 2606 356 2678 qni
370 2615 465 2662 autern
480 2612 543 2678 post
563 2607 615 2661 Dei
635 2606 765 2661 notitiam
784 2623 876 2661 reces·
917 2614 1018 2664 tentes.
1036 2609 1116 2666 Unde
1130 2614 1160 2662 et
1181 2608 1256 2662 inter
1270 2607 1401 2679 Assyrios
1424 2609 1532 2678 polluta
1553 2609 1719 2686 comedunt,

82 2697 166 2752 serint
179 2713 197 2751 a
212 2700 291 2750 recta
317 2695 382 2761 tide,
403 2696 517 2766 gravius
531 2695 692 2767 punientur.
711 2695 765 2760 Qui
790 2695 877 2750 etiam
916 2697 984 2751 dum
999 2697 1168 2751 insocietate
1178 2696 1337 2751 demonum
1349 2696 1602 2766 voluptatibussuis
1612 2698 1717 2753 satian-

81 2783 282 2856 temporalibus
294 2784 375 2839 bonis
389 2783 575 2850 abundantes,
594 2800 662 2839 area
688 2789 717 2839 et
741 2782 877 2838 torculari
917 2790 973 2850 tur,
989 2801 1041 2839 nec
1050 2784 1264 2839 libantDomino
1271 2783 1453 2854 vinnamqnia
1463 2785 1649 2855 spiritualiter
1658 2802 1717 2842 non

84 2878 204 2945 [corpore
213 2872 321 2926 scilicet
335 2877 363 2926 et
378 2871 514 2942 sanguine
526 2872 640 2942 Christi)
655 2889 712 2927 non
725 2873 874 2939 satiantur,
917 2874 1049 2928 latentur
1062 2873 1091 2927 in
1105 2873 1177 2944 ipso.
1193 2872 1273 2927 Unde
1289 2889 1346 2927 uon
1359 2872 1510 2943 placebunt
1523 2874 1558 2935 ei,
1574 2874 1624 2928 sed
1638 2891 1716 2946 quae·

83 2961 144 3033 quia
157 2961 227 3016 dum
242 2960 357 3031 indigne
371 2960 530 3026 comedunt,
545 2967 713 3033 perpetuum
726 2961 833 3016 luctum
849 2965 878 3015 et
918 2977 1029 3033 cunque
1051 2961 1179 3025 fecerint,
1203 2961 1351 3017 immunda
1377 2961 1591 3032 reputabantur.
1602 2963 1661 3019 Nec
1685 2963 1715 3019 in

84 3057 184 3104 aterna
194 3049 249 3103 sibi
265 3053 407 3103 tormenta
416 3053 586 3120 preparant.
918 3050 1032 3105 domum
1043 3050 1154 3105 Domini
1165 3049 1272 3104 intrare
1285 3053 1427 3120 poterunt,
1444 3050 1512 3122 quia
1534 3067 1616 3106 omne
1641 3053 1717 3123 quod

115 3139 205 3193 «Non
219 3137 388 3193 habitabunt
402 3138 431 3193 in
445 3142 521 3192 terra
536 3137 659 3196 Domini.
680 3139 768 3195 »lion
784 3138 877 3193 solum
917 3137 1024 3192 faciunt
1046 3142 1170 3191 vertetur
1184 3136 1213 3191 in
1226 3136 1347 3192 luctum:
1367 3137 1433 3207 quia
1449 3139 1484 3192 sd
1499 3139 1551 3192 boe
1565 3138 1639 3194 bona
1653 3156 1719 3211 ope·

84 3228 228 3298 maumam
243 3225 327 3280 famis
337 3226 480 3297 patientur
491 3227 521 3280 in
531 3231 617 3290 terra,
629 3242 712 3298 quam
724 3244 741 3280 a
755 3224 877 3282 Domino
917 3231 1026 3292 rantur,
1038 3231 1070 3280 ut
1084 3224 1166 3280 verba
1177 3224 1393 3296 predicationis,
1409 3243 1470 3297 que
1485 3227 1566 3298 panis
1575 3229 1718 3300 appellau-

84 3321 258 3389 acceperunt,
275 3316 324 3370 sed
338 3315 422 3370 etiam
433 3316 462 3370 iu
472 3315 663 3388 captivitatem
677 3315 878 3384 ducentur,nec
917 3319 975 3381 tur,
985 3314 1045 3369 sais
1054 3313 1230 3369 auditoribus
1242 3312 1417 3384 impendant,
1423 3320 1457 3368 ut
1468 3314 1497 3369 in
1509 3317 1640 3387 praesenti
1648 3333 1719 3387 gau·

84 3413 197 3476 possunt
210 3404 339 3460 habitare
349 3405 377 3458 in
388 3410 474 3472 terra,
489 3421 573 3476 quam
588 3405 646 3460 suis
656 3404 807 3460 sceleribus
820 3406 879 3477 pol·
918 3402 1013 3469 deant,
1026 3402 1213 3474 exspoliantes
1223 3402 1321 3457 domos
1331 3402 1718 3477 viduarnmsuadeceptioue.

84 3493 231 3548 luerunt«
251 3493 389 3548 Reversus
403 3498 446 3547 est
474 3493 605 3563 Ephraim
634 3493 664 3547 in
684 3492 876 3564 AEgyptum.»
919 3509 981 3564 quae
995 3491 1173 3547 comedentes
1186 3491 1431 3547 contaminantur:
1449 3493 1516 3563 quia
1537 3495 1585 3566 qui
1612 3495 1718 3550 doctri·

85 3581 221 3636 Subaudis
233 3581 327 3645 corde,
343 3581 396 3647 vel,
410 3581 483 3636 sicut
496 3598 582 3652 supra
591 3581 825 3649 dictumest,deos
834 3598 880 3637 eo·
919 3597 986 3636 nam
998 3580 1194 3634 hereticorum
1219 3580 1383 3652 suscipiunt,
1396 3581 1535 3637 immundi
1556 3585 1639 3639 fiunt.
1652 3585 1717 3639 Ha·

85 3686 141 3725 rum
151 3670 764 3742 colendo.Etinassyriispollutnmcornedit.
778 3689 791 3722 s
803 3671 881 3726 Sicut
920 3670 1071 3725 raticorum
1087 3668 1163 3723 enim
1179 3667 1367 3724 conciliabula
1380 3686 1437 3725 non
1452 3669 1552 3725 domus
1574 3671 1626 3727 Dei
1638 3678 1716 3740 sunt,
1739 3686 1742 3692 '

86 3760 153 3814 enim
168 3759 197 3814 in
212 3765 290 3813 terra
303 3774 354 3813 sna
373 3759 529 3830 idolothyta
543 3758 735 3820 comedebant,
748 3760 787 3813 ita
802 3759 880 3814 ducti
920 3759 969 3814 sed
979 3759 1112 3828 spelunca
1124 3757 1266 3811 latronum
1285 3758 1471 3829 appellantur.

85 3843 495 3919 incaptiritatem,inhssyriis
505 3847 879 3903 sacrificiisdaemonumve·
957 3846 1056 3911 «Quid
1073 3845 1179 3900 facietis
1194 3846 1223 3899 in
1238 3845 1284 3899 die
1303 3847 1432 3913 solemni,
1449 3846 1532 3902 indie
1559 3849 1719 3905 festivitatis

87 3935 249 3990 icebantur:
267 3950 329 4006 quse
347 3934 415 3988 dum
436 3933 519 3988 idolis
548 3933 749 4001 offerebantur,
773 3935 881 4007 polluta
920 3934 1052 3990 Domini?
1066 3953 1079 3986 s
1095 3934 1176 3988 Diem
1190 3934 1345 3988 solemnem
1358 3935 1401 3989 vel
1415 3935 1574 3990 festivitatis
1594 3937 1718 4004 Domini,

88 4023 196 4079 fiebant.
921 4022 1055 4078 debemus
1066 4022 1223 4091 intelligere
1236 4021 1279 4076 vel
1292 4023 1463 4093 captivitatis
1475 4029 1586 4094 tempus
1601 4030 1630 4078 et
1640 4025 1722 4080 mise·

117 4113 180 4167 Non
195 4110 324 4166 libabunt
337 4111 457 4166 Domino
479 4110 583 4175 sinum,
601 4129 615 4165 s
630 4111 679 4166 sed
694 4110 879 4178 demonibus,
921 4112 1038 4178 riarum,
1056 4127 1111 4182 quo
1122 4109 1273 4165 vindictam
1283 4110 1319 4165 de
1333 4110 1392 4166 suis
1406 4110 1527 4165 inimicis
1540 4117 1569 4166 et
1591 4112 1720 4169 hostibus

91 4206 143 4255 ret
155 4216 213 4255 non
226 4199 377 4271 placebunt
387 4200 550 4272 ei.·Neqne
562 4200 636 4254 enim
647 4200 701 4272 ipsi
711 4200 740 4255 in
750 4200 882 4255 Chaldaea
922 4201 1054 4256 exercuit.
1068 4200 1146 4255 Licet
1155 4199 1230 4254 enim
1244 4216 1342 4254 omnes
1366 4199 1425 4255 dies
1453 4199 1567 4256 Domini
1595 4201 1721 4272 sint‚illa

90 4288 165 4359 positi
181 4288 302 4343 Domino
315 4287 410 4343 unum
424 4287 512 4343 libare
527 4293 666 4359 poterant,
679 4305 736 4344 non
745 4288 881 4344 habentes
921 4294 1017 4344 tamen
1031 4287 1145 4358 proprie
1152 4288 1214 4357 ejus
1224 4303 1286 4342 esse
1299 4287 1411 4355 dicitur,
1426 4305 1487 4359 quae
1501 4288 1652 4344 vindictam
1660 4290 1722 4346 red·

90 4378 221 4450 templum
235 4377 279 4431 vel
291 4376 390 4441 altare,
410 4376 510 4448 inquo
526 4377 585 4431 haec
602 4376 735 4432 facerent.
752 4397 763 4429 ι
789 4366 988 4433 Sacri-Deera
996 4376 1115 4446 cogitur.
1131 4375 1203 4430 Cum
1218 4374 1334 4442 venerit,
1349 4375 1450 4446 inquit,
1466 4376 1527 4431 dies
1540 4377 1720 4449 captivitatis,

90 4466 147 4520 heia
160 4482 260 4521 eorum
271 4465 351 4536 quasi
365 4465 445 4537 panis
459 4465 731 4536 lugentiumomnes
748 4466 797 4538 qui
808 4482 883 4522 com·
922 4469 951 4518 et
965 4462 1133 4518 saevissimus
1143 4462 1232 4516 bostis
1245 4463 1393 4534 ingruerit,
1405 4480 1466 4535 quae
1480 4464 1510 4519 in
1517 4481 1551 4519 ea
1558 4465 1722 4521 solemnitas

91 4554 173 4609 edum
187 4571 263 4620 eum,
278 4553 554 4610 contaminabuntur.
571 4573 585 4608 s
600 4554 682 4626 Apud
696 4555 807 4610 Judaeos
819 4572 883 4610 cnm
924 4557 976 4616 est,
991 4567 1076 4622 quam
1092 4566 1144 4622 ego
1158 4550 1248 4606 habeo
1257 4551 1433 4622 placabilem,
1450 4553 1517 4625 quia
1534 4570 1579 4608 me
1599 4553 1723 4610 vindicat

91 4659 138 4713 pro
154 4642 443 4699 mortuosacrifrcium
461 4642 640 4709 offerebatur,
668 4643 795 4715 quisquis
819 4644 885 4698 inde
925 4641 959 4695 de
975 4639 1045 4694 meis
1059 4639 1196 4707 hostibus,
1212 4641 1360 4712 etinjuriae
1373 4642 1451 4713 ponit
1465 4642 1590 4707 modum,
1603 4642 1723 4714 quidse-

91 4731 263 4798 oomedisset,
275 4731 437 4786 immundus
451 4730 535 4786 tiebat
548 4735 578 4786 et
591 4730 662 4802 ipse,
674 4737 703 4787 et
716 4733 885 4788 sacrificium
925 4728 1020 4784 cietisl
1034 4728 1284 4799 Respondetelllis
1301 4728 1458 4785 tacentibus
1468 4728 1522 4782 sibi
1534 4729 1596 4800 ipse
1609 4746 1724 4802 respon·

92 4819 162 4890 quod
176 4818 302 4874 oblatum
312 4818 414 4874 fuerat.
430 4820 525 4892 Ipsum
537 4822 641 4892 quippe
655 4820 823 4875 sacrificium
837 4837 885 4876 vo·
927 4818 984 4883 det,
1001 4816 1058 4871 imo
1072 4817 1139 4889 quid
1154 4818 1211 4873 sint
1222 4818 1334 4881 facturi,
1349 4817 1449 4873 diuinis
1472 4818 1561 4873 oculis
1584 4817 1722 4876 intuetur.

92 4913 168 4962 catur
183 4907 264 4980 panis
279 4907 446 4978 lugentium,
464 4914 580 4980 propter
597 4909 650 4962 hoc
666 4908 803 4976 videlicet,
820 4910 888 4981 quia
931 4905 1008 4962 Unde
1023 4905 1221 4978 subJungitur:
1236 4925 1250 4959 a
1265 4908 1334 4962 Ecce
1349 4907 1424 4962 enim
1435 4907 1552 4979 profecti
1564 4913 1631 4964 sunt
1649 4925 1726 4964 ava·

94 5002 264 5069 premortuo
280 4995 486 5060 eratoblatum,
501 4997 530 5051 in
552 4997 632 5066 cujus
647 5002 737 5052 morte
755 4998 889 5070 lugebant
929 4995 1035 5050 stitate.
1050 5016 1061 5043 ο
1079 4993 1141 5061 Quo
1155 4995 1726 5069 inlocopraeteritumprofnturoponitur
1797 5003 1804 5009 '

94 5091 229 5156 parentes.
247 5085 355 5140 Aliter:
370 5085 431 5139 Mos
441 5085 516 5155 apud
537 5084 650 5141 Judaeos
669 5085 732 5152 fnit,
745 5094 889 5142 mortuum
929 5086 1034 5141 usitato
1045 5101 1123 5139 more
1137 5102 1222 5140 sncrae
1233 5085 1518 5157 Scripturae.Profecti
1529 5091 1596 5142 sunt
1609 5085 1725 5153 scilicet,

95 5191 143 5246 per
155 5180 262 5244 septem
272 5173 333 5228 dies
350 5173 462 5229 deflere.
480 5174 610 5239 Quandiu
627 5181 722 5231 autem
746 5177 797 5231 hoc
820 5192 887 5248 age-
927 5191 978 5246 pro
989 5191 1022 5230 eo
1037 5176 1112 5245 quod
1127 5180 1170 5229 est
1178 5175 1398 5245 proficiscentur,
1408 5176 1474 5247 quia
1484 5176 1598 5233 miseria
1606 5183 1635 5232 et
1645 5175 1728 5231 vasti·

95 5259 176 5316 batur
189 5260 353 5327 lamentum,
371 5260 507 5332 quidquid
518 5262 546 5316 in
562 5263 645 5318 domo
661 5265 764 5319 mortui
779 5281 830 5335 per
844 5281 888 5319 se·
928 5270 987 5320 tate
996 5263 1188 5337 prementibus
1197 5265 1320 5337 Assyriis
1329 5270 1414 5337 atque
1425 5265 1727 5337 Chaldaeis,captosqne

95 5357 169 5421 ptem
183 5349 245 5404 dies
258 5348 359 5420 quibus
369 5366 434 5404 eum
450 5350 600 5418 deflebant,
615 5351 890 5418 flebat,immnndum
931 5353 1019 5423 ligare
1033 5354 1220 5424 cupientibus,
1237 5354 1345 5424 fugient
1357 5354 1393 5408 ad
1406 5354 1568 5426 AEgyptum,
1578 5359 1611 5409 ut
1619 5353 1729 5426 possint

95 5444 164 5493 erat.
177 5437 212 5492 Et
231 5437 359 5509 quisquis
379 5455 412 5492 ex
427 5440 525 5494 eadem
548 5441 632 5495 domo
658 5443 834 5509 comedisset,
849 5443 892 5498 vel
932 5441 1050 5497 evadere
1059 5459 1160 5498 manus
1169 5444 1383 5499 hostium.Unde
1391 5443 1728 5514 etsubditur:«AEgyptus
1825 5460 1828 5465 ·

95 5525 200 5600 aliquid
211 5531 352 5599 tangeret,
361 5527 708 5586 immundusfiebat.Unde
721 5536 750 5586 et
758 5532 893 5588 aliorsum
933 5531 1116 5605 congregabit
1130 5550 1187 5590 eos.
1204 5533 1342 5608 llempbis
1356 5533 1473 5606 sepeliet
1486 5549 1543 5589 eos.
1558 5550 1572 5587 s
1588 5531 1668 5597 Quod
1692 5529 1728 5585 de
