3818 6104
288 278 1272 352 exeosrnomaer.s.rlum.-1nae1sr.1sncoir.
1540 268 1593 354 tii

109 420 252 493 »pracepit
261 425 293 474 ut
302 420 353 474 riri
365 437 421 475 non
432 421 524 475 velato
539 420 630 491 eapite
647 426 755 475 starent
764 424 785 479 h
796 421 1026 479 contradictores,
1040 420 1220 490 philosophos
1229 417 1368 480 videlieet,
1377 434 1475 488 magos
1488 419 1593 475 etalics

109 526 127 575 r,
141 510 274 565 mulieres
295 510 394 563 velato.
412 517 440 563 et
455 508 562 563 volebat
578 510 669 563 adhuc
687 526 752 579 pro-
792 513 937 584 plurimos,
953 527 1004 566 nec
1016 516 1126 581 poterat
1139 509 1198 580 ipse
1210 508 1286 562 solus
1299 515 1451 579 utrumque
1465 498 1593 579 agereet

108 599 222 654 isntiam
249 599 362 653 illorum
392 599 420 652 in
448 599 509 658 hoc,
534 605 565 652 ut
589 604 752 653 revocarent
791 601 963 673 philosophis
977 599 1117 658 resistere,
1135 607 1164 652 ot
1178 584 1460 652 volentibuscredere
1475 597 1591 653 verbum

792 690 891 745 salutis
905 689 1067 759 praedicare.
1092 679 1121 742 Si
1144 691 1239 741 cirtem
1262 678 1355 741 Titum
1378 685 1530 741 invenisset
1554 687 1593 742 ibi

109 792 148 830 sm
157 778 269 844 alr'qrsid
281 778 404 829 donastis
417 782 441 829 et
451 793 506 843 spo.
520 777 610 830 -Paulo
625 777 751 847 apostolo
792 779 874 834 sicuti
888 777 1030 849 sperabat.
1061 777 1121 847 ipse
1140 775 1242 844 utique
1257 775 1400 828 resisteret
1412 774 1591 841 aduersariis,

109 865 167 936 quad
178 865 350 927 eos,cuidam
362 865 486 934 peccanti
497 865 670 918 dimiserunt
678 866 753 934 quod
795 874 824 922 et
837 868 918 923 Titus
929 866 1093 937 praedicar-et
1107 862 1324 935 simplicioribus
1338 863 1386 933 qui
1396 862 1595 920 desiderabant

109 972 121 1019 v,
138 962 168 1008 et
181 954 242 1023 ipse
261 954 411 1024 Apostolus
430 969 465 1006 ne
479 953 621 1007 videretur
636 953 671 1006 ab
690 953 755 1007 illo-
794 957 918 1010 credcre.
934 954 1073 1027 Apparuit
1087 969 1198 1023 quoque
1212 952 1238 1006 ei
1248 951 1277 1005 in
1291 952 1388 1006 ecdem
1404 952 1464 1006 loco
1480 952 1520 1006 vir
1532 940 1593 1007 hla-

109 1058 140 1096 ne
154 1042 275 1112 sejungi,
294 1041 411 1096 indulsit
432 1041 659 1111 etiamipse-illi.
674 1042 754 1096 Unde
797 1044 875 1105 cedo,
891 1045 1004 1098 dicens:
1021 1044 1168 1097 Tramirns
1183 1044 1214 1093 in
1228 1041 1415 1094 Macedoniam
1431 1028 1534 1109 aitjrioa
1546 1057 1593 1095 nos

109 1145 120 1183 o
136 1148 143 1183 :
167 1130 219 1184 Cui
245 1137 340 1184 autem
357 1129 493 1186 donastis.
514 1129 571 1183 aive
587 1129 753 1192 indulsistis,
798 1133 864 1206 (Act.
881 1138 945 1199 xvi),
956 1131 1004 1202 qui
1020 1148 1037 1185 a
1052 1128 1214 1184 doctoribus
1225 1128 1342 1198 angelus
1357 1114 1451 1183 'bonus
1466 1129 1593 1199 ejusdem

109 1218 158 1272 aad
170 1234 217 1271 vos
228 1233 314 1279 aram,
330 1222 356 1271 et
366 1233 418 1286 ago
429 1217 559 1271 similiter
569 1218 754 1271 donavistin·
794 1221 888 1291 gentis
896 1220 1068 1292 praepositus
1081 1218 1166 1272 luisse
1179 1216 1313 1270 creditur.

109 1305 236 1360 fluetudo
250 1311 293 1359 est
306 1305 427 1362 dicendi.
442 1306 557 1360 donavit
573 1305 642 1359 mihi
656 1321 754 1376 pecca·
832 1312 884 1365 lieo
897 1315 1001 1363 ouum.
1016 1298 1152 1363 subaudis
1162 1305 1251 1372 Patri,
1262 1309 1369 1373 pretias
1383 1305 1595 1375 referimus,qai

109 1392 274 1448 rtindulsit.
295 1393 397 1446 Valens
411 1408 477 1461 ergo
492 1394 642 1464 hpmtolus
659 1408 756 1463 provo·
796 1413 902 1465 seraper
922 1382 1077 1465 triumphat
1093 1412 1150 1459 nos,
1164 1394 1192 1447 id
1208 1399 1261 1459 est,
1277 1392 1324 1463 qui
1339 1392 1407 1446 iacit
1418 1409 1468 1446 nos
1483 1386 1594 1464 semper

109 1480 145 1535 ad
161 1481 416 1534 reconciliationem
432 1482 522 1549 ejecti.
537 1488 566 1535 ct
580 1487 612 1536 ut
623 1481 648 1535 ei
663 1481 756 1535 dimit·
798 1486 983 1556 triumphare·
994 1491 1021 1539 et
1036 1474 1178 1537 victoriam
1189 1481 1302 1537 habere,
1319 1481 1348 1533 in
1363 1479 1474 1535 Christo
1484 1481 1596 1544 Jesu,id

109 1568 289 1623 ltostendere
303 1573 335 1622 ut
345 1568 418 1622 sicut
431 1569 490 1638 ipsc
500 1569 617 1623 indulsit
630 1569 756 1639 peccanti
798 1579 850 1630 est.
868 1590 918 1644 per
932 1573 1073 1628 Christum
1088 1571 1183 1626 lesum
1201 1570 1395 1625 infidelitatem
1412 1569 1593 1637 destruendo,

109 1656 125 1711 li
143 1656 322 1716 dimiserunt,
339 1656 378 1709 sic
403 1665 430 1709 et
454 1657 493 1709 illi
511 1657 676 1725 indulgeant
688 1657 755 1710 dum
798 1663 924 1717 et'irdem
941 1662 969 1716 in
985 1660 1116 1715 cordibus
1130 1659 1304 1713 credentium
1321 1658 1484 1728 plantando,
1494 1667 1523 1714 et
1533 1659 1595 1714 inil-

109 1749 162 1815 Κθὶ·
177 1744 356 1814 Quapropter
369 1744 479 1798 subdit:
496 1746 566 1798 Num
583 1750 607 1797 0!
622 1762 668 1811 edo
682 1727 786 1814 quch
796 1750 905 1806 delibus
918 1751 1044 1805 alliciens
1059 1748 1166 1813 irdeles,
1177 1753 1200 1801 el
1212 1748 1320 1800 odorem
1331 1749 1435 1800 notitia
1442 1764 1497 1802 aaa
1504 1751 1594 1802 errasti·

109 1848 140 1887 re
156 1833 261 1887 indulsi
276 1833 325 1896 illi,
338 1833 361 1885 si
378 1832 444 1902 quid
460 1833 560 1886 dorrnvi
572 1841 686 1904 propter
696 1850 753 1896 ros,
795 1842 876 1907 [estat
893 1855 942 1907 per
953 1854 1002 1894 nor
1017 1842 1048 1891 in
1061 1841 1139 1891 oriani
1151 1840 1216 1899 loco,
1232 1840 1290 1889 tam
1306 1836 1334 1888 in
1347 1833 1451 1889 Judaeis
1468 1851 1553 1907 quam
1563 1836 1592 1893 in

109 1920 153 1975 rtis
164 1922 190 1975 ai
205 1922 356 1980 dimittere,
374 1921 477 1974 indulsi
494 1925 623 1992 ctegoin
637 1938 754 1990 persona
794 1927 936 1998 gentibus.
955 1927 1075 1982 Odorem
1090 1926 1118 1979 in
1134 1926 1186 1978 hcc
1200 1923 1391 1993 locoappellat
1402 1910 1595 1993 cognitionem·

110 2026 143 2065 oc
159 2016 200 2065 est
216 2011 273 2064 vice
284 2010 398 2069 Christi,
408 2011 455 2080 qui
472 2010 551 2063 nobis
565 2012 755 2081 apostolisde·
795 2022 898 2071 sanctur
912 2014 1068 2071 Trinitatis.
1084 2016 1219 2068 Aromata
1230 2013 1314 2082 igitur
1329 2018 1357 2066 et
1370 2021 1516 2091 unguenta
1527 2030 1591 2069 cum

109 2105 174 2153 item
191 2099 296 2168 ligandi
307 2104 336 2153 et
347 2098 480 2152 soluendi.
490 2099 551 2153 Non
564 2099 756 2154 leviterdabst
795 2104 862 2159 alibi
877 2105 944 2163 sint,
951 2103 1017 2158 alibi
1025 2103 1138 2158 odorem
1151 2101 1280 2161 reddunt,
1293 2100 1333 2154 sic
1343 2100 1476 2171 apostolis
1491 2101 1591 2171 pradi-

109 2187 661 2257 'amhpustolusdelinquentibusmisiilli
670 2205 754 2258 quem
797 2193 926 2249 cantibus
938 2192 1021 2247 fidem
1034 2198 1138 2245 sancte
1147 2187 1340 2249 Trichonem
1349 2188 1450 2243 notitia
1464 2178 1593 2245 dirinita·

110 2275 223 2333 Christo
237 2277 523 2345 essesolutum,cujus
534 2277 700 2347 punitentia
709 2295 754 2331 nc·
795 2281 832 2335 tis
845 2280 1047 2351 omnipotentis
1063 2278 1121 2342 Dei,
1135 2294 1198 2333 eum
1209 2266 1408 2347 ipsadiiinitns
1418 2293 1474 2331 non
1488 2277 1594 2332 videre·

109 2364 191 2420 ‚Deo
211 2368 241 2421 dt
252 2385 308 2421 riori
318 2367 616 2428 sirmam-ernamnaid
625 2367 751 2422 estdeci·
794 2375 851 2432 tur,
871 2374 1044 2441 utpotequae
1057 2366 1204 2422 invisibilis
1218 2374 1271 2431 est,
1286 2365 1353 2420 dum
1363 2381 1413 2436 per
1421 2366 1594 2437 praedicatio·

111 2453 227 2509 Stiuas·
240 2456 315 2514 ideo.
325 2457 425 2527 inquit,
433 2457 563 2526 praecipio
576 2455 652 2510 robis
666 2460 698 2510 ut
707 2456 751 2509 iu·
793 2453 1592 2530 nemapostolorumrecipiebantsrdemejusodoreniquo-

109 2542 186 2598 bairi
201 2544 337 2613 peccanti,
351 2545 425 2599 sicin
443 2551 472 2598 et
486 2562 538 2614 ego
557 2545 700 2614 indulgeo,
716 2561 752 2598 ne
793 2548 943 2602 dammodo
956 2553 984 2601 et
998 2544 1185 2615 cognitionem
1205 2540 1359 2596 diuinitatis
1370 2540 1444 2594 illius
1456 2542 1592 2614 percipie-

109 2648 129 2685 :r
143 2648 161 2685 a
175 2633 280 2687 Satana
291 2633 337 2703 qui
351 2633 655 2687 desiderutdiscurdias
668 2649 753 2703 gene·
794 2635 878 2690 barat:
894 2639 962 2704 qaia
976 2636 1081 2691 Christi
1095 2632 1254 2685 bonmodor
1265 2647 1361 2684 sarnus
1377 2632 1428 2683 ileo
1444 2632 1472 2682 in
1483 2631 1532 2691 his
1542 2635 1593 2698 qui

109 2736 213 2791 umque
230 2721 296 2776 dum
311 2738 383 2775 unus
399 2724 458 2776 ruit
471 2722 691 2776 miscricordiam
705 2740 753 2776 es·
793 2731 917 2795 percunt,
930 2730 954 2779 et
966 2727 998 2778 in
1007 2724 1051 2777 his
1065 2725 1115 2790 qui
1124 2722 1195 2773 salsi
1205 2716 1423 2788 flrrnt.leginrus
1433 2717 1460 2772 in
1477 2708 1588 2783 Genesi,

110 2809 279 2880 ripeccanti.
292 2811 458 2865 dimittendo
469 2811 495 2864 ei
508 2811 582 2882 quod
593 2810 712 2880 deliquit
725 2816 754 2865 et
796 2814 870 2884 quod
885 2815 945 2868 Noe
959 2808 1265 2867 offerentesocriircium
1278 2800 1341 2877 psit
1350 2805 1447 2860 diluvii
1462 2807 1592 2889 cessatio·

109 2914 135 2952 re
155 2899 302 2953 conventui
317 2899 452 2963 lidelium,
473 2900 545 2953 nlius
559 2898 671 2953 diabolo
683 2916 749 2953 sua·
795 2918 870 2959 nem.
893 2902 1027 2956 odoratus
1042 2905 1086 2953 est
1101 2897 1236 2952 Dominus
1251 2896 1365 2949 odorem
1380 2895 1528 2975 suavitatis
1546 2895 1590 2949 in-

118 2988 180 3041 vult
194 2986 339 3057 indulgere
359 3004 528 3059 permanens
543 2987 570 3041 in
585 2987 749 3043 duritia-sui
791 2996 901 3044 tantum
914 2995 945 3043 ut
955 2986 1181 3043 benedicerctilli
1196 2990 1225 3039 et
1236 2983 1302 3039 liliis
1309 2984 1370 3053 ejus
1384 2984 1445 3037 Non
1456 2981 1590 3041 debemus

109 3075 151 3130 ide
164 3092 238 3145 sepe
252 3077 343 3130 solent
353 3077 420 3130 oriri
431 3077 576 3130 discordiae
591 3082 619 3129 et
634 3077 699 3130 rixas
709 3077 784 3139 in·G
795 3096 862 3148 ergo
876 3078 1024 3149 pueriliter
1045 3075 1203 3145 intelligere
1221 3072 1296 3144 quod
1312 3072 1394 3133 Deus,
1412 3071 1459 3143 qui
1474 3072 1591 3143 spiritus

109 3163 282 3219 uidissident
295 3172 325 3219 et
338 3165 502 3219 discordant
516 3166 545 3218 in
560 3164 752 3232 judiciarios
792 3174 835 3221 est
849 3166 876 3219 in
892 3166 981 3221 odore
987 3173 1015 3219 et
1025 3165 1102 3219 fumo
1112 3162 1239 3217 carnium
1249 3161 1406 3216 delectetur
1417 3175 1421 3213 :
1433 3161 1482 3215 sed
1501 3160 1592 3217 inten-

109 3268 211 3307 ramas
227 3258 403 3321 imitationes
417 3257 484 3321 ejus
500 3254 529 3307 id
543 3260 595 3316 est,
620 3253 750 3313 astutias.
792 3254 897 3309 donem
909 3253 1056 3309 illiusboni
1068 3254 1117 3307 viri
1129 3258 1226 3307 sancta
1239 3249 1364 3321 appellat
1374 3249 1518 3321 Scriptura
1527 3251 1592 3305 odo

109 3342 194 3396 audes
208 3341 311 3396 diaboli
327 3359 381 3396 non
394 3343 568 3412 ignoramus,
575 3341 622 3396 sed
632 3341 749 3419 scimus.
792 3360 852 3398 rem
867 3342 1023 3397 suavitatis.
1050 3358 1106 3412 qua
1125 3341 1281 3394 delectatus
1296 3346 1339 3394 ost
1356 3339 1436 3393 Deus.
1456 3338 1592 3394 Similiter

109 3433 201 3485 iissem
216 3438 310 3484 cirtem
336 3433 479 3484 Troadem.
496 3431 583 3484 Troas
595 3429 693 3483 civitas
708 3436 751 3484 est
792 3431 821 3486 in
837 3431 889 3485 hoc
902 3431 962 3484 loco
976 3430 1189 3500 intelligendum
1202 3428 1328 3482 studium
1340 3427 1481 3481 athenam
1496 3428 1592 3482 volun·

109 3536 124 3581 ι,
142 3535 205 3588 quae
218 3520 301 3588 Troja
317 3520 383 3573 olim
405 3525 501 3572 vocata
515 3526 577 3581 est;
593 3526 621 3571 et
635 3518 750 3589 ponitur
791 3524 876 3573 tatem
890 3507 1130 3588 intentionemque
1145 3517 1261 3570 odorem
1275 3516 1457 3587 appellatum.
1474 3515 1588 3578 Christi,

117 3606 262 3677 :Phrygia
276 3608 352 3663 enim
370 3606 563 3676 provinciaest
575 3608 746 3660 Graecorum.
791 3607 892 3677 inquit,
905 3607 995 3661 bonus
1009 3606 1078 3659 odor
1092 3623 1190 3659 sumus
1205 3596 1273 3664 Deo,
1290 3603 1317 3657 id
1333 3610 1376 3657 est
1402 3602 1590 3659 in-Christum

109 3703 185 3749 cest
199 3697 227 3748 in
239 3697 300 3766 ipsa
316 3695 438 3765 Phrygia
452 3739 457 3753 ,
472 3694 642 3748 eirimsvero
657 3692 751 3762 appel·
780 3696 946 3757 credcntes,
963 3701 992 3749 et
1004 3712 1023 3748 a
1038 3694 1149 3749 Cluistu
1164 3693 1265 3747 educti.
1289 3691 1465 3762 predicando
1481 3698 1591 3762 myste-

110 3800 170 3839 um.
182 3784 255 3837 sicut
265 3785 292 3837 in
305 3783 423 3853 Virgilio
442 3782 581 3836 habetur:
597 3783 751 3847 Ceciditque
792 3784 864 3837 rium
884 3783 1085 3837 incarnationis
1101 3783 1171 3850 rjus.
1195 3780 1342 3852 passionis,
1364 3780 1588 3848 resurrectionis,

113 3869 751 3945 iliani.Plerumqueponiturnomenregionis
792 3872 972 3931 assensionis,
991 3870 1155 3941 mysterium
1171 3886 1283 3940 quoquc
1309 3876 1412 3922 sancta
1424 3868 1588 3935 Trinitatis3

109 3976 133 4023 a,
144 3967 174 4015 et
186 3961 435 4030 appellaturTroja
449 3960 751 4026 l’rnptrrlicanpetium
791 3961 880 4015 honus
894 3960 963 4013 odor
971 3975 1069 4013 sumus
1083 3958 1168 4017 illius,
1182 3958 1248 4028 quia
1259 3956 1471 4011 bonomiarnam
1482 3958 1544 4027 ejus
1558 3974 1591 4011 ac

117 4049 203 4103 estad
215 4048 423 4118 praedicandum
437 4046 617 4115 Evangelium
632 4045 747 4109 Christi,
791 4049 879 4103 totius
892 4045 1169 4116 Trinitatisgloriam
1186 4044 1379 4116 praedicamus,
1390 4045 1447 4099 Deo
1456 4044 1591 4101 subaudis

109 4137 172 4189 ”5¹¹5
179 4152 246 4203 ⁰1³⁶?
248 4142 276 4188 Μ’
281 4153 308 4188 Πῑ
319 4141 383 4188 &Sel
392 4138 424 4187 ³³2
438 4132 593 4198 immimid
606 4131 751 4197 ffitimusta
792 4138 869 4193 Patri
890 4139 1043 4207 placentes,
1059 4134 1128 4190 talia
1142 4135 1278 4191 iaciendo.
1288 4124 1330 4189 'Et
1344 4135 1499 4189 notandum
1515 4136 1591 4206 quod

109 4222 192 4278 linum
200 4232 299 4292 parata
309 4239 357 4292 per
367 4221 559 4276 llonrinumad
569 4220 749 4281 candentium.
791 4226 957 4297 subjungat:
974 4226 1006 4281 ln
1020 4223 1074 4287 his,
1085 4223 1239 4295 inquit,qui
1249 4222 1317 4278 salvi
1330 4224 1402 4278 liunt
1410 4230 1506 4279 nostra
1519 4240 1591 4295 prie-

109 4315 244 4380 'reqaiem
259 4328 289 4365 m
310 4313 413 4379 spiritu
432 4327 499 4371 urso,
513 4308 541 4362 id
556 4319 599 4364 est
611 4310 641 4363 in
655 4309 751 4363 animo
793 4315 942 4377 dicatione,
960 4320 988 4369 et
1007 4315 1035 4368 in
1051 4313 1094 4367 his
1109 4312 1157 4384 qui
1171 4318 1292 4384 pereunt
1305 4311 1394 4367 bonus
1413 4312 1482 4367 udor
1493 4329 1592 4368 sumam

109 4401 212 4454 Macri
225 4401 379 4453 invenerim
395 4400 497 4459 Titum,
510 4401 633 4463 fratrem
646 4415 749 4462 sisaim
761 4392 783 4450 D
795 4404 909 4464 christi,
928 4404 985 4457 Deo
1000 4402 1228 4473 Putriplacentes
1244 4421 1251 4467 3
1265 4400 1334 4473 quia
1347 4401 1522 4473 sicutplacet
1533 4401 1591 4457 Deo

109 4491 177 4542 risrts
200 4491 247 4552 eir,
273 4487 300 4541 id
321 4493 372 4548 est.
399 4488 525 4541 salutans
541 4504 598 4549 eos,
611 4489 751 4555 profectur
791 4503 918 4547 nostrum
930 4492 1035 4547 bonum
1048 4491 1184 4552 studium.
1194 4490 1268 4562 quod
1282 4490 1471 4561 impendimus
1486 4491 1529 4546 his
1540 4491 1591 4563 qui

109 4578 274 4631 armoniam
289 4577 459 4647 provinciam
475 4576 560 4630 aliani
576 4576 748 4632 Graecorum.
791 4582 947 4642 salvantur,
963 4580 1003 4634 sic
1018 4581 1111 4651 placet
1126 4580 1211 4635 etiam
1226 4578 1379 4649 illudquod
1398 4564 1588 4655 impendimus

109 4682 137 4721 us
147 4665 336 4736 llieronymus
348 4665 431 4729 :Quia
441 4682 497 4719 non
507 4665 613 4719 invenit
626 4666 751 4720 sistulum
792 4669 836 4724 his
846 4670 893 4741 qui
906 4674 1032 4741 pereunt,
1050 4669 1184 4740 quoniam
1197 4673 1294 4721 nostra
1309 4668 1436 4722 voluntas
1457 4667 1521 4741 talis
1535 4664 1587 4733 e'st,

109 4753 215 4815 stolus,
232 4754 258 4806 id
283 4762 327 4807 est
343 4755 436 4809 Titum
458 4753 641 4824 interpretem
656 4770 748 4816 suum,
792 4764 826 4813 ut
840 4758 975 4812 vellemus
985 4773 1084 4812 omnes
1098 4756 1132 4822 (si
1147 4759 1302 4827 possemus)
1319 4754 1426 4808 salvare
1448 4752 1588 4826 :ideoque

109 4844 155 4898 sit.
170 4843 226 4898 Sed
242 4843 358 4913 quaestio
371 4849 413 4897 est
428 4844 458 4897 in
473 4843 617 4897 hocloco:
635 4843 664 4897 Si
678 4845 751 4915 Apo·
793 4846 951 4902 delectatur
963 4845 1049 4900 odore
1064 4850 1168 4899 nostra
1186 4842 1359 4897 intentionis.
1390 4841 1453 4896 Sive
1475 4859 1543 4914 ergo
1559 4844 1589 4899 in

109 4932 175 4987 uum
189 4931 318 5003 gentium
334 4933 438 5003 linguis
454 4931 751 5004 poteratloqui,sicut
793 4936 837 4989 his
850 4936 900 5007 qui
915 4935 1069 4999 salvantur,
1097 4931 1205 4987 sivein
1230 4931 1272 4984 his
1291 4929 1339 5001 qui
1354 4937 1484 5010 pereunt,
1499 4931 1589 4989 bonus

109 5021 236 5091 'urpriori
252 5022 394 5090 epistola:
421 5023 596 5090 Gratiasapo
610 5023 664 5075 deo
679 5024 751 5090 spicari
792 5022 1088 5094 odoremntapostoli
1112 5022 1167 5075 Deo
1193 5020 1269 5073 Patri
1282 5019 1434 5090 palarentea,
1449 5006 1589 5092 quiasin·

109 5115 218 5165 astream
233 5113 337 5177 linpm's
352 5114 448 5178 loquor
463 5113 487 5176 (l
501 5112 562 5166 Cor.
576 5113 646 5173 xlv),
662 5127 749 5181 quare
790 5114 893 5168 acriter
908 5119 937 5168 ot
951 5112 1011 5167 sine
1023 5108 1393 5179 arlulationeprredimbant.

109 5197 246 5254 aTroade
261 5199 335 5268 quod
350 5199 456 5252 scilicet
474 5199 554 5252 Titus
564 5198 748 5267 abessetma-
824 5205 896 5257 diris
911 5203 1021 5269 quidem
1033 5214 1130 5252 sumus
1144 5200 1211 5252 azlor
1232 5201 1331 5251 nmrtis
1345 5201 1376 5252 in
1393 5204 1518 5261 mortem,
1534 5201 1589 5257 illis

114 5272 207 5343 multa
225 5287 311 5341 corda
331 5299 425 5341 essem
440 5294 539 5357 parata
565 5287 606 5341 illi
631 5288 666 5341 ad
691 5304 749 5343 cre·
790 5276 1586 5357 videlicetquibuspredicamussicontemnuntcredere:

109 5376 179 5441 Qun
193 5376 246 5429 hoc
261 5376 343 5429 ruodo
358 5377 483 5436 solvitur,
496 5375 564 5445 quia
579 5376 646 5430 dum
661 5376 749 5431 reub-
789 5380 855 5431 olr'is
869 5379 961 5429 antem
975 5372 1041 5427 odor
1059 5375 1120 5426 cita
1134 5375 1165 5426 in
1180 5376 1278 5450 citam,
1293 5373 1411 5444 illisqui
1427 5377 1548 5448 audiunt
1560 5383 1589 5431 et

109 5480 154 5529 rm,
166 5464 231 5517 licet
239 5465 328 5517 multa
339 5464 423 5516 corda
434 5464 587 5517 invenisset
599 5466 747 5535 parata-ad
789 5464 923 5538 credunt..
934 5463 1005 5540 Cum
1027 5477 1083 5517 una
1107 5466 1182 5555 esset
1195 5462 1369 5553 ‘pradicatio
1381 5465 1583 5543 ppostolorum,

109 5568 131 5619 a,
147 5550 254 5606 invenit
273 5557 368 5605 tamen
397 5550 500 5604 multos
529 5552 704 5608 adversarios
717 5557 748 5608 et
789 5567 874 5624 quam
888 5549 1090 5623 impendebant
1107 5548 1238 5606 omnibus
1252 5552 1447 5608 etrolentibus
1461 5551 1584 5619 credere,
