3818 6104
128 275 182 335 327
342 273 535 331 HAYMONIS
555 274 799 330 HALBERSTAT.
821 270 933 329 EPlSG.
954 271 1033 327 OPP.
1054 272 1146 327 PARS
1165 273 1189 327 1.
1210 299 1241 313 ·-
1261 269 1449 327 COHMENT.
1471 268 1563 324 nist.

128 397 211 452 amici
226 404 254 452 et
269 398 426 453 charissimi
443 399 576 475 ipsi-sunt
590 402 706 471 angelici
720 401 845 472 spiritus,
862 405 962 471 quoad
974 398 1110 453 Dominus
1124 398 1247 453 ostendit
1269 398 1298 452 in
1324 395 1492 467 Evangelio:
1511 395 1577 449 r'Et
1587 391 1656 465 gni*

124 486 208 555 jubet
224 487 359 542 Dominus
372 490 562 558 congratulari
572 491 667 545 electis
682 491 752 553 suis,
763 507 826 544 cum
838 490 931 543 abhnc
972 494 1024 547 est,
1043 503 1097 540 non
1111 487 1260 540 descendat
1282 486 1379 540 tollere
1398 484 1523 538 tunicam
1546 498 1629 536 suam

130 575 187 629 vita
201 576 236 629 ad
249 583 360 630 aeternae
374 577 556 632 beatitudinis
566 579 690 648 requiem
711 580 928 642 transieruntur,
971 582 1014 629 est
1026 583 1123 647 aperte
1136 576 1244 629 dicere:
1259 574 1312 638 Qui
1336 574 1362 627 in
1390 571 1503 626 sublimi
1526 578 1656 643 contemp

126 663 206 733 juxta
222 666 296 735 quod
317 665 346 719 in
360 654 519 736 evangelica
534 668 667 738 parabola
683 668 806 738 legitur:
826 687 837 717 r
856 669 929 721 Con·
971 679 1034 717 arce
1062 664 1199 727 consistit,
1216 679 1273 716 non
1306 661 1517 721 descendatnt
1547 659 1656 713 tollatt

130 753 315 823 gratulamini
331 755 409 816 milri,
430 758 496 826 quia
510 755 689 811 inveniovem
701 772 793 811 meam
807 773 869 826 quac
884 772 930 826 pe·
971 768 1061 814 suam,
1075 753 1155 806 idest
1169 752 1315 806 utiterum
1333 747 1563 819 occupationibus
1576 747 1656 803 saecu]

129 839 225 895 rierat.
240 860 252 893 n
969 848 1049 895 cetur
1065 841 1158 895 Tiruet
1179 857 1246 910 crgo
1259 839 1390 903 Fcclcsia,
1404 839 1445 892 rol
1460 837 1554 891 anima
1572 851 1656 907 quoeq

167 949 180 978 c
198 929 255 998 Ego
269 929 388 994 dormio,
406 937 434 984 et
444 948 493 984 cor
505 948 599 987 meum
616 933 721 1004 vigilat.
740 953 751 983 r
764 933 822 987 Vox
838 932 930 987 Eccle-
969 936 1023 995 cta,
1040 930 1092 983 hac
1105 928 1200 983 tunica
1213 929 1287 992 exui,
1302 928 1374 983 etin
1389 925 1628 995 contomplatione
1643 940 1656 979 s

129 1017 204 1080 sien
221 1018 278 1088 Ego
293 1019 412 1084 donatio,
428 1021 517 1090 »quie
532 1021 706 1092 aliquantula
715 1036 781 1092 poce
792 1021 928 1091 largiente
969 1018 1069 1072 diteris
1084 1018 1272 1088 requiescens,
1289 1017 1393 1071 iterum
1413 1015 1524 1069 reindui
1539 1020 1568 1068 et
1591 1028 1656 1067 saeca

131 1123 233 1177 sponso
251 1124 312 1161 meo
328 1109 482 1178 requiesco,
499 1125 549 1162 nec
574 1111 645 1163 tales
668 1111 761 1181 patior
774 1126 928 1180 pressuras
971 1106 1265 1178 nogotiisocrnpuri.‹
1289 1105 1354 1160 Lari
1370 1105 1455 1175 'redes
1468 1120 1558 1168 meos,
1579 1118 1656 1173 (1⁰⁰ss

130 1195 228 1266 quales
239 1195 381 1264 primitiva
392 1196 531 1259 Ecclesia;
549 1204 577 1251 et
589 1198 650 1250 iden
676 1215 724 1252 cor
748 1214 841 1252 meum
859 1197 929 1267 vigi·
972 1195 1093 1265 quinabn
1107 1196 1189 1248 illoc?
1204 1216 1214 1245 ι
1230 1195 1296 1248 Lavi
1310 1194 1394 1264 pedes
1409 1209 1496 1253 rocos,
1506 1192 1560 1246 hnc
1579 1196 1656 1257 est,t

130 1285 180 1347 lat,
198 1284 263 1355 quia
279 1284 405 1338 securius
415 1301 545 1338 concessa
562 1285 631 1339 mihi
647 1303 713 1356 pace
729 1285 817 1340 amori
833 1286 928 1356 sponsi
970 1284 1070 1354 quibus
1081 1301 1224 1355 nunquam
1237 1283 1377 1353 pulverem
1390 1290 1516 1350 tangere.
1527 1281 1579 1335 hoc
1589 1285 1645 1344 est,

132 1373 189 1427 mei
201 1372 333 1430 inlraereo.
347 1380 375 1426 et
389 1373 422 1426 ad
435 1374 513 1427 illum
530 1375 721 1429 oculoscordis
737 1375 792 1429 mei
803 1375 927 1428 intendo.
969 1390 1053 1443 agere
1063 1372 1369 1441 consueveramdignis
1379 1370 1548 1441 peanitentiae
1559 1367 1656 1423 lletibu

132 1460 185 1515 Sed
199 1461 325 1530 quiahoc
336 1467 448 1531 tempus
462 1471 572 1517 nonest
586 1465 703 1534 requiei.
719 1464 765 1517 scd
780 1464 873 1535 potius
887 1463 928 1518 la·
970 1463 1039 1516 adeo
1053 1469 1085 1517 ut
1098 1461 1166 1515 nibil
1182 1478 1256 1516 iruna:
1270 1461 1321 1515 nisi
1346 1460 1439 1513 divina
1468 1475 1512 1512 ma
1534 1458 1624 1512 libeat
1634 1474 1656 1513 ct

130 1547 207 1603 boris
219 1550 427 1606 etcertaminis,
441 1567 664 1622 rursussponsus
678 1553 827 1607 Ecclesiam
842 1554 875 1606 ad
892 1553 930 1607 la·
972 1551 1143 1615 «Quomodo
1154 1549 1305 1631 inquinabo
1320 1549 1403 1603 illos?
1416 1567 1426 1598 r
1443 1548 1470 1601 id
1486 1554 1540 1610 est,
1556 1561 1656 1617 quomt

130 1635 212 1691 bores
228 1643 338 1700 excitat,
357 1640 431 1692 etad
449 1639 655 1709 praedicationis
680 1648 821 1696 certamen
838 1642 930 1695 borta-
970 1645 1071 1710 potest.
1089 1640 1232 1693 utiterum
1255 1637 1289 1692 ad
1316 1638 1466 1707 cogitanda
1484 1637 1590 1690 caduca
1609 1639 1641 1689 et

130 1731 186 1780 tur.
202 1746 212 1776 ι
228 1727 285 1779 Vox
296 1726 390 1780 dilecti
408 1728 461 1780 mci
477 1729 615 1798 pulsantis
642 1750 655 1781 r>
674 1728 773 1784 Pulsat
801 1730 927 1792 dilectus,
939 1707 1082 1792 Bredeam
1099 1744 1160 1799 quae
1171 1744 1244 1781 nrrnc
1258 1743 1291 1781 ex
1302 1733 1437 1796 occupato
1451 1731 1480 1779 et
1491 1724 1580 1778 libero
1592 1722 1656 1778 cord

132 1831 194 1868 rrum
215 1814 343 1868 Christus
359 1815 454 1869 fideles
469 1833 535 1870 suos
558 1818 593 1870 ad
616 1819 769 1887 profectum
794 1819 928 1873 virtutum
971 1833 1007 1871 no
1021 1817 1098 1871 fruor
1110 1816 1255 1871 contuitu?
1317 1866 1320 1871 ,

131 1903 263 1957 bortatur
282 1922 287 1955 :
302 1903 358 1957 sire
373 1904 475 1973 pulsnt,
492 1922 554 1959 cnm
570 1923 618 1959 cos
633 1914 664 1960 ut
677 1908 819 1977 proximos
834 1908 931 1977 praedi·
1010 1925 1022 1953 a
1037 1906 1160 1959 Dilectus
1172 1904 1330 1959 meusmisit
1346 1920 1460 1957 manum
1470 1919 1550 1957 suam
1565 1918 1619 1973 per
1631 1900 1656 1957 to

131 1993 219 2047 cando
233 1994 379 2047 lucrentur
390 1993 533 2048 admonet.
546 1995 593 2048 Est
608 2000 636 2049 et
650 1996 733 2049 tertia
743 1996 932 2066 pulsatisque
972 2001 1000 2049 et
1014 2003 1109 2048 venter·
1119 1993 1393 2048 meusintremuitad
1412 2000 1518 2046 tactum
1534 1993 1607 2061 ejus.
1621 1991 1656 2046 »l

131 2081 226 2151 pulsat
242 2080 345 2134 electos
360 2096 426 2134 suos
441 2081 586 2145 Dominus,
599 2100 661 2137 curn
678 2101 728 2154 pcr
755 2085 930 2154 aegritudinis
971 2099 1085 2136 manum
1097 2099 1147 2153 per
1160 2082 1285 2135 toramen
1303 2081 1399 2145 mittit,
1411 2088 1439 2134 et
1454 2086 1578 2134 ventrem
1592 2085 1656 2151 tang

131 2169 289 2223 molestiam
306 2186 367 2223 esse
382 2175 501 2223 mortem
522 2172 640 2224 vicinam
661 2172 798 2243 designat.
815 2174 855 2227 De
874 2190 931 2243 qua
970 2169 1222 2223 internaconditor
1237 2168 1419 2239 inspiratione
1434 2167 1644 2226 coruscasset

131 2257 290 2328 pulsatione
305 2256 335 2311 in
351 2257 500 2328 Evangelio
512 2259 634 2313 dicitur:
653 2260 690 2314 Ut
703 2277 765 2314 cnm
782 2262 889 2316 venerit
902 2268 931 2316 et
969 2258 1224 2313 fecturnrirtntum
1238 2256 1374 2316 accendit,
1403 2255 1553 2309 senariam
1583 2271 1650 2309 cum

131 2345 294 2417 pulsaverit,
312 2344 458 2399 confestim
472 2347 647 2417 aperiantei·
660 2347 713 2402 Sed
729 2349 781 2402 hoc
796 2350 855 2403 loco
867 2349 929 2420 pul·
971 2347 1264 2417 memoriamoperum
1291 2361 1405 2399 suorum
1434 2350 1656 2415 revocat,uth

134 2451 196 2488 sare
211 2434 375 2489 diciturhoc
386 2442 439 2495 est,
454 2435 603 2489 Ecclesiam
620 2436 655 2489 ad
678 2452 749 2506 opus
763 2437 929 2508 pulsationis
970 2437 1112 2507 quiscum
1127 2435 1204 2490 Deus
1217 2441 1301 2496 esset,
1313 2452 1363 2506 pro
1375 2434 1454 2497 nobis
1467 2433 1550 2486 horno
1566 2432 1656 2487 tierid

132 2523 277 2593 instigare.
295 2523 405 2594 «Aperi
422 2525 500 2587 mibi,
517 2541 597 2578 soror
607 2541 678 2581 mes.
696 2525 786 2579 amira
797 2542 869 2584 mea,
883 2542 929 2580 co·
970 2531 1022 2589 est,
1034 2533 1066 2578 ut
1077 2532 1293 2579 terrenanostra
1303 2522 1469 2593 suscipiens.
1488 2523 1619 2576 coelestes
1632 2537 1656 2577 m

132 2610 228 2665 lumba
241 2628 313 2669 mea.
328 2612 509 2668 immaculata
523 2630 594 2666 nica.
615 2613 753 2683 rudperi
766 2613 930 2678 mibi,soror
971 2620 1023 2673 ret,
1038 2622 1067 2667 et
1083 2612 1227 2666 moriendo
1249 2629 1300 2682 pro
1326 2612 1511 2667 nobisvitam
1539 2617 1656 2665 aeternat

130 2699 392 2769 mea.»Soror.quia
402 2700 803 2770 coliaeresesregnimoilacta:
817 2703 931 2757 «amica
971 2702 1098 2755 donaret.
1116 2701 1194 2765 Quod
1209 2718 1272 2754 curn
1287 2702 1328 2760 nt,
1345 2706 1442 2753 venter
1456 2699 1616 2759 intremuit,
1628 2714 1656 2770 qr

130 2805 228 2855 mear
247 2789 314 2859 quia
328 2787 362 2843 de
374 2789 443 2858 jugo
455 2789 596 2843 servitutis
607 2789 726 2843 liberata
741 2806 844 2844 arcana
857 2792 931 2845 veri·
971 2790 1040 2844 talia
1050 2790 1174 2860 cogitare
1198 2788 1356 2858 incipimus,
1382 2787 1473 2842 cordis
1499 2788 1590 2841 nostri
1617 2802 1656 2841 au

131 2878 196 2932 tatis
212 2895 280 2932 meae
295 2877 447 2946 cognovisti
463 2895 486 2928 :r
503 2877 632 2932 columba
648 2879 931 2950 mea,cquiaspiritus
972 2879 1143 2937 concutiunt,
1161 2877 1228 2931 dnm
1243 2883 1356 2946 stupere
1375 2875 1533 2945 incipimus,
1549 2879 1656 2946 quanta

133 2966 188 3019 mei
204 2966 269 3019 dote
285 2965 496 3019 essanctisrcata
514 2983 519 3018 :
538 2967 744 3021 «immaculata
760 2984 848 3029 mea.»
865 2968 960 3041 quing
971 2966 1309 3035 tionchaecConditorpro
1320 2964 1656 3035 nobisageredignatuse

132 3053 268 3106 effusione
279 3053 488 3122 moisanguinis
503 3052 537 3108 ab
547 3055 807 3125 omnipeccatomm
819 3059 928 3111 macula
970 3056 1044 3128 quod
1061 3061 1158 3109 venter
1169 3071 1218 3107 cor
1231 3054 1379 3124 significet,
1410 3053 1532 3107 ostendit
1558 3051 1656 3123 Propb

131 3147 252 3212 purgata
262 3141 407 3211 es.«dperi
419 3141 666 3205 mihi,»hoccst.de
676 3145 771 3214 quiete
782 3150 809 3198 et
823 3145 879 3199 otio
890 3147 930 3199 di·
970 3163 1035 3199 cens
1053 3164 1058 3200 :
1077 3165 1088 3196 r
1102 3145 1234 3199 Ventrem
1248 3159 1352 3207 meum,
1375 3149 1500 3196 ventrem
1526 3157 1620 3195 meum
1633 3141 1656 3195 d

126 3231 208 3293 lectae
218 3229 267 3282 tibi
276 3229 520 3295 contemplationis
530 3231 663 3301 egredere
674 3233 707 3285 ad
724 3234 930 3305 opuspracdica-
971 3234 1125 3305 Quodquid
1140 3240 1215 3286 essct
1226 3231 1359 3287 ostendit.
1376 3231 1490 3284 dicens:
1511 3250 1522 3280 c
1547 3230 1655 3285 Sensus

131 3319 216 3372 tionis
241 3338 251 3367 c
265 3317 337 3380 Quia
351 3324 435 3389 caput
445 3334 538 3371 meum
557 3320 669 3389 plenum
686 3328 729 3375 est
743 3338 815 3383 rore,
833 3331 859 3376 et
872 3323 929 3378 cin·
969 3323 1024 3376 mei
1034 3322 1158 3393 dissipati
1174 3327 1248 3375 sunt.
1267 3340 1279 3373 r

132 3407 207 3461 cinni
222 3407 276 3461 mei
285 3405 374 3476 guttis
383 3407 516 3463 noctium.
531 3408 641 3478 »Caput
658 3409 784 3463 Ecclesiae
799 3416 841 3477 (ut
852 3412 929 3482 Apo·
1007 3432 1018 3462 ι
1036 3410 1150 3466 Surrexi
1165 3416 1197 3464 ut
1212 3408 1351 3480 aperirem
1366 3408 1468 3463 dilecto
1495 3423 1569 3461 meo.
1587 3426 1601 3461 a
1616 3408 1656 3480 Ap

130 3497 219 3552 stolus
231 3496 307 3560 diem
319 3495 447 3550 Christus
463 3503 515 3558 est,
527 3496 648 3550 cincinni
665 3515 728 3551 vero
742 3506 807 3553 sunt
823 3499 928 3554 intimae
969 3500 1080 3564 dilecto,
1091 3516 1146 3553 non
1158 3499 1246 3552 solum
1257 3514 1318 3551 cum
1336 3497 1485 3551 adventum
1508 3497 1571 3565 ejus
1585 3496 1656 3550 susci

131 3585 315 3656 cogitationes
327 3593 497 3647 sanctornm,
519 3602 579 3656 quae
606 3602 660 3639 non
677 3587 737 3640 laxe
752 3595 780 3641 ct
794 3587 927 3642 dissolute
968 3587 1160 3643 verumetiam
1174 3604 1236 3640 curn
1252 3585 1518 3656 aliispraedicamus.
1535 3593 1564 3639 ct
1590 3602 1656 3639 eost

130 3674 283 3732 tluunt.scd
299 3674 529 3728 viriculotimoris
540 3675 734 3729 etamorisDci
749 3676 924 3746 colligantur.
968 3676 1103 3730 malitiam
1131 3683 1227 3745 pectus
1250 3674 1418 3735 clauserant,
1439 3680 1537 3727 nostra
1567 3672 1655 3743 praedi

131 3765 186 3819 Ros
200 3780 264 3817 vero
283 3769 311 3816 ct
324 3771 411 3832 gntus
432 3763 554 3817 noctium
571 3765 624 3819 hoc
643 3765 703 3818 loro
718 3765 880 3820 tenebrosas
898 3771 927 3820 et
968 3780 1123 3823 conversos,
1139 3764 1257 3817 facimus
1272 3772 1303 3816 ut
1328 3762 1380 3831 ipsi
1403 3778 1515 3833 qnoque
1539 3763 1656 3831 januam

129 3853 414 3923 infidelitatcplenas,
432 3853 603 3924 frigidasque
631 3860 739 3908 mentes
766 3854 924 3925 designant.
968 3852 1079 3907 Christo
1090 3852 1226 3922 aperiant.
1240 3852 1314 3906 Bene
1330 3857 1422 3904 autem
1438 3850 1529 3921 primo
1544 3850 1656 3913 dicitur,

130 3943 222 4014 Caput
238 3958 304 4012 ergo
318 3942 412 4013 sponsi
429 3943 540 4012 plenum
557 3947 600 3996 est
612 3959 685 3998 rore.
702 3960 764 3997 cuni
779 3944 927 3998 saeculares
969 3941 1036 4006 rexi,
1055 3940 1190 4001 ideirrde,
1208 3957 1220 3990 o
1235 3947 1266 3993 ut
1280 3940 1418 4010 aperirem
1444 3940 1560 3995 dilecto.
1579 3957 1592 3990 ι
1609 3937 1656 4006 Qu

130 4034 259 4105 quiqnea
272 4031 409 4086 charitate
425 4031 473 4085 Dei
484 4038 688 4103 torpescunt.et
699 4033 778 4103 juxta
794 4033 866 4102 quiid
877 4034 927 4087 Do·
967 4029 1143 4100 praedicando
1151 4028 1270 4082 aliorum
1282 4029 1364 4082 corda
1375 4018 1656 4098 Christovultaperin

129 4123 224 4176 minus
234 4121 311 4176 dicit.
324 4119 485 4174 abundante
498 4127 610 4190 peccato
625 4121 780 4191 relrigescit
792 4121 924 4176 charitas.
967 4119 1050 4173 debet
1064 4135 1188 4188 surgere,
1198 4117 1301 4170 bocost
1316 4117 1349 4170 ad
1364 4117 1489 4170 studium
1499 4114 1656 4170 bonorumt

130 4209 237 4262 Etcum
257 4209 327 4261 tales
341 4214 453 4261 sanctos
464 4208 511 4261 Dei
524 4209 647 4262 calestia
658 4210 826 4264 meditantes
836 4227 926 4281 perse·
968 4208 1047 4278 erigi.
1059 4204 1384 4276 etoperoimplerequod
1400 4205 1542 4274 praedicat,
1559 4220 1595 4258 ne
1618 4203 1656 4258 for

132 4302 257 4366 quantur
271 4302 297 4348 et
311 4295 420 4358 odiunt,
437 4295 516 4365 quasi
532 4297 652 4350 cincinni
667 4298 760 4367 sponsi
776 4299 850 4368 pleni
861 4297 1121 4396 suntDpraedicans
1131 4296 1189 4366 ipsc
1199 4293 1487 4365 reprobuselficiatur.
1506 4293 1579 4347 ilinc
1588 4300 1619 4348 et
1628 4293 1656 4349 ln

129 4381 218 4452 guttis
228 4381 361 4435 noctium.
387 4382 456 4435 Cum
472 4397 539 4452 crgo
554 4383 625 4436 tales
648 4383 878 4454 multiplicantur,
899 4394 927 4440 et
968 4384 1177 4441 Dominodicit:
1190 4403 1202 4433 a
1213 4384 1280 4447 Quae
1293 4382 1375 4452 coepit
1389 4383 1470 4436 lesus
1484 4381 1576 4435 lacere
1590 4381 1652 4436 etd

130 4478 250 4541 grarmn
263 4470 425 4531 Ecclesiam,
439 4478 507 4524 tunc
521 4487 640 4540 sponsus
650 4472 783 4527 admonet
795 4491 925 4544 sponsam
968 4477 1049 4529 Prius
1062 4473 1131 4527 dicit
1147 4493 1158 4522 r
1176 4473 1275 4535 tacere,
1287 4471 1387 4525 deinde
1402 4471 1512 4524 docere.
1531 4490 1542 4520 i
1556 4489 1569 4522 r
1585 4470 1656 4526 Man

131 4576 209 4615 suam
226 4563 259 4613 ut
272 4565 369 4630 surgat
385 4564 413 4612 et
423 4559 500 4629 operi
511 4560 715 4629 praedicationis
729 4562 848 4616 insistat.
968 4564 1174 4617 distillaverunt
1184 4561 1337 4632 myrrham,
1352 4567 1380 4613 rt
1395 4559 1474 4630 digiti
1489 4560 1544 4612 mei
1561 4559 1638 4629 pleni
1653 4577 1656 4613 ι

167 4647 352 4720 «Dispoliavi
383 4663 427 4701 me
448 4647 543 4700 tunica
572 4663 644 4705 mea.
661 4650 801 4718 quomodo
826 4650 928 4705 induar
969 4652 1173 4723 probatissima.
1199 4647 1504 4719 ·Pernrcnusquibus
1523 4664 1656 4719 operuma

130 4736 395 4792 illalal’rovocuta
410 4736 926 4807 Ecclesiaosponsosuoadotticium
968 4741 1094 4811 operatio
1115 4741 1292 4809 designatum
1325 4754 1374 4808 pec
1406 4737 1508 4806 digitos
1538 4753 1604 4790 vero
1635 4738 1654 4793 d

130 4826 347 4895 praedicntioniS,
378 4824 571 4895 responden«
601 4825 753 4895 Exspolmai
774 4828 927 4881 metunica
969 4828 1266 4900 operationis.quiuin
1292 4827 1369 4880 nullo
1400 4825 1525 4880 membro
1538 4831 1656 4881 tontes

131 4913 353 4983 mea.quomodo
367 4913 468 4966 induar
483 4911 574 4967 illalr
592 4913 658 4967 Exui
670 4913 926 4970 mecurisetoccn·
968 4919 1132 4974 stinctiones
1144 4917 1338 4974 articulorum,
1356 4922 1468 4986 quantae
1496 4914 1524 4967 in
1540 4914 1649 4984 digitis.

132 5000 292 5071 potionibus
307 5003 390 5070 bajus
402 5002 507 5074 saculi,
524 5002 584 5057 sinc
600 5002 702 5073 quibus
717 5003 838 5057 officinm
861 5023 928 5075 pim-
969 5007 1096 5062 Ecclesiae
1112 5006 1255 5077 myrrham
1276 5004 1394 5058 stillant.
1412 5019 1475 5056 curu
1490 5003 1656 5073 praedicator

132 5087 278 5141 dicationis
291 5096 341 5142 aut
353 5090 454 5143 ritant
465 5091 928 5164 nullatenusagitur:etquomodo
969 5095 1146 5151 continentias
1174 5100 1203 5148 et
1232 5091 1438 5147 mortificationi
1466 5091 1560 5145 carnis
1579 5108 1656 5148 suae<

133 5177 194 5230 fieri
206 5182 297 5247 potest
309 5183 341 5230 ut
354 5177 456 5231 iterum
472 5179 506 5231 ad
522 5196 555 5232 ea
570 5198 631 5249 quea
660 5181 770 5235 deserui
787 5185 927 5237 revertar?
969 5187 1047 5250 dant,
1081 5184 1205 5238 dicentes
1233 5198 1295 5236 cum
1331 5178 1480 5251 Apostolo:
1500 5199 1511 5229 r
1533 5180 1652 5253 Castigo

132 5266 203 5320 Nam
216 5267 303 5335 quise
316 5265 349 5319 ad
366 5265 488 5319 otlirium
503 5269 705 5337 predicationis
721 5271 929 5343 adaptatsnsci·
969 5290 1073 5327 mauro.
1095 5280 1123 5326 et
1147 5272 1175 5324 in
1201 5269 1364 5324 servitutem
1386 5268 1493 5337 redigo.
1509 5288 1522 5320 n
1547 5268 1612 5323 Sive
1635 5285 1656 5324 cr

131 5354 277 5427 piendum,
292 5353 374 5408 debet
388 5370 499 5423 quoque
514 5359 681 5426 temporalia
704 5360 823 5415 subditis
835 5360 927 5432 provi·
970 5361 1082 5416 Christo
1098 5360 1167 5413 mori
1181 5360 1271 5430 parati
1286 5365 1361 5417 sunt,
1379 5357 1452 5412 sicut
1465 5357 1588 5412 loannes
1598 5357 1656 5412 dici

131 5444 273 5515 deraquae
283 5442 342 5497 sine
359 5458 458 5512 niagna
468 5442 709 5516 sollicitudineagi
724 5464 779 5502 non
794 5459 923 5520 possunt.
969 5450 1097 5505 Christus
1108 5466 1158 5520 pro
1171 5448 1251 5503 nobis
1262 5447 1386 5502 animam
1400 5462 1479 5500 suam
1496 5446 1600 5517 posuit,
1611 5453 1643 5502 et

131 5534 212 5599 Quod
222 5538 318 5589 cutem
330 5530 427 5589 tunica
439 5531 640 5588 sollicitudines
647 5541 677 5589 et
687 5552 768 5590 curas
779 5537 925 5608 significet,
968 5538 1068 5593 bemus
1080 5555 1130 5609 pro
1144 5537 1278 5592 tratribus
1302 5535 1412 5590 animas
1436 5549 1550 5605 ponere.
1567 5553 1583 5590 r
1598 5533 1656 5609 Dig
