3818 6104
137 241 187 300 all
376 242 566 298 HAYMONIS
582 243 826 298 iitltsseasrnr.
843 243 955 298 naiso.
972 241 1051 296 ΟΡΡ.
1068 241 1160 296 PARS
1176 242 1197 296 1.
1216 270 1248 282 -
1264 240 1452 297 COMMENT.
1468 241 1564 297 BlBL.
1726 241 1772 298 alt

131 370 226 440 positi,
241 367 426 422 rcctcdicitur
438 386 444 421 :
457 366 601 420 ilabebitis
613 365 824 420 tribulationem
836 361 933 420 ciiebus
943 365 1084 434 Asciiiect
1097 366 1203 437 peccati
1215 371 1244 419 ct
1259 372 1349 420 nrorte
1364 365 1462 421 {eterni
1477 366 1625 436 supplicii.
1644 366 1688 421 nd
1712 384 1773 438 qua-

132 457 239 511 decem.
260 456 323 510 nesi
334 456 443 509 dicatur
457 472 462 508 :
478 453 570 508 Nolite
586 470 711 525 quarere
727 456 755 508 ln
780 455 852 508 bello
869 456 931 509 tilae
973 470 1035 508 rum
1053 456 1290 525 comparationem
1311 455 1365 508 ista
1380 471 1442 524 quae
1456 454 1622 508 communis
1643 458 1696 517 est,
1708 472 1774 510 mors

132 547 279 616 praesentis
296 546 430 616 requiem,
444 544 567 615 qatandin
580 552 679 598 contra
689 550 865 598 tentamenta
880 544 932 598 inl·
972 558 1027 596 non
1041 551 1084 598 est
1098 544 1226 597 dicenda.
1240 542 1320 598 Unde
1337 546 1366 595 et
1380 534 1533 612 Apostolus
1548 543 1704 597 carnaliter
1713 560 1774 600 mar

133 635 197 688 mici
211 636 268 689 sire
283 639 389 704 aperta,
406 633 463 686 slve
478 633 700 695 occultationem
710 634 856 704 praeceptis
865 639 928 687 ten·
972 638 1036 685 tuos
1055 630 1224 686 dormientes
1240 635 1329 695 vocet,
1350 621 1446 684 dicens
1464 650 1470 684 ε
1490 631 1634 684 nonanus
1647 648 1692 685 ros
1705 637 1774 700 ipae·

134 739 217 794 quiam
234 723 336 777 milites
349 721 510 775 armamini.
531 721 630 791 Neque
643 723 717 776 enim
737 721 832 792 gandii
855 723 932 776 iocus
973 737 1038 774 rare
1049 721 1321 789 (ledornn'cntibnstl
1333 718 1407 773 Titos.
1420 722 1466 793 rr).
1480 720 1559 774 Mors
1572 719 1673 792 itaque
1682 721 1773 792 prims,

133 823 185 877 est,
202 812 249 865 abi
264 812 320 866 rita
332 810 456 865 hominis
471 815 530 864 tota
544 811 665 865 tentatio
684 818 737 865 est.
750 812 868 874 Quidam
888 812 930 864 di·
974 825 1034 880 quae
1054 801 1137 875 lenit,
1154 816 1298 880 peccatum
1314 809 1453 863 cattinis
1475 809 1577 879 itaque
1598 824 1663 879 quae
1688 809 1776 865 ledeia

132 906 200 954 cant
215 904 257 965 tut
270 899 369 953 beatus
390 899 477 967 Beda)
491 899 588 951 decem
602 899 774 952 tentationes
786 900 820 952 tid
836 900 932 953 decem
974 898 1070 969 possit,
1087 899 1165 952 nulia
1185 898 1241 951 salla
1266 897 1320 951 nisi
1347 901 1452 951 aeterna
1474 898 1628 952 danmatio
1653 899 1773 953 succedit

132 989 342 1061 persecutiones
354 987 503 1058 gentilium
515 987 624 1052 reterri,
637 993 665 1041 et
679 993 780 1058 putant
795 990 931 1043 aNerone
973 988 1094 1057 ideoque
1110 975 1297 1057 praetermissa
1308 987 1400 1041 media
1413 997 1475 1057 qua>
1491 1001 1550 1040 non
1567 986 1657 1049 laedit,
1674 987 1772 1042 alinde

132 1078 339 1146 Caesareaeque
355 1076 390 1129 ad
403 1075 616 1130 Diocletianum.
635 1075 713 1139 Quod
733 1077 872 1146 quoinodo
884 1077 929 1138 sit,
973 1073 1033 1129 buit
1049 1076 1139 1129 sociari
1154 1077 1286 1139 secunda,
1302 1090 1363 1145 qua
1376 1078 1440 1146 post
1460 1080 1612 1146 peccatum
1630 1075 1719 1129 ladit.
1735 1076 1774 1130 ili·

131 1168 185 1238 ipsi
194 1164 313 1220 ridurlnt
323 1166 371 1236 qui
382 1167 433 1218 hoc
444 1165 552 1218 dicunt.
563 1165 658 1218 Potest
673 1171 767 1218 sautem
784 1173 812 1219 et
828 1166 872 1219 nic
886 1167 932 1220 de·
973 1171 1054 1218 catur
1068 1165 1163 1234 itaque
1180 1179 1185 1216 ε
1204 1163 1257 1227 Qui
1268 1164 1374 1227 vicerit,
1392 1180 1447 1217 non
1461 1164 1587 1217 ledetur
1601 1179 1619 1217 a
1634 1166 1727 1218 morte
1739 1180 1774 1219 aa·

132 1258 229 1311 narius
242 1266 377 1310 numerus
396 1254 480 1308 aliter
500 1255 630 1324 intelllgi.
648 1255 763 1308 Cunctis
785 1260 878 1309 autem
895 1256 932 1309 lc·
975 1254 1076 1316 cunda,
1098 1253 1126 1307 id
1141 1257 1183 1306 est
1196 1255 1244 1323 qui
1261 1259 1381 1306 mortem
1398 1253 1503 1323 peccati
1523 1252 1554 1306 in
1582 1253 1640 1306 boc
1662 1257 1776 1324 tempore

131 1345 262 1416 gentibus
286 1345 374 1414 liquet
400 1343 491 1396 tribus
515 1342 717 1396 tentationibus
740 1343 933 1413 principaliter
973 1343 1082 1395 animas
1093 1346 1238 1396 necantem
1247 1342 1430 1412 superaverit.
1443 1341 1480 1395 ad
1492 1340 1645 1395 laesionem
1654 1342 1716 1411 ejus
1725 1355 1776 1413 qne

130 1435 253 1505 primurn
268 1433 409 1487 honilnem
426 1449 443 1486 a
458 1441 588 1502 serpente
602 1432 629 1484 in
647 1432 777 1502 paradiso
792 1436 930 1487 tentatum
974 1431 1121 1501 posthanc
1137 1438 1167 1484 ct
1180 1444 1299 1501 corpora
1318 1440 1346 1484 et
1358 1431 1468 1484 animas
1492 1430 1558 1484 sine
1586 1433 1646 1485 tine
1671 1432 1774 1493 crudit.

131 1539 163 1575 ac
178 1529 361 1592 superatum:
379 1520 479 1590 qulbus
499 1521 583 1575 ctiam
600 1521 692 1574 tribus
707 1517 798 1574 niodls
814 1526 876 1591 post
891 1536 933 1575 se·
974 1536 1028 1573 non
1044 1519 1197 1590 perveniet.
1213 1521 1281 1582 Quae
1297 1534 1371 1572 rarors
1388 1535 1501 1590 semper
1525 1518 1645 1585 occidit,
1663 1526 1692 1574 et
1713 1534 1776 1574 nan·

130 1611 223 1663 cundo
242 1609 348 1662 bomini
369 1614 478 1663 tentato
500 1609 656 1673 succubuit,
687 1609 714 1662 id
740 1615 783 1662 est
803 1609 930 1670 avaritia,
974 1609 1107 1679 quarnad
1135 1609 1276 1677 integrum
1301 1608 1455 1678 exstinguit
1480 1607 1516 1661 In
1536 1606 1668 1662 laesionis
1693 1618 1775 1665 auten

141 1712 204 1752 rana
225 1698 324 1767 gloria.
348 1702 377 1750 et
399 1697 569 1767 cupiditate3
593 1704 690 1750 contra
717 1712 796 1766 qeins,
824 1690 1066 1761 scilicetBrerbo,
1085 1697 1262 1751 irriserlorum
1282 1696 1365 1750 debet
1385 1696 1505 1767 intelligi
1533 1698 1697 1768 corruptio.
1717 1697 1779 1753 Leti

131 1787 299 1858 principales
319 1787 499 1841 tentationes.
516 1783 641 1856 qnotidie
662 1787 784 1840 Ecclesia
805 1786 930 1840 dimicat.
973 1785 1048 1838 caim
1065 1801 1118 1838 non
1134 1791 1233 1855 protest,
1251 1785 1304 1839 nisi
1317 1786 1390 1855 quod
1411 1786 1592 1856 corruptioni
1609 1787 1744 1856 subjacet.

130 1875 313 1946 septenarius
327 1881 422 1927 autem
437 1888 571 1927 numerus
582 1874 615 1926 acl
630 1888 752 1943 prensens
762 1880 875 1943 tempus
890 1884 932 1928 re·
1009 1875 1040 1928 Et
1053 1878 1149 1941 caprio
1165 1877 1295 1941 Perpurni
1311 1875 1431 1927 Ecclesia
1452 1877 1553 1928 scribe.
1572 1877 1728 1946 Pergamus
1740 1876 1774 1929 ln·

129 1964 228 2028 lemur,
247 1965 320 2034 quod
335 1970 442 2034 septem
456 1963 554 2016 ‹lielnas
571 1964 699 2016 nutritur.
717 1963 789 2026 Quia
811 1965 878 2031 ergo
901 1964 930 2016 in
975 1968 1147 2032 terpretatur
1160 1963 1258 2016 divisio
1277 1972 1422 2016 cornuum.
1439 1962 1522 2026 Quod
1539 1974 1645 2034 aperte
1661 1963 1771 2019 &abac

129 2056 205 2108 omni
220 2055 304 2122 liujus
318 2050 380 2106 ritae
395 2052 517 2105 termino
533 2053 605 2106 trina
618 2053 672 2104 ista
684 2053 803 2106 lentullo
819 2066 874 2104 non
887 2067 933 2122 po·
973 2035 1110 2121 congruit,
1130 2053 1157 2105 ln
1173 2067 1229 2120 qua
1242 2057 1309 2105 sunt
1324 2051 1407 2104 simui
1420 2050 1486 2104 boni
1503 2059 1535 2105 et
1546 2053 1667 2118 maliet
1677 2056 1772 2124 quein

131 2143 309 2199 tesideesse,
326 2142 353 2193 in
373 2141 585 2210 quibusmctera
603 2141 669 2193 rina
693 2142 868 2210 potissimum
885 2141 933 2191 ob
973 2141 1092 2193 dicando
1105 2139 1172 2193 iacit
1192 2141 1356 2194 distantiam
1382 2141 1458 2193 inter
1478 2140 1572 2195 bonos
1589 2148 1621 2196 et
1637 2143 1768 2207 malesei

129 2230 220 2282 tinent
235 2229 433 2298 principatum.
449 2235 477 2279 et
498 2229 555 2281 ime
580 2227 640 2296 ipsa
663 2229 789 2281 mortalis
810 2228 865 2281 rito
883 2245 932 2298 per
974 2230 1767 2299 ‹terratringanturcornuapeccatorunr.etexeritenturcor·

131 2328 239 2387 septeni
255 2317 364 2368 dierum
373 2315 510 2369 cunicula
521 2317 666 2369 ostdritur.
679 2329 754 2369 reete
765 2317 860 2369 decem
872 2312 931 2369 die-
974 2334 1028 2372 nna
1037 2320 1117 2387 justi.
1131 2320 1190 2372 ilar
1202 2313 1270 2371 dicit
1281 2321 1331 2385 pari
1341 2319 1417 2371 ltabet
1425 2319 1622 2386 rhompheam
1630 2337 1664 2372 er
1672 2326 1767 2388 utroque

134 2423 196 2459 rum
210 2422 328 2459 nairiicro
340 2405 502 2475 principalis
514 2405 641 2458 Fcclesis‘c
651 2405 933 2476 tribulatioexpriml·
972 2407 1764 2479 pertractatum..itbompiiaeaestgiediusutiinqueucutm.

132 2501 188 2548 tur.
205 2498 263 2547 llac
282 2493 441 2546 cnimtrina
452 2491 609 2546 tentatione
620 2500 725 2563 septem
736 2493 834 2547 illelius
845 2494 933 2563 appli-
974 2496 1065 2549 Giadii
1083 2502 1177 2549 autem
1193 2496 1316 2560 nomine,
1333 2496 1480 2566 Scriptura
1504 2512 1589 2551 saera
1606 2498 1761 2568 intelligitur,

129 2584 194 2645 cita,
212 2583 345 2637 denarius
356 2597 491 2635 numerus
506 2581 678 2652 adimpletur
690 2599 696 2647 ;
713 2582 823 2635 dieitur
837 2581 932 2651 itaque
974 2580 1083 2638 dicente
1095 2586 1227 2655 Apinstolo
1239 2603 1245 2634 τ
1258 2586 1290 2638 nt
1305 2586 1429 2653 pladiani
1443 2585 1574 2653 Spiritus
1586 2589 1662 2654 aaron
1674 2592 1708 2641 etl
1718 2600 1764 2638 crr-

129 2673 276 2726 dceleetia
293 2693 298 2725 ι
318 2673 458 2725 iinbcbitis
484 2674 693 2724 tm'bnlctioncm
713 2673 808 2724 dictam
832 2673 930 2736 circeia,
975 2676 1037 2726 barn
1056 2675 1103 2728 ilci
1117 2675 1223 2742 tipice
1245 2680 1292 2738 nl.
1314 2674 1368 2738 Qui
1391 2674 1507 2743 gladius
1532 2675 1649 2729 Veteris
1667 2683 1694 2729 ct
1709 2673 1763 2729 aon

129 2763 185 2815 acsi
201 2762 309 2815 diceret
326 2780 331 2813 z
350 2760 501 2830 Usquequo
521 2776 644 2830 praesens
660 2761 716 2813 rita
729 2761 852 2824 liniatur,
872 2774 933 2829 (prato
973 2762 1146 2815 Testamenti
1160 2762 1232 2816 bene
1247 2770 1368 2833 utraque
1383 2769 1463 2834 parte
1478 2770 1584 2818 acutus
1596 2762 1762 2834 dicitur.qait

129 2870 179 2924 per
191 2859 301 2922 septem
320 2851 380 2904 dies
395 2848 522 2914 volvitur,
539 2857 636 2903 itorrtra
656 2850 780 2902 diversas
800 2849 932 2903 tentatio·
974 2850 1101 2905 videlicet
1120 2851 1185 2904 bine
1199 2856 1313 2920 peccata
1327 2852 1429 2922 operis,
1447 2852 1529 2908 illinc
1544 2859 1656 2906 resecat
1670 2856 1760 2923 permis

131 2958 190 3003 nes,
201 2956 263 3010 quse
278 2941 306 2993 in
321 2940 411 2993 tnbns
423 2954 505 2991 sirum
519 2939 639 2991 maxime
650 2939 778 2992 obtinent
794 2938 933 3008 principa·
974 2938 1162 3008 cogitationis.
1178 2940 1265 2994 Vetus
1281 2939 1384 3010 quippe
1404 2940 1627 2995 Testamentum
1650 2938 1760 2994 dicitzli

51 3064 58 3071 -
130 3036 202 3089 tuna,
211 3035 353 3082 certamen
367 3028 513 3081 babebitis.
533 3029 594 3081 nto
605 3029 692 3093 tidelis
705 3042 790 3095 respice
804 3029 842 3080 nd
856 3042 930 3079 inor·
940 3040 962 3100 0
973 3031 1034 3096 orris
1051 3030 1224 3082 rrdrrttcrinm
1237 3029 1341 3087 lecerit.
1356 3034 1442 3082 ritorto
1455 3033 1604 3083 niorrorar
1613 3031 1702 3098 (terit.
1714 3043 1757 3081 11³:

130 3123 193 3175 tan,
214 3124 238 3169 ct
264 3118 333 3170 dabo
358 3119 408 3170 tibi
427 3132 556 3169 conranni
584 3120 653 3168 rita.
674 3117 724 3168 liic
735 3117 794 3183 jam
810 3115 930 3169 ostendit
972 3116 1759 3186 Nurumneroniani-teritinridier-craadmncnpiscealna

130 3212 227 3274 aperte
256 3204 289 3257 ad
314 3220 384 3274 quos
407 3204 502 3257 decem
527 3204 587 3256 dies
607 3202 779 3273 pertingunt.
797 3204 825 3256 id
838 3211 879 3257 est
895 3204 929 3256 ad
972 3221 1041 3270 ran,
1050 3209 1111 3273 jam
1125 3208 1272 3259 annullatus
1285 3210 1324 3260 ert
1337 3222 1396 3259 eum
1412 3210 1442 3260 in
1458 3207 1541 3260 corde
1555 3206 1717 3278 suotittattt.
1731 3210 1757 3263 rt

130 3308 213 3345 ‹rirtne
228 3300 339 3360 tempus
356 3291 482 3360 quandiu
499 3292 579 3343 tidem
596 3307 708 3346 servare
722 3292 801 3346 eiecti
817 3293 927 3345 oetam.
973 3302 1001 3346 et
1021 3295 1108 3347 trinita
1123 3294 1165 3347 ins
1185 3294 1296 3348 similia.
1312 3294 1363 3348 Vei
1377 3299 1455 3348 certe
1468 3300 1597 3365 utraque
1616 3301 1692 3366 parte
1710 3294 1758 3346 ideo

132 3381 191 3434 liae
206 3387 301 3434 autem
315 3389 341 3432 et
356 3379 528 3448 generaliter
542 3380 618 3431 trililli
631 3380 769 3434 Ecclesia.
785 3388 813 3432 et
827 3381 932 3449 speria·
973 3390 1072 3436 cirratas
1087 3382 1198 3441 elicitur,
1215 3383 1280 3453 quia
1296 3383 1369 3436 sicut
1379 3384 1492 3453 gladius
1504 3383 1603 3456 biceps
1613 3398 1716 3439 carnem
1729 3380 1759 3434 di

130 3469 196 3521 liter
212 3469 318 3521 ‹ncnar
333 3467 482 3538 uniruique
498 3467 571 3520 ildeti
586 3468 695 3521 atalante.
715 3469 784 3522 ilinc
801 3469 929 3538 estquod
973 3466 1051 3532 vidit,
1070 3475 1098 3524 et
1114 3470 1242 3524 membra
1263 3487 1280 3523 a
1301 3471 1434 3525 membris
1457 3479 1586 3542 separat.
1611 3472 1650 3527 ita
1666 3471 1760 3541 ganas

128 3558 158 3612 in
173 3557 325 3628 Evangelio
340 3558 475 3612 Dominus
491 3557 578 3610 dicit:
596 3559 648 3624 (itti
658 3561 872 3625 incarceraverit
884 3574 931 3610 as-
973 3559 1048 3613 rerbi
1062 3559 1110 3613 ilci
1125 3564 1238 3631 separat
1253 3558 1340 3613 bonos
1354 3560 1475 3613 amalis.
1492 3560 1577 3615 Unde
1593 3559 1758 3616 Dominnsdi

131 3664 181 3715 pree
197 3650 227 3700 tn
243 3645 498 3714 praetermiseramus
513 3650 565 3699 erit
579 3647 686 3711 illinitis.
701 3656 740 3702 xl,
760 3647 826 3699 Esto
838 3645 932 3715 itaque
973 3650 1025 3703 cit:
1038 3650 1099 3703 ivan
1109 3652 1172 3702 rarii
1184 3664 1277 3717 precem
1290 3651 1409 3709 mittere,
1420 3650 1756 3719 sedatartiumtliattt.tt

131 3735 224 3788 tidelis
237 3734 369 3804 anparead
387 3741 516 3792 inertem.
530 3741 558 3786 et
572 3734 646 3786 inter
661 3732 764 3786 nrnltas
775 3746 929 3803 pressuras,
973 3742 1001 3790 ct
1015 3744 1123 3791 catera.
1142 3736 1204 3790 Sive
1219 3737 1303 3790 etiam
1320 3736 1425 3790 idcirco
1437 3736 1544 3791 dicitnr
1564 3744 1683 3809 utraque
1696 3739 1759 3806 paria

130 3823 374 3877 interinnumeras
384 3822 486 3881 clades,
499 3837 611 3892 semper
621 3821 741 3874 victoria
756 3821 931 3890 triumphum
973 3832 1082 3889 acutus,
1097 3825 1162 3896 qula
1174 3831 1200 3879 et
1212 3825 1352 3896 simplices
1365 3842 1417 3897 per
1428 3826 1594 3894 historiam,
1604 3835 1632 3882 et
1643 3826 1758 3898 perlecto·

132 3911 338 3976 attestantium
350 3911 424 3964 enim
442 3910 493 3963 hoc
506 3910 633 3963 <licturus
648 3915 718 3969 eret,
735 3908 872 3978 praemisit
883 3922 931 3961 sn·
972 3915 1086 3969 instruit
1102 3930 1152 3986 per
1166 3914 1339 3985 aliegmiam,

132 4002 225 4073 petius
241 4020 247 4054 ε
266 4003 326 4055 idac
339 4003 416 4060 dicit,
434 4003 484 4067 pari
506 4002 562 4066 litii
578 4004 715 4063 morinus,
736 4003 761 4051 et
776 4001 851 4050 m'rit.
866 3995 931 4050 llesl
1007 4004 1068 4059 Sero
1083 4004 1256 4058 pertrahitis.
1271 4005 1321 4057 nbi
1329 4005 1400 4057 senes
1410 4008 1447 4057 est
1457 4005 1585 4061 noeane.
1597 4007 1756 4074 Ethoegrne

131 4092 287 4144 dioeretur:
302 4089 363 4143 aon
375 4089 457 4142 iidem
472 4088 546 4157 regis
557 4088 698 4147 amittere,
711 4085 777 4154 quia
787 4086 809 4139 si
822 4100 932 4140 mecum
973 4094 1070 4159 naliter
1085 4092 1236 4147 universali
1253 4092 1381 4146 Ecclesiae
1396 4093 1511 4160 dicitur,
1524 4110 1590 4166 quae
1613 4096 1695 4148 mitta
1706 4105 1754 4145 cam

132 4186 191 4233 toto
201 4178 266 4231 belli
281 4185 407 4246 tempore
417 4176 604 4240 dimicaveris,
618 4180 810 4245 postmortem
822 4188 931 4228 mesiam
973 4181 1218 4252 reprobis‚ubique
1227 4197 1277 4251 per
1285 4180 1381 4234 orbem
1394 4178 1755 4238 Satanaetentationibuswlt

133 4268 329 4331 coronaberis;
346 4265 394 4318 sed
404 4264 576 4334 etregnandi
592 4273 695 4319 sortem
710 4265 838 4336 accipies.
852 4266 1150 4364 NuaeDsccxercere.
1165 4270 1242 4324 Sicut
1256 4270 1420 4324 enimsedes
1435 4271 1485 4325 Dei
1500 4277 1569 4326 sunt
1580 4273 1752 4327 eiectiomnes.

134 4356 209 4410 enim
224 4360 268 4408 est
279 4361 389 4422 tempus
400 4351 572 4415 decertandi,
584 4360 651 4407 tunc
661 4360 755 4407 autem
768 4355 930 4409 coronandi.
973 4360 1013 4413 ita
1027 4364 1093 4412 sant
1102 4360 1182 4413 sedes
1193 4359 1297 4412 diaboii
1307 4359 1397 4413 cuncti
1410 4358 1535 4430 reprobi.
1547 4362 1577 4415 in
1588 4372 1755 4432 quorumme-

134 4444 214 4499 Uade
228 4451 256 4497 ct
272 4443 299 4495 in
316 4441 497 4512 sequentibus
511 4441 614 4495 dicitnr
627 4445 720 4510 inpiae.
738 4443 804 4512 in):
823 4446 876 4511 Oui
895 4447 934 4497 ri·
973 4447 1022 4501 dio
1031 4447 1139 4500 insibilat
1149 4448 1279 4507 Ecclesia,
1295 4449 1376 4518 inam
1386 4448 1463 4518 quod
1473 4450 1629 4520 Apostolus
1637 4448 1700 4504 dicit
1712 4465 1718 4500 τ
1732 4447 1755 4500 n

133 4535 210 4592 ecrit,
226 4530 326 4585 faciam
342 4546 407 4584 eum
422 4532 511 4582 sectere
528 4534 557 4583 in
567 4532 665 4583 tbronu
681 4549 746 4591 ineo,
764 4536 834 4585 sicat
849 4532 874 4585 et
887 4548 935 4599 epo
975 4539 1062 4590 artenia
1077 4542 1198 4591 nationis
1207 4548 1299 4605 praee
1311 4541 1336 4590 ct
1347 4551 1490 4605 pietatm,
1507 4541 1586 4593 inter
1604 4555 1669 4608 qaas
1682 4535 1756 4591 inea

54 4694 60 4699 ἠ
133 4626 196 4688 vici,
213 4629 237 4676 et
247 4623 321 4675 emo
336 4636 399 4675 carm
409 4622 491 4673 Putre
508 4635 564 4672 tlttb
581 4621 611 4672 in
627 4620 724 4672 tirrano
739 4624 807 4688 rjais.
971 4629 1040 4680 sient
1053 4628 1210 4679 trran'ncriu
1225 4629 1257 4679 in
1270 4628 1383 4689 instricta,
1398 4627 1512 4681 verbnm
1531 4631 1595 4682 rita
1608 4630 1754 4683 continente

169 4715 223 4782 Oai
237 4713 314 4766 imbri
327 4725 425 4764 aaran
439 4708 531 4762 cordis
547 4714 575 4761 et
588 4708 803 4778 intelligentiam
814 4709 928 4778 meritis,
969 4715 1051 4779 (etin.
1066 4721 1112 4778 nl:
1127 4721 1156 4767 et
1170 4715 1198 4768 in
1214 4714 1338 4768 Canticis¹
1358 4715 1537 4770 canticorum
1561 4718 1682 4772 dicitnr:
1696 4714 1755 4770 sset

132 4806 230 4858 arctini
242 4808 271 4856 et
281 4798 463 4869 intelligatad
475 4814 505 4851 se
520 4797 660 4867 pertinere
674 4799 748 4868 quod
761 4798 865 4852 dictum
876 4805 927 4863 est,
972 4805 1064 4856 litiani
1077 4806 1399 4872 intemeratissimae
1407 4819 1468 4857 aren
1477 4800 1750 4874 interfitiocstssnatni

133 4892 242 4958 etquid
256 4889 466 4957 bpirr'tnsrlicut
482 4887 626 4940 doricetis:
642 4886 696 4952 (tul
717 4890 813 4940 ricerii
836 4893 929 4941 tenta·
970 4896 999 4945 ct
1011 4891 1075 4944 inde
1090 4892 1151 4944 larus
1173 4890 1325 4945 electorum
1341 4891 1464 4961 amplius
1482 4895 1599 4955 erescit,
1620 4900 1649 4948 et
1669 4892 1753 4960 unqua
1802 4906 1804 4945 !

133 4984 229 5030 menta
243 4977 389 5035 diabolica,
400 4975 639 5029 incentivacarnis
649 4991 715 5038 snae
725 4992 780 5029 non
792 4977 929 5030 iarlctnrn
969 4974 1143 5045 ditlnnditnr,
1159 4979 1290 5049 quoniam
1303 4978 1334 5032 in
1345 4980 1438 5033 medio
1448 4981 1594 5037 mulorum
1607 4978 1753 5036 transcant

133 5065 393 5126 ‚incanescente
405 5071 448 5119 est
462 5080 477 5117 a
491 5064 673 5119 damnatione
685 5071 827 5135 perpetua.
839 5065 928 5119 insa·
969 5073 1081 5122 serrant
1095 5083 1190 5137 opera.
1208 5068 1280 5121 ilinc
1293 5068 1424 5138 estquod
1438 5069 1515 5124 tom
1528 5084 1609 5125 sacra
1629 5071 1752 5140 Scriptura

133 5168 180 5205 cra
198 5151 274 5204 enini
296 5153 442 5221 Scriptura
460 5158 518 5206 tres
544 5158 650 5207 mortes
674 5169 747 5223 saepe
761 5160 904 5225 ponuntur
919 5172 925 5207 :
969 5162 1041 5211 teste
1055 5154 1268 5226 laudaturtden.
1282 5159 1438 5228 x1x),quod
1457 5166 1535 5214 esset
1551 5162 1612 5216 visu
1628 5168 1655 5216 et
1673 5158 1751 5212 ondin

133 5256 190 5295 una
202 5239 310 5292 scilicet
330 5240 443 5308 peccati.
461 5241 549 5295 ultera
563 5242 664 5304 omnis,
682 5243 765 5296 tertia
779 5253 842 5296 iero
859 5258 926 5312 sup·
964 5246 1067 5314 justus,
1084 5245 1215 5299 habitans
1230 5247 1306 5316 apud
1324 5263 1371 5300 eos
1388 5247 1436 5318 qui
1462 5249 1591 5319 qnotidie
1608 5248 1751 5319 aiiiigebsat

131 5329 245 5401 piletum
266 5336 379 5381 aetenam
401 5328 599 5383 damnationis.
616 5334 684 5398 Quae
708 5345 784 5384 matrs
811 5328 856 5383 inc
880 5347 925 5384 ae·
967 5335 1028 5401 ejus
1043 5334 1165 5388 nltimam
1178 5335 1289 5405 injustis
1304 5335 1445 5406 operibns.
1464 5337 1540 5392 ilinc
1553 5340 1638 5392 etiam
1651 5333 1749 5393 melea

130 5418 232 5484 cunda,
248 5431 304 5471 non
322 5417 405 5469 tertia
419 5415 590 5478 nominatur,
612 5419 679 5488 quia
693 5416 821 5473 virleiicet
832 5420 867 5472 dc
882 5420 929 5474 bis-
966 5422 1194 5477 dicitetectorum
1206 5441 1213 5475 :
1225 5423 1746 5497 carniolaefteramnesemiaeterni-

129 5505 325 5567 tantmuodo
336 5503 430 5575 agitur
446 5518 549 5569 serino,
565 5520 626 5575 qua
649 5513 760 5576 nocent,
775 5508 811 5563 de
833 5515 925 5563 nana
966 5521 1057 5579 enarr.
1077 5511 1143 5584 apis
1158 5513 1260 5585 qnippe
1272 5513 1301 5568 in
1317 5526 1368 5568 ore
1382 5515 1441 5569 mel
1453 5520 1561 5587 perlat,
1577 5517 1607 5571 in
1618 5517 1700 5572 cauda
1711 5526 1746 5567 rc·
