3818 6104
92 262 125 322 57
599 267 808 329 aNARRnrm
828 270 867 326 IN
886 267 977 325 OSEE
997 266 1226 324 PROPHETAM.
1692 263 1728 324 58

91 389 153 444 sine
168 391 321 462 prudentia
330 394 451 450 stultitia
463 400 515 450 est.
526 394 607 450 Unde
618 399 647 449 et
660 395 689 449 in
703 395 756 450 hoc
768 396 828 450 loco
843 399 920 456 co·A
932 393 1054 448 ferarum
1069 392 1355 459 vocantur,ulnlatum
1366 390 1539 460 luporum,et
1550 388 1672 444 sonitum
1686 389 1727 445 ir·

91 479 189 534 lumba
202 481 353 538 stultitiam
367 486 381 539 J
385 484 475 539 udaiei
488 483 584 556 populi
599 484 788 556 designat,qui
798 485 890 555 potius
930 482 1139 537 rationabilium
1151 481 1303 535 bestiarum
1314 479 1466 533 imitantes.
1478 498 1489 529 ι
1503 477 1594 549 Super
1600 477 1727 534 triticam

91 569 159 622 fisus
174 576 219 624 est
230 570 259 625 in
275 572 388 626 homine
403 589 487 644 quam
510 571 539 626 in
558 572 626 636 Deo,
643 572 796 645 AEgyptum
810 573 890 627 invo·
931 573 1062 627 etvinum
1076 570 1282 625 ruminabant.»
1295 568 1729 639 Ruminareestrevomere,quo·

90 673 169 727 cans,
193 665 222 713 et
241 660 278 713 ad
297 661 428 732 Assyrios
447 677 574 732 pergens.
600 661 652 725 Qui
666 662 739 715 enim
755 662 890 717 auxilium
931 660 1014 715 modo
1028 660 1159 715 animalia
1174 659 1247 732 qaod
1263 659 1307 714 die
1322 654 1606 721 comedunt,nocteab
1618 655 1727 710 intimis

88 745 204 818 AEgypti
218 748 361 820 petiit,qui
374 750 408 804 ab
423 751 495 804 lsaia
510 750 670 820 appellatur
684 749 890 805 baculasarun·
929 746 1080 802 visceribus
1094 747 1129 801 ad
1143 753 1242 818 guttur
1256 751 1285 800 et
1299 745 1392 800 fauces
1402 744 1492 797 redire
1502 742 1619 811 faciunt,
1630 743 1726 814 sicque

87 835 191 890 dineus
211 838 381 902 contractus,
397 838 432 893 ab
448 839 571 910 Assyriis
589 838 738 912 abducitur
752 839 886 910 captivus.
929 835 1060 890 subtilius
1072 836 1251 901 ruminando,
1266 835 1295 889 in
1309 840 1435 888 ventrem
1450 832 1543 886 redire
1559 831 1675 886 faciunt.
1692 832 1728 888 Et

84 923 191 979 Factus
206 932 329 996 asterga
343 927 475 1000 Ephraim
491 927 570 998 quasi
592 926 721 982 columba
737 928 853 982 seducta
872 944 890 981 a
929 931 973 979 est
986 943 1085 979 sensus
1096 943 1102 978 :
1114 925 1185 989 Quia
1199 924 1371 979 abundantia
1386 923 1512 977 omnium
1527 937 1621 976 rorum
1637 921 1726 976 babe-

84 1010 270 1079 diabolo‚non
285 1015 392 1070 habens
406 1015 801 1086 cor,hocest,intelligentiam
812 1032 888 1071 men·
929 1013 1005 1078 bant,
1025 1031 1085 1085 quaa
1099 1015 1128 1068 in
1145 1014 1208 1067 vino
1221 1019 1248 1067 et
1271 1013 1364 1066 tritico
1385 1010 1642 1082 comprehenditur,
1662 1010 1726 1065 ideo

82 1100 130 1155 tis.
148 1102 313 1158 Notandum
331 1105 513 1176 autemquod
540 1121 596 1159 non
619 1105 730 1175 aquilae,
747 1105 885 1174 accipitri,
927 1110 1093 1157 corruerunt
1104 1102 1265 1157 recedentes
1279 1118 1296 1155 u
1310 1117 1363 1167 me,
1376 1100 1448 1172 quod
1462 1099 1548 1153 etiam
1562 1098 1688 1153 Ezechiel
1697 1098 1726 1153 ia

79 1193 135 1242 aut
148 1205 244 1257 corvo,
259 1193 302 1246 vel
315 1193 431 1248 cuilibet
443 1194 505 1248 aliie
519 1194 562 1247 avi
578 1199 765 1265 comparatur,
782 1194 831 1248 sed
844 1210 888 1248 co-
929 1190 1058 1247 Sodomis
1079 1197 1108 1246 ct
1133 1191 1298 1245 Gomorrhis
1320 1189 1423 1243 factum
1439 1205 1499 1242 esse
1510 1193 1721 1242 commemorat.

79 1277 199 1343 lambae,
216 1292 278 1350 quae
291 1284 377 1336 tantae
396 1282 559 1352 fragilitatis
579 1287 630 1344 est,
646 1287 679 1336 ut
688 1283 816 1354 proprios
830 1299 886 1337 non
928 1280 1098 1334 Intuendum
1118 1286 1213 1334 autem
1229 1279 1296 1351 quia
1308 1285 1341 1333 ut
1353 1277 1514 1333 ostenderet
1526 1278 1724 1347 eosjamento-

77 1367 179 1421 valeat
190 1369 267 1423 tueri
279 1369 361 1425 fetus.
375 1370 421 1425 Sic
435 1371 511 1425 enim
527 1376 555 1425 et
567 1371 615 1425 isti
637 1372 831 1442 comprehensi
850 1372 886 1426 ab
927 1385 989 1422 rum
1005 1368 1121 1434 similes,
1136 1385 1192 1422 non
1209 1369 1279 1422 dixit
1296 1365 1490 1431 comedebant,
1504 1365 1553 1420 sed
1569 1383 1582 1417 a
1596 1366 1724 1419 rumina·

78 1455 530 1525 hostibus,nonhabaeruntvires
541 1477 571 1514 se
580 1459 775 1515 defendendi«
784 1460 886 1532 AEgyp
927 1457 1004 1511 bant.
1018 1477 1030 1506 n
1046 1459 1079 1512 ln
1094 1458 1148 1511 hoc
1163 1457 1247 1511 etiam
1262 1455 1420 1510 ruminasse
1433 1455 1576 1520 dicuntur,
1596 1454 1661 1524 qaia
1676 1469 1725 1524 pa·

76 1549 145 1599 tum
159 1545 355 1613 invocabant»
370 1547 503 1603 subaudis
514 1549 542 1603 in
553 1548 744 1616 auxilium‚vel
753 1549 887 1603 deosillo-
926 1546 1159 1600 baladivinurum
1174 1545 1349 1616 eloquiorum
1360 1543 1546 1616 spiritualiter
1554 1559 1611 1597 non
1621 1542 1724 1597 intelli·

77 1650 147 1688 ram
163 1634 290 1690 colendo.
302 1656 313 1688 ι
325 1637 368 1690 Ad
380 1637 509 1709 Assyrios
524 1637 687 1705 abierant»
704 1654 761 1692 non
775 1643 884 1709 sponte,
927 1634 1041 1704 gabant.
1069 1654 1082 1687 a
1105 1636 1292 1689 Recesserunt
1307 1651 1324 1688 a
1338 1649 1393 1698 me,
1408 1650 1421 1686 a
1446 1633 1553 1687 cultum
1579 1631 1724 1701 religionis

80 1723 133 1777 sed
152 1723 271 1796 captiui,
293 1744 304 1776 ι
327 1730 356 1779 et
378 1742 441 1780 cum
463 1725 578 1797 perfecti
596 1724 711 1791 fuerint,
728 1707 994 1798 expandamssmese
1017 1725 1183 1795 spernendo,
1205 1730 1233 1777 ct
1253 1722 1381 1778 servituti
1402 1721 1505 1776 diaboli
1521 1738 1551 1775 sc
1565 1720 1720 1776 subdendo.

81 1816 144 1866 rete
159 1828 256 1866 meam
266 1830 352 1885 saper
366 1830 422 1880 eos,
439 1813 494 1868 uid
508 1818 560 1880 est,
571 1820 604 1869 ut
613 1816 736 1869 sentiant
749 1815 814 1885 quia
825 1831 884 1870 mu·
926 1830 938 1865 a
954 1813 989 1866 Et
1002 1830 1053 1883 ego
1070 1813 1177 1867 erudivi
1191 1829 1265 1878 cosp
1279 1812 1367 1875 idest,
1379 1810 1460 1865 docui
1474 1827 1522 1864 eos
1536 1826 1586 1881 per
1594 1810 1720 1879 Moysen,

78 1906 177 1956 mutes
192 1902 264 1966 loca,
279 1918 374 1957 meum
388 1919 444 1957 non
458 1910 576 1974 possunt
589 1903 677 1958 vitare
691 1909 880 1974 conspectum.
924 1903 1207 1974 caetemsquefideles.
1220 1919 1233 1953 a
1245 1903 1280 1957 Et
1292 1899 1445 1955 confortavi
1456 1899 1571 1953 brachia
1580 1914 1688 1959 eorum,
1707 1916 1720 1950 n

83 1990 154 2044 Cam
176 1990 295 2061 profecti
315 1990 422 2045 fuerint
444 1991 473 2045 in
487 1993 687 2065 captivitatem,
710 1998 770 2047 rete
789 2009 884 2048 meam
924 1990 1152 2062 hocest,praebui
1162 1990 1355 2045 tortitudinem
1364 1989 1399 2043 ad
1410 1985 1723 2053 bellandum,sicatfac-

84 2078 307 2149 expandam,hoc
317 2079 526 2150 est‚potcntiam
538 2097 629 2135 meam
640 2097 726 2152 super
735 2099 782 2136 eos
794 2087 885 2137 osten·
924 2084 985 2133 tum
996 2085 1039 2134 est
1047 2079 1221 2151 temporibus
1235 2081 1249 2133 J
1252 2096 1319 2133 osae
1332 2084 1360 2133 et
1374 2076 1609 2131 Machabreorum.
1621 2096 1632 2127 ι
1644 2076 1679 2129 Et
1691 2074 1722 2130 ia

85 2167 161 2233 dam,
170 2182 208 2221 ne
219 2167 328 2237 possint
337 2167 424 2224 tibere
434 2169 526 2223 redire
533 2169 567 2223 ad
575 2174 679 2223 terrani
686 2171 759 2224 sicut
772 2175 881 2243 putant,
924 2167 1341 2239 mecngitaveruntrnalitiam‚»
1354 2182 1445 2220 meum
1453 2165 1608 2237 potentiam
1619 2163 1653 2218 ad
1664 2163 1724 2219 ido-

86 2253 173 2307 donec
189 2253 250 2324 ipse
272 2254 364 2307 velim.
383 2273 394 2305 ι
412 2254 499 2319 Quasi
513 2256 639 2310 volucres
653 2258 716 2311 coeli
734 2257 882 2312 detraham
924 2257 952 2310 ta
966 2257 1361 2327 transferentes,dicentesque
1371 2271 1427 2310 non
1439 2270 1553 2309 measse
1567 2252 1722 2319 Deum,sed

86 2357 158 2407 susp
171 2341 263 2408 idest,
276 2342 351 2396 sicut
367 2343 425 2397 avis
444 2343 479 2397 ab
492 2345 641 2401 altitudine
653 2346 715 2399 coeli
729 2347 782 2400 reti
798 2362 883 2418 super
923 2346 1025 2400 vitulos
1041 2363 1110 2417 quos
1124 2347 1177 2418 ipsi
1192 2344 1468 2415 fecerunt.Nunquid
1484 2342 1587 2413 aliquid
1605 2344 1723 2412 pussant

87 2446 172 2500 aquas
186 2447 308 2502 expanso
318 2432 528 2502 detrahitur,sic
544 2433 579 2487 ab
590 2435 883 2507 altitudinesuperbiae
923 2434 1015 2489 facere
1028 2442 1078 2490 aut
1091 2453 1193 2491 nocere
1208 2435 1298 2490 mihi?
1313 2434 1365 2489 Sed
1376 2433 1450 2504 quod
1465 2434 1556 2487 solam
1570 2447 1654 2502 agere
1672 2446 1722 2502 po·

87 2535 140 2574 sure
156 2520 297 2590 deponam
312 2537 370 2575 eos.
387 2521 522 2576 «cadam
539 2538 586 2577 eos
600 2524 753 2578 secundam
765 2525 884 2579 auditio-
924 2529 1050 2587 tuerunt,
1062 2531 1160 2579 contra
1175 2541 1220 2578 me
1230 2525 1422 2594 cogitaverunt
1437 2523 1520 2576 aiala.

87 2622 147 2661 nem
162 2615 251 2661 coetus
265 2625 372 2663 eorum.
384 2627 396 2661 u
407 2610 441 2663 at
451 2615 494 2664 est
503 2627 618 2664 sensus:
631 2611 883 2681 Sicutjunctocon·
962 2632 974 2664 s
989 2612 1102 2668 Reversi
1117 2621 1184 2668 sunt
1197 2619 1229 2667 ut
1243 2612 1348 2683 absque
1359 2613 1427 2680 jugo
1442 2615 1545 2676 essent,
1563 2626 1576 2662 a
1592 2609 1621 2663 id
1634 2613 1722 2675 estut

87 2695 145 2749 silio
160 2712 259 2750 omncs
274 2697 348 2751 idota
362 2698 517 2763 coluerunt,
535 2715 597 2770 qua
610 2698 779 2755 fabricantes
791 2701 883 2755 consi·
923 2702 1003 2774 prius
1017 2707 1168 2773 antequam
1186 2717 1315 2756 vocarem
1330 2716 1377 2754 eos
1393 2716 1443 2772 per
1456 2698 1609 2765 Abraham,
1619 2697 1721 2753 deinde

88 2781 144 2837 listi
159 2790 228 2838 sunt
241 2802 339 2841 omnes
354 2793 386 2842 at
405 2804 422 2841 a
441 2804 486 2841 me
507 2788 680 2854 recederent,
697 2789 737 2843 ita
751 2805 796 2844 me
810 2790 884 2845 irato
924 2809 975 2863 per
986 2792 1101 2863 Moysen
1112 2797 1140 2847 et
1149 2791 1281 2862 reliquos,
1294 2790 1476 2859 absquejugo
1485 2788 1611 2858 legisque
1620 2786 1722 2841 notitia

88 2887 181 2926 ornnes
199 2874 307 2945 pariter
326 2874 521 2943 vastabuntur,
542 2877 609 2930 dum
626 2878 814 2932 communiter
836 2895 884 2935 eos
924 2887 1016 2947 erant,
1024 2881 1132 2935 cunctis
1142 2879 1301 2934 nationibus
1319 2876 1581 2942 commiscebantur,
1592 2875 1633 2930 ita
1646 2890 1722 2930 nunc

87 2977 249 3031 percussero
264 2978 353 3033 arege
367 2981 456 3036 usque
465 2965 500 3018 ad
514 2966 683 3026 mendicum.
693 2967 846 3022 Possumus
855 2973 884 3024 et
925 2971 1029 3023 reversi
1044 2970 1158 3025 suntad
1171 2969 1291 3040 priorem
1305 2973 1422 3032 statum,
1441 2972 1474 3020 ut
1487 2965 1593 3036 absque
1605 2966 1674 3035 jugo
1693 2968 1723 3019 et
1743 3008 1748 3018 .

87 3048 139 3103 hac
155 3051 242 3105 uerba
258 3052 294 3105 ad
312 3059 424 3124 tempus
438 3054 589 3108 Dominicae
613 3055 750 3125 passionis
766 3057 880 3124 referre,
894 3018 975 3111 CDei
986 3057 1073 3112 frenis
1082 3058 1157 3111 irent
1166 3057 1322 3128 praecipites
1332 3055 1546 3127 sequendosaas
1553 3053 1720 3124 voluptates.

88 3140 149 3209 quia
163 3140 388 3196 sicutcommuni
403 3143 519 3197 consilio
529 3145 760 3199 tractaveruntde
771 3146 884 3201 Domini
927 3167 938 3198 ι
952 3146 1028 3201 Facti
1042 3151 1109 3200 sunt
1123 3146 1202 3217 quasi
1225 3162 1307 3199 arcus
1331 3144 1455 3210 dolosus,
1469 3165 1482 3196 a
1498 3143 1526 3196 id
1540 3147 1593 3206 est,
1608 3157 1720 3212 pravus,

87 3241 185 3295 morte,
200 3228 355 3283 clamantes
368 3230 402 3283 ad
413 3229 546 3300 Pilatum,
560 3252 571 3283 s
587 3232 737 3303 crucifige,
753 3234 884 3306 crucifige
925 3235 1071 3290 reflectens
1085 3234 1114 3288 in
1128 3234 1273 3289 dominum
1288 3233 1490 3305 sagittamlpsi
1500 3232 1604 3303 quippe
1613 3230 1723 3285 fortesa

88 3330 158 3378 eum,
173 3334 184 3367 s
203 3317 243 3370 sic
257 3317 364 3388 pariter
380 3319 414 3373 ab
432 3319 560 3374 hostibus
584 3320 613 3374 in
628 3321 805 3376 solemnitate
819 3340 884 3394 pas·
926 3323 1130 3380 Deoetextensi
1142 3324 1334 3388 factituerant,
1347 3321 1559 3378 utadversarios
1571 3321 1722 3389 hostesque

87 3403 156 3458 chali
175 3407 371 3476 comprehensi
384 3413 460 3474 sunt,
476 3409 549 3471 caesi,
564 3413 593 3463 et
607 3409 757 3464 interfecti.
926 3414 1167 3484 percuterent,sed
1179 3430 1249 3485 qaos
1260 3415 1335 3467 Deus
1345 3411 1509 3466 extenderat
1517 3413 1615 3463 contra
1626 3407 1722 3461 inimi·

119 3493 198 3547 «Vas
213 3495 264 3558 eis,
283 3513 296 3547 a
313 3495 341 3548 id
361 3501 413 3558 est,
435 3496 579 3551 damnatio
598 3503 734 3569 perpetua
749 3500 803 3554 erit
821 3511 884 3572 post
924 3518 981 3567 cos,
1001 3502 1054 3573 ipsi
1064 3507 1161 3556 contra
1172 3518 1253 3556 suum
1269 3501 1341 3555 versi
1353 3506 1419 3555 sunt
1429 3499 1589 3562 Dominum,
1607 3495 1722 3550 mitten·

84 3587 251 3651 praesentem
263 3582 483 3638 tribulationem.
499 3605 512 3636 s
528 3586 667 3650 Quoniam
677 3595 855 3644 recesserunt
867 3606 884 3645 a
925 3595 967 3645 tes
980 3591 1112 3645 adversus
1126 3606 1189 3644 eum
1206 3589 1385 3660 blasphemiae
1397 3587 1550 3658 sagittas«
1566 3584 1674 3639 Cadent
1691 3583 1721 3639 in

85 3685 168 3735 me,i
190 3670 265 3725 idola
285 3671 400 3727 colendo
423 3693 436 3725 a
458 3674 644 3730 vastabuntur
667 3696 678 3727 r
702 3676 737 3730 ab
756 3678 884 3734 hostibus
923 3679 1017 3748 gladio
1029 3679 1167 3749 principes
1183 3676 1524 3745 aurunraturorelinguae
1538 3689 1626 3728 sumi
1644 3672 1722 3727 Sicut

85 3758 199 3817 scilicet,
216 3765 245 3813 et
262 3761 357 3815 miseri
372 3768 464 3817 erunt.
480 3783 491 3814 ι
509 3763 581 3827 Quia
594 3765 766 3835 praevaricati
778 3768 882 3822 suntin
924 3774 1009 3838 caput
1021 3768 1134 3822 malitiae
1145 3768 1258 3821 fuerunt
1268 3764 1469 3838 principes‚qui
1478 3763 1616 3818 infelicem
1631 3777 1723 3833 popu·

83 3862 137 3911 mc,
154 3864 167 3900 a
183 3848 333 3904 adorantes
355 3851 456 3905 vitatos
472 3868 584 3917 aureos,
606 3857 634 3906 et
648 3870 741 3908 meum
759 3872 883 3928 praecep-
923 3856 983 3909 lum
998 3855 1176 3927 deceperunt.
1190 3855 1231 3910 ita
1244 3871 1319 3910 nuno
1332 3854 1386 3927 ipsi
1401 3870 1464 3907 vere
1478 3849 1722 3923 primumconfun·

83 3941 143 3989 tam
155 3938 407 4006 transgredientes,
422 3941 497 4010 quod
513 3940 570 3994 dini
587 3941 669 3995 :Non
688 3942 796 3997 ficietis
808 3945 884 3999 vobis
925 3944 1029 3999 dantur
1051 3951 1166 4015 propter
1187 3945 1312 3998 taronem
1332 3944 1514 4012 linguaesuae,
1533 3941 1581 4011 qai
1594 3943 1721 3993 amentes

84 4022 150 4078 deos
165 4025 282 4078 alienos.
299 4044 311 4076 ι
328 4025 363 4079 Et
381 4043 432 4096 ego
455 4027 561 4081 redemi
576 4044 623 4082 eos
642 4048 654 4080 u
672 4029 707 4083 de
721 4030 885 4102 AEgyptiaca
925 4032 1026 4097 euecti,
1042 4032 1102 4086 ausi
1113 4037 1180 4086 sunt
1193 4032 1292 4084 vitulos
1303 4045 1404 4084 aureos
1414 4044 1511 4081 vocare
1526 4028 1602 4090 deos,
1618 4030 1649 4079 ut
1669 4026 1721 4078 hoc

84 4112 227 4178 scrutate,
243 4119 273 4166 et
287 4114 368 4167 eduxi
384 4114 412 4168 in
427 4116 534 4169 excelso
550 4115 679 4184 brachio;
699 4138 710 4169 ι
728 4125 757 4173 et
773 4119 827 4190 ipsi
842 4121 883 4175 lo-
925 4120 1049 4174 facerent
1063 4121 1093 4173 in
1107 4126 1183 4174 terra
1197 4117 1420 4189 repromissionis
1435 4116 1509 4189 quod
1523 4115 1679 4169 didicerant
1690 4113 1720 4168 in

85 4199 140 4253 cati
153 4205 222 4253 sant
246 4207 344 4255 contra
357 4217 402 4256 me
417 4203 561 4257 mendacia
579 4227 589 4252 ι
606 4205 741 4260 facientes
759 4207 834 4262 idola
855 4214 883 4262 et
923 4208 1055 4280 AEgypto.
1072 4210 1143 4263 Nam
1157 4209 1236 4264 furor
1250 4208 1352 4278 linguae
1363 4222 1471 4269 eorum,
1488 4204 1612 4259 amentia
1626 4210 1655 4257 et
1664 4202 1721 4259 bla-

85 4286 208 4342 dicentes
224 4304 230 4341 :
250 4307 261 4339 ι
279 4289 329 4343 Isti
343 4294 410 4344 sunt
425 4290 464 4343 dii
476 4290 528 4357 tui,
549 4290 647 4360 Israel,
664 4294 711 4363 qui
726 4294 882 4352 eduxerunt
924 4299 1057 4368 sphemiae
1070 4298 1277 4369 intelliguntur.
1291 4297 1372 4351 «leta
1380 4295 1563 4351 subsannatio
1579 4309 1676 4348 eorum
1691 4292 1720 4346 in

85 4377 112 4427 *θ
123 4375 158 4428 de
172 4381 250 4430 tem
263 4376 386 4448 AESfPfl·
403 4396 415 4428 ’
892 4365 1001 4442 Dterra
1015 4387 1136 4458 AEgypti,
1146 4408 1158 4439 s
1170 4387 1198 4441 id
1214 4391 1266 4452 est,
1278 4387 1330 4441 hoc
1345 4386 1418 4457 quod
1434 4384 1517 4440 modo
1532 4384 1640 4438 faciunt
1653 4381 1720 4436 sub·

121 4482 133 4514 ι
145 4465 180 4518 Et
194 4481 251 4518 non
268 4466 460 4541 clamaverunt
478 4468 513 4521 ad
530 4484 573 4523 me
589 4469 620 4524 in
638 4471 721 4525 corde
735 4488 810 4526 saon
828 4490 883 4544 quo
924 4475 1069 4528 sannando
1083 4481 1168 4530 meet
1181 4475 1334 4529 deridendo
1352 4491 1402 4546 per
1415 4474 1554 4529 culturam
1568 4472 1718 4537 idolorum,

86 4550 158 4605 idola
169 4552 332 4624 diligebant.
347 4573 358 4605 s
377 4554 432 4608 Sed
447 4555 777 4614 ululabantincubilibus
786 4561 855 4615 suis.
869 4583 881 4613 u
924 4578 980 4616 non
996 4567 1039 4617 est
1050 4579 1121 4617 nova
1135 4581 1189 4629 res,
1205 4564 1271 4634 quia
1281 4565 1356 4635 quod
1365 4564 1493 4618 fecerunt
1505 4563 1535 4616 in
1548 4563 1678 4633 AEgvpto,
1691 4566 1721 4615 et

88 4639 312 4712 Vocesluporum
322 4644 472 4697 velcanum
487 4644 629 4700 imitantes
645 4646 673 4699 in
688 4647 821 4703 laudibus
829 4650 884 4705 dae-
925 4664 1022 4721 postea
1037 4652 1065 4706 in
1079 4652 1431 4714 desertohocetiamnuno
1443 4658 1548 4706 tenent·
1566 4652 1607 4706 lbi
1618 4651 1720 4723 quippe

88 4732 280 4801 monumlpsa
289 4731 364 4784 enim
380 4733 580 4803 carminaque
590 4734 728 4789 daemonia
736 4737 883 4793 laudantes
924 4747 1070 4811 coeperunt
1079 4742 1155 4795 idola
1167 4743 1268 4807 colere,
1279 4748 1307 4796 et
1322 4759 1409 4813 usque
1420 4757 1494 4795 nunc
1506 4741 1534 4794 in
1545 4739 1645 4794 eadem
1658 4755 1719 4809 per·

90 4817 234 4882 canebant,
247 4819 386 4873 ululatum
398 4821 542 4892 Scriptura
557 4829 710 4895 nuncupat.
722 4825 884 4882 Amiserant
923 4837 1052 4883 severant
1066 4831 1183 4885 matitia.
1199 4830 1389 4902 spiritualiter
1403 4846 1467 4883 vero
1487 4845 1538 4901 per
1551 4828 1676 4883 triticum
1690 4832 1721 4883 et

89 4905 882 4977 quipperationabilemanimiintellectum,etsimilesfac·
923 4917 1019 4971 vinum
1039 4935 1189 4989 possumus
1211 4920 1368 4989 intelligere
1390 4919 1525 4990 mysteria
1548 4918 1672 4988 corporis
1691 4921 1720 4972 et

88 4992 883 5057 tisuntbestiisinscnsatis.Dahaereticisfacilisestintel-
922 5007 1069 5077 sanguinis
1083 5007 1198 5071 Christi,
1214 5009 1272 5061 sive
1297 5008 1382 5062 etiarn
1406 5008 1578 5077 Scripturam
1598 5022 1718 5073 sacram,

88 5081 498 5155 ligentia,quibusvaeimminet
507 5089 883 5161 sempiternam,quoniama
923 5112 984 5165 quae
997 5097 1025 5150 in
1036 5097 1103 5151 locis
1117 5096 1324 5152 obscurioribus
1334 5097 1436 5162 cibum,
1445 5098 1475 5150 in
1487 5095 1658 5150 facilioribus
1667 5111 1720 5149 aa·

89 5169 141 5224 Deo
155 5179 341 5239 recesserunt,
355 5177 563 5245 etprrevaricati
574 5184 641 5233 sunt
652 5181 786 5233 mandata
796 5180 880 5248 illius,
922 5190 980 5239 tem
996 5191 1092 5255 potum
1108 5185 1188 5239 nobis
1203 5191 1326 5256 praestat.
1344 5185 1436 5257 Super
1457 5187 1510 5240 hoc
1532 5186 1657 5239 triticum
1675 5184 1719 5238 vel

88 5259 131 5328 qui
143 5260 261 5314 redemit
272 5278 320 5315 eos
334 5264 470 5333 sanguine
484 5281 545 5318 suo.
560 5264 617 5336 Ipsi
632 5268 707 5321 enim
727 5269 882 5340 loquuntur
923 5271 1017 5324 vinum
1030 5272 1152 5326 liaerctici
1168 5279 1313 5339 corruunt,
1325 5275 1439 5344 indigne
1454 5280 1592 5345 corpasct
1602 5273 1718 5344 sangui-

88 5354 179 5402 contra
188 5349 276 5403 Deum
284 5350 881 5427 mendacia,impiafolsitatisdogmatacom·
922 5376 985 5413 nem
1005 5360 1117 5414 Domini
1127 5369 1280 5424 sumentes
1290 5368 1319 5415 et
1332 5363 1505 5434 Scriptorum
1521 5364 1643 5417 divinam
1657 5381 1719 5435 per·

88 5443 226 5504 ponentes,
236 5454 293 5493 aon
302 5440 465 5493 clamantad
473 5441 623 5496 Dominum
631 5442 660 5497 in
668 5445 799 5501 cordibus
809 5448 878 5516 suis,
922 5449 1151 5503 versointellectu
1162 5451 1391 5521 interpretantes.
1411 5453 1547 5523 Legentes
1562 5453 1636 5507 enim
1650 5455 1719 5507 assi·

88 5524 132 5577 sed
141 5525 251 5580 ululant
260 5542 373 5597 semper
385 5527 416 5582 in
430 5529 489 5583 sais
498 5530 698 5600 conciliabulis,
714 5550 776 5604 quae
791 5536 880 5592 lustra
921 5538 1017 5606 duc,et
1026 5538 1196 5595 meditantes
1206 5541 1296 5612 legem
1309 5546 1480 5616 ceterasque
1495 5542 1662 5614 Scripturas,
1674 5557 1719 5596 oo-
