3818 6104
57 268 116 349 tat
532 267 725 324 Expostulo
740 268 778 323 lN
792 266 1044 325 evocaturam
1048 309 1054 324 .
1074 299 1110 310 -
1124 267 1195 325 LIB.
1212 270 1235 325 1.
1653 269 1707 330 962

62 396 158 452 seritis
172 397 208 450 de
221 411 346 467 corpore.
359 396 391 450 Et
406 396 488 450 habeo
501 397 587 449 etaim
603 398 700 451 mortis
709 400 733 449 et
744 397 861 463 inferni.
873 395 1027 455 Ascribere
1036 395 1137 452 debeat
1146 413 1180 451 ea
1189 413 1251 469 quae
1262 397 1340 465 vidit,
1354 403 1383 454 et
1394 414 1469 454 nunc
1479 399 1581 454 iterata
1595 416 1660 456 voce
1670 400 1707 457 ad

63 487 119 542 Per
127 485 219 541 claves
232 490 357 556 potestas
369 493 475 540 aetema
486 490 515 538 et
522 483 672 553 judiciaria
685 484 863 555 designatur.
908 484 1086 541 scribendum
1101 486 1280 557 compellitur
1290 487 1318 541 in
1335 488 1502 560 repetitione
1516 488 1602 556 verbi,
1616 489 1708 560 negli-

61 575 145 631 Unde
159 575 243 629 Petro
257 574 363 629 dictam
379 580 441 628 est:
459 575 520 628 Tibi
533 575 602 626 dabo
617 577 702 628 claves
723 577 804 641 regeri
817 589 867 627 cor--
907 575 1004 643 gentia
1017 575 1139 644 torporis
1162 581 1322 630 removetur
1336 594 1352 631 ιι
1367 577 1460 632 studio
1480 577 1706 649 praedicatorum,

63 666 158 718 torum
168 664 279 734 (ιιαιιιι.
289 665 355 731 ιιιιιι.
364 663 462 733 Neque
470 661 546 716 enim
556 660 867 732 pueriliterintelligere
909 669 941 717 ut
954 679 1016 734 quae
1029 664 1130 735 sapius
1144 663 1342 734 admonentur,
1353 666 1414 721 sine
1426 666 1559 721 tarditate
1573 666 1710 739 implean-

61 750 410 807 debemusclavesessein
422 751 501 816 coelo,
513 749 749 821 quemadmodum
761 749 868 804 suntin
908 758 964 806 tur.
982 752 1116 823 Sequitur
1131 770 1136 806 :

63 840 148 908 ostio,
162 840 211 895 sed
227 856 278 911 per
290 840 383 894 claves
395 843 519 911 potestas
528 838 696 909 intelligitur
709 838 814 909 ligandi
827 843 867 892 at·
940 839 1153 894 Sacramentum
1163 846 1262 909 septem
1270 844 1416 896 stellarum
1425 858 1494 911 qaas
1504 843 1599 897 uidisti
1608 845 1639 898 ιιι
1647 844 1709 899 dee·

63 945 119 1001 que
136 928 272 984 solvendi.
287 928 329 982 lta
344 943 411 998 ergo
425 933 452 982 et
466 927 512 981 hic
525 927 643 981 clavium
659 927 773 981 nomine
786 933 867 997 pote·
910 932 968 982 tera
982 944 1053 993 ntea,
1062 934 1086 982 et
1099 934 1198 998 septem
1213 931 1378 984 candelabra
1391 946 1478 986 aurea
1488 950 1496 985 :
1506 937 1605 1000 septem
1615 933 1709 1002 angele

61 1022 121 1072 stas
135 1023 242 1072 aetcrna
256 1017 423 1071 ostenditur.
440 1016 520 1071 Unde
535 1021 564 1069 et
584 1015 651 1069 alibi
668 1014 773 1069 dicitur
788 1029 794 1064 :
811 1016 865 1082 Oai
908 1022 1080 1085 suntseptem
1090 1020 1298 1073 ecclesiaramet
1308 1019 1474 1074 carvdetabrc
1484 1025 1598 1089 septem:
1608 1026 1709 1090 septem

61 1109 189 1175 aperitet
204 1107 414 1166 ιιειιιοιιιιιιιιιι,Ι
431 1104 862 1172 ιιαιιιιιιιιηιιιοαριιίιιιροι.
906 1107 1020 1159 ecclesia
1046 1111 1122 1159 survt.
1150 1106 1363 1162 Sacramentum
1390 1109 1556 1180 mysterium
1580 1114 1633 1176 est,
1658 1108 1708 1165 ubi

62 1203 116 1256 nrt.
143 1195 231 1249 Porro
253 1210 329 1248 mors
344 1191 470 1247 diabolus
484 1192 662 1262 intelligitur,
682 1191 749 1263 quia
762 1190 867 1247 invidia
907 1192 984 1246 alind
994 1192 1112 1258 videtur,
1121 1198 1149 1247 et
1159 1193 1235 1247 aliud
1244 1192 1420 1265 intelligitur,
1429 1194 1594 1266 sicut(verbi
1604 1195 1711 1268 gratia)

61 1282 169 1337 diaboli
184 1298 260 1337 mors
273 1281 399 1336 introivit
412 1286 441 1335 in
455 1280 549 1334 orbem
563 1287 722 1347 terrarum,
739 1280 866 1335 internus
906 1280 936 1334 in
950 1281 1054 1336 Christi
1069 1297 1197 1353 corpore,
1209 1281 1257 1336 ubi
1271 1299 1336 1337 cum
1349 1283 1477 1340 videatur
1489 1284 1579 1355 panis,
1591 1302 1656 1341 vera
1666 1291 1710 1342 ast

61 1377 171 1438 autem,
183 1370 310 1425 membra
318 1370 394 1425 illius
405 1370 440 1424 ad
452 1385 548 1440 poenas
558 1369 661 1423 inferni
671 1373 798 1424 ventura.
808 1369 866 1423 lla·
907 1386 982 1425 caro.
993 1370 1072 1425 Unde
1087 1370 1141 1442 ipsi
1151 1371 1311 1426 sacerdotes
1325 1371 1422 1426 dicunt
1433 1386 1439 1422 :
1451 1372 1634 1429 Sacramenta
1647 1391 1709 1446 quae

61 1459 111 1517 bet
124 1460 223 1532 itaque
237 1459 324 1515 Filias
339 1458 393 1513 Dei
408 1459 499 1513 claves
518 1459 616 1512 mortis
631 1464 660 1513 et
674 1457 786 1525 inferni,
801 1457 868 1529 quia
907 1459 1088 1529 sumpsimus,
1098 1459 1225 1524 Domine,
1236 1460 1385 1530 proliciunt
1392 1459 1637 1517 nobisadsalutem
1646 1478 1709 1517 cor·

61 1566 116 1605 sua
129 1550 241 1605 occulta
253 1548 425 1603 reseratione
440 1547 489 1601 dat
503 1552 672 1620 potestatem
686 1546 808 1612 diabolo,
825 1547 867 1602 vel
907 1547 984 1617 poris
999 1551 1027 1601 et
1038 1547 1153 1605 animae.
1173 1547 1217 1602 Ita
1232 1563 1298 1618 ergo
1314 1548 1400 1602 ethic
1414 1555 1622 1606 sacramentum
1636 1556 1707 1619 erat,

61 1641 125 1711 ejus
140 1637 282 1699 membris,
300 1644 332 1692 ut
345 1637 462 1693 saeviant
476 1636 503 1690 in
520 1636 742 1707 persecutionem
758 1641 868 1691 sancto·
909 1635 1012 1706 quiain
1023 1640 1131 1707 septem
1143 1635 1232 1690 stellis
1239 1637 1281 1690 vel
1289 1642 1397 1707 septem
1408 1637 1711 1704 candelabrismniver·

59 1744 138 1793 rum,
152 1734 181 1782 ct
197 1727 299 1781 iterum
311 1742 374 1780 cum
385 1724 525 1789 vult,tacit
539 1741 652 1780 omnem
671 1725 868 1795 conquiescere
876 1747 898 1806 B
909 1725 976 1779 salis
986 1724 1111 1780 Ecclesia
1124 1724 1341 1795 exprimebatur.
1354 1725 1434 1791 Quod
1446 1726 1521 1781 enim
1534 1727 1712 1798 significatur

49 1813 868 1873 'eorumtentationemllisclavibusconclususemtdiabo·
908 1830 959 1884 per
968 1820 1076 1885 septem
1091 1814 1197 1881 stellas,
1211 1813 1240 1868 id
1254 1814 1346 1885 ipsum
1358 1815 1534 1885 significatur
1546 1821 1575 1871 et
1588 1834 1639 1888 per
1648 1834 1711 1890 sep·

60 1906 116 1973 lus,
133 1921 197 1960 cum
213 1903 323 1959 dicente
337 1903 456 1957 Domino
465 1903 534 1970 (tab.
547 1917 575 1958 ιιι
586 1920 592 1956 :
603 1904 738 1971 Nonquia
748 1904 868 1957 conside·
908 1908 965 1957 tem
974 1902 1151 1970 candelabra,
1159 1903 1188 1957 id
1199 1907 1242 1956 est
1251 1903 1343 1957 omnis
1355 1904 1485 1970 Ecclesia,
1496 1904 1539 1958 vel
1548 1905 1710 1976 specialiter

60 1996 137 2049 rasti
143 2008 255 2048 servam
263 2008 354 2046 meam
360 1993 555 2059 talemence
562 1994 737 2046 sitsimr'tr‘sei
742 1995 772 2045 in
780 1996 864 2054 terra,
908 1992 997 2046 sancti
1013 1990 1151 2058 doctores,
1162 1991 1211 2062 qui
1223 1991 1356 2047 nimirum
1373 1998 1448 2047 recte
1460 2009 1511 2065 per
1522 1994 1617 2049 stellas
1632 1995 1709 2051 desi·

59 2086 106 2138 cir
118 2085 238 2151 simplas
247 2086 271 2136 et
281 2087 380 2146 rectas,
391 2080 526 2135 tentando
536 2096 600 2134 eum
609 2080 738 2151 appetiit,
751 2080 865 2135 dicens:
907 2085 1031 2151 guantur
1041 2084 1069 2134 et
1078 2097 1130 2151 per
1138 2080 1263 2151 angelos,
1276 2081 1341 2152 quia
1354 2086 1383 2136 et
1393 2081 1421 2136 in
1432 2082 1517 2152 hujus
1526 2084 1710 2141 saeculinocte

59 2172 201 2240 ll'unqar'd
214 2171 263 2225 tab
272 2173 382 2238 frastra
392 2172 469 2223 timet
482 2170 586 2223 Deam?
599 2171 695 2224 Nonne
711 2174 740 2222 tn
756 2171 868 2224 ιιαιιιιιιι
908 2168 1002 2223 lucent
1016 2185 1067 2240 per
1080 2168 1249 2223 munditiam
1263 2169 1334 2233 vitae,
1353 2176 1381 2225 et
1403 2169 1466 2225 aliis
1481 2171 1605 2227 coelestia
1623 2173 1710 2228 mini-

59 2277 126 2316 eum
139 2261 294 2314 cadomum
308 2260 867 2329 ejus?etcaeterausque:Mittemanraem
907 2256 1033 2323 strando,
1056 2257 1150 2327 angeli
1174 2256 1298 2311 veritatis
1322 2258 1453 2313 existunt.
1476 2258 1584 2323 Quibus
1606 2261 1711 2318 Paulus

60 2356 153 2415 tuam,
164 2348 218 2403 nisi
228 2348 258 2403 in
268 2348 338 2403 facie
348 2347 523 2402 benedixerit
532 2347 583 2402 tihi
592 2349 658 2414 (tob.
669 2361 689 2411 1,
700 2348 868 2413 utResera·
908 2345 988 2401 dicit:
1001 2347 1034 2400 In
1044 2348 1133 2400 mettio
1143 2348 1266 2400 rectionis
1274 2362 1367 2414 praua
1375 2353 1400 2401 et
1409 2362 1550 2416 perverse,
1559 2351 1635 2404 inter
1644 2366 1712 2419 qaas

59 2439 102 2494 rit
115 2438 143 2493 ei
156 2437 293 2492 Dominus
303 2436 419 2500 clavem,
431 2452 494 2490 cum
505 2439 672 2506 potestatem
682 2436 811 2491 tentandi
822 2436 868 2490 de-
909 2437 1004 2489 tecete's
1012 2437 1085 2489 sicut
1096 2437 1290 2489 luminariam
1296 2438 1548 2502 firinarnentoeaeti.
1559 2437 1712 2494 Decetiam

59 2526 103 2581 dit
113 2525 151 2591 ei,
167 2525 275 2581 dicens:
285 2525 349 2578 Ecce
359 2527 391 2578 ιἰι
410 2539 498 2578 ιιιιιιιιι
515 2529 563 2578 tae
576 2528 613 2577 est
626 2525 692 2594 (tob.
706 2528 747 2590 ιιι.
757 2525 791 2579 Et
806 2524 864 2590 ille,
906 2522 1061 2589 sciendum,
1073 2523 1140 2594 quia
1154 2523 1207 2578 hoc
1220 2530 1265 2578 est
1278 2540 1351 2578 ιιιιιιε
1366 2524 1484 2595 angelus
1499 2526 1574 2597 quod
1588 2533 1710 2598 septem,

60 2619 180 2686 accepta
190 2616 622 2686 potestate,emesenapercassit
630 2614 777 2668 Jobalcere
783 2616 867 2682 pessi·
908 2611 960 2666 hoc
974 2618 1082 2683 septem
1098 2611 1172 2682 quod
1190 2628 1273 2679 unus,
1290 2612 1357 2684 quia
1371 2612 1445 2684 qued
1464 2614 1514 2667 uni
1533 2614 1660 2686 loquitur
1673 2616 1711 2672 ad

60 2705 222 2774 racana).
232 2703 286 2758 Sed
295 2701 588 2774 postcacohibituscst
597 2707 626 2757 et
636 2700 765 2756 subclavi
775 2703 866 2757 reclu-
908 2717 1006 2755 omnes
1020 2701 1159 2772 pertinet;
1173 2705 1202 2754 et
1216 2700 1284 2754 item
1300 2700 1374 2771 quod
1387 2701 1517 2757 omnibus
1527 2702 1595 2757 dicit
1606 2703 1642 2758 ad
1654 2704 1711 2758 sin·

59 2789 545 2864 aas,quandoipsatentatiopmfuit
554 2789 636 2844 beato
645 2788 737 2845 lobad
747 2789 867 2859 gloriam
907 2789 989 2861 gulos
1003 2788 1134 2843 refertur.
1145 2788 1225 2852 Quod
1237 2793 1332 2843 autem
1346 2788 1420 2843 idem
1436 2789 1554 2860 angelus
1565 2791 1614 2863 qui
1627 2790 1710 2847 beato

61 2889 92 2938 et
100 2879 607 2950 restauratasuntciomniaduplicia,
616 2878 725 2950 ipsique
733 2878 868 2933 tentatori
908 2878 1010 2933 loanni
1036 2877 1168 2949 apparuit
1188 2877 1317 2947 quaedam
1337 2877 1472 2948 exposuit,
1495 2880 1624 2951 quaedam
1645 2897 1712 2936 vero

62 2972 164 3027 eadem
175 2970 295 3025 tentatie
305 2969 392 3023 crevit
400 2968 434 3022 ad
445 2968 588 3023 cumulum
597 2966 787 3022 damnationis
796 2983 865 3021 suae.
908 2967 1019 3038 signata
1033 2966 1156 3037 reliquit,
1173 2965 1306 3021 nimirum
1323 2966 1426 3021 idcirco
1437 2967 1490 3022 hoc
1505 2969 1571 3039 egit,
1582 2985 1619 3024 ne
1630 2968 1712 3025 nobis

63 3061 117 3117 His
127 3058 251 3115 clavibus
261 3058 353 3113 luerat
362 3057 504 3122 dimissus,
517 3056 629 3129 quando
642 3056 756 3111 Petram
766 3025 891 3110 timoreG
908 3056 991 3110 lectio
1014 3055 1090 3111 illius
1114 3055 1269 3119 vilesceret,
1287 3060 1315 3110 et
1335 3060 1367 3110 at
1380 3055 1549 3113 haberemus
1563 3059 1648 3112 ctiam
1663 3052 1712 3113 ubi

64 3146 240 3213 concutiens,
264 3146 400 3218 compulit
422 3162 526 3216 negare
553 3145 641 3200 Deum
657 3160 663 3196 :
679 3146 804 3200 reclusus
825 3149 869 3199 est
909 3143 1715 3219 sensumnostrumexercitarepossemus.Exposuitquae·

64 3238 182 3299 iterum,
199 3235 311 3307 quando
333 3233 469 3289 Dominus
492 3233 612 3305 respexit
630 3234 756 3298 Petrum,
777 3238 806 3287 et
821 3233 869 3288 ille
909 3233 986 3299 dam,
1002 3233 1069 3305 quia
1081 3232 1104 3286 si
1118 3248 1151 3287 ex
1165 3238 1225 3287 toto
1240 3232 1321 3287 nobis
1335 3234 1448 3288 clausus
1469 3240 1543 3290 esset
1566 3235 1646 3303 liber,
1661 3241 1713 3292 tea·

63 3327 144 3382 ttevit
152 3341 259 3392 amore,
271 3341 304 3379 ac
314 3325 438 3379 maculas
450 3330 536 3378 terme
546 3323 704 3394 negationis
714 3322 782 3377 lavit
794 3338 870 3376 ama·
910 3322 990 3376 deret
1000 3339 1051 3377 nos
1061 3338 1127 3377 eum
1140 3321 1243 3392 legere,
1254 3321 1290 3375 ad
1301 3323 1382 3393 cuius
1397 3323 1531 3394 mysteria
1545 3323 1646 3380 intima
1655 3340 1713 3381 non

62 3416 186 3472 rissimis
196 3413 336 3486 lacrymis.
352 3413 398 3469 llis
411 3413 496 3467 etiam
505 3412 637 3483 lacrymis
646 3412 739 3466 fuerat
748 3412 868 3478 laxatus,
910 3427 1057 3483 possemus
1069 3410 1224 3482 pervenire.
1233 3410 1349 3474 lterum,
1359 3411 1383 3466 si
1392 3427 1442 3481 per
1451 3412 1616 3468 omuiaeum
1625 3413 1714 3485 aperi·

63 3505 179 3578 quando
193 3502 312 3558 Mariam
333 3501 430 3556 multis
444 3500 608 3556 criminibus
622 3499 675 3554 sibi
689 3500 868 3569 devinxerat;
911 3504 965 3565 ret,
988 3500 1078 3555 facilis
1098 3498 1179 3553 nobis
1192 3503 1267 3553 esset
1280 3499 1316 3553 ad
1331 3498 1555 3569 intelligendum,
1570 3501 1713 3557 etidcirco

63 3594 112 3650 sed
122 3588 636 3662 claususestquandodimissasuutei
645 3594 760 3660 peccata
768 3588 868 3656 multa,
911 3588 996 3642 etiam
1009 3587 1103 3641 minus
1113 3587 1238 3642 studiose
1249 3604 1312 3641 eum
1327 3589 1495 3658 legeremus.
1506 3590 1606 3660 Angeli
1616 3595 1713 3645 autem

64 3684 133 3756 quia
152 3681 254 3736 dilexit
267 3680 401 3735 multum.
415 3677 468 3732 His
488 3693 600 3749 quoque
623 3677 745 3733 clavibus
764 3678 870 3749 apertis
910 3676 1012 3745 quibus
1024 3676 1145 3746 scripsit,
1158 3676 1269 3731 sicutin
1280 3676 1515 3748 consequentibus
1525 3677 1711 3745 inveniemus,

62 3773 158 3828 fuerat
171 3770 316 3834 dimissus,
333 3767 445 3840 quando
466 3767 595 3821 tentabat
617 3766 747 3831 Paulum,
763 3768 817 3833 cui,
834 3784 870 3822 ne
910 3781 966 3820 uon
982 3765 1108 3820 coelestes
1122 3765 1321 3835 intelliguntur
1335 3764 1461 3836 spiritus,
1478 3766 1545 3837 quia
1559 3765 1713 3822 absurdum

65 3859 233 3932 magnitudo
248 3857 449 3913 revelationum
470 3873 535 3912 eum
556 3856 713 3918 extolleret,
728 3855 812 3910 datus
827 3860 871 3911 cst
912 3859 955 3909 est
979 3853 1093 3908 credere
1117 3852 1223 3924 aliquid
1251 3869 1312 3906 esse
1330 3852 1359 3907 in
1386 3853 1546 3910 caelestibus
1570 3853 1714 3926 spiritibus

64 3950 200 4006 stimulus
214 3948 317 4004 carnis.
330 3947 380 4002 His
394 3946 482 4001 divini
493 3945 594 4015 judicii
608 3944 731 4000 clavibus
745 3945 870 4017 quotidie
912 3943 1028 4014 dignum
1040 3941 1266 4014 reprehensione,
1279 3940 1329 3995 sed
1340 3942 1433 4012 patius
1447 3942 1544 3999 fideles
1553 3943 1582 3999 in
1593 3943 1716 4000 Ecclesia

64 4043 220 4105 reseratur,
231 4052 295 4091 cum
305 4036 407 4090 electos
418 4034 620 4089 tentationibus
629 4034 748 4105 fatigare
758 4034 871 4107 permit
912 4032 1105 4093 consistentes,
1122 4031 1157 4085 de
1172 4030 1273 4102 quibus
1287 4031 1422 4102 scriptum
1436 4037 1480 4086 est
1496 4050 1502 4086 ε
1522 4035 1622 4102 tapeti
1632 4033 1714 4102 pem

65 4128 151 4195 titum
168 4126 329 4197 iterumque
342 4125 530 4193 restringitur,
547 4139 612 4176 cum
627 4138 683 4177 non
700 4139 785 4195 snpra
809 4139 871 4177 mo·
911 4136 1008 4176 arrium
1018 4122 1122 4190 stebrmt
1136 4121 1198 4187 ιιιιι.
1215 4123 1322 4188 xxxta),
1338 4123 1368 4174 et
1382 4119 1535 4175 Malachiae
1551 4139 1557 4177 :
1574 4122 1658 4176 tabia
1672 4137 1716 4176 sa·

65 4217 145 4283 dum,
153 4214 204 4270 sed
216 4215 252 4269 ad
264 4229 425 4268 mensuram
437 4211 514 4283 lpsas
524 4210 695 4266 tentationes
702 4227 872 4282 exaggerare
913 4211 1029 4265 cerdatis
1043 4210 1204 4264 custodiunt
1214 4211 1368 4272 seientiam,
1380 4214 1405 4263 et
1421 4212 1504 4278 legem
1521 4212 1672 4279 requirant
1683 4227 1716 4267 ea

65 4304 253 4379 permittitur,
268 4304 349 4374 juxta
363 4300 448 4356 illud:
461 4302 561 4355 Fidelis
576 4301 646 4355 Deus
655 4304 706 4369 qui
718 4317 774 4355 nan
785 4304 873 4368 patie·
913 4316 959 4353 ore
973 4303 1032 4368 ejus
1045 4299 1177 4369 (Malach.
1193 4301 1242 4365 ιι);
1259 4297 1325 4369 quia
1343 4299 1459 4369 augelus
1483 4298 1595 4354 Domini
1609 4298 1715 4355 exerci-

66 4401 117 4451 tur
127 4412 174 4450 ros
190 4395 293 4449 tentari
306 4407 392 4460 supra
403 4391 432 4445 nt
441 4391 513 4458 qaod
524 4391 645 4458 potestis,
655 4389 703 4444 sed
715 4391 798 4458 saciet
808 4379 993 4444 cathuum
1009 4392 1062 4442 est.
1075 4387 1192 4442 Sanctus
1201 4387 1330 4442 Ecclesia
1340 4387 1469 4443 doctores
1485 4389 1601 4459 angelos
1615 4387 1718 4457 vocari,

67 4487 222 4541 tentatione
235 4484 320 4537 ettam
332 4485 508 4551 proventum,
524 4483 555 4532 ut
571 4480 681 4548 possitis
696 4480 875 4551 sustineret!
914 4477 981 4550 quia
991 4476 1208 4548 utpraemissum
1218 4481 1272 4542 est,
1282 4476 1623 4532 stellaeetcandelabrain
1633 4477 1718 4547 hujus

68 4575 133 4631 Gor.
148 4572 190 4644 ιι),
914 4565 1007 4622 saculi
1022 4570 1104 4621 nocte
1118 4566 1214 4621 lucent
1234 4571 1263 4620 ct
1284 4565 1348 4620 aliis
1374 4565 1561 4620 ministrando
1582 4565 1717 4632 calestia,

104 4664 201 4719 Scribe
208 4676 338 4729 ergaque
349 4660 454 4725 vidisti,
467 4662 490 4712 et
505 4674 564 4728 que
575 4662 651 4724 sunt,
664 4661 688 4711 et
703 4672 762 4726 que
771 4661 875 4726 oportet
915 4655 1010 4727 angeli
1032 4655 1159 4709 veritatis
1182 4654 1318 4719 existunt,
1335 4670 1404 4724 quos
1428 4653 1532 4708 Paulus
1546 4653 1625 4719 dicit,
1645 4652 1719 4708 sicut

67 4755 133 4822 pieri
150 4755 210 4821 post
233 4751 297 4805 hec.
318 4749 370 4803 llic
394 4748 517 4803 Joanncs
544 4752 643 4818 typum
666 4752 745 4800 tenet
768 4744 875 4801 ordinis
916 4744 1068 4800 luminaria
1091 4744 1121 4799 in
1145 4744 1324 4798 firmamento
1346 4740 1408 4795 coeli
1430 4741 1458 4794 in
1480 4740 1573 4795 medio
1596 4739 1719 4796 cahonis

68 4840 296 4915 predicatorum,
312 4837 357 4893 cui
368 4836 485 4892 dIcitur:
501 4834 597 4890 Scribe
608 4851 669 4907 quae
678 4834 783 4899 vidisti,
794 4834 823 4890 id
833 4840 877 4890 est
917 4851 1008 4908 praue
1029 4839 1058 4889 et
1075 4850 1222 4906 perversae,
1243 4847 1294 4904 per
1320 4829 1489 4885 munditiam
1516 4829 1632 4885 sincerae
1656 4828 1720 4885 vitu

69 4947 134 5003 quae
149 4927 321 4992 intellexisti,
334 4928 363 4981 in
378 4927 440 4997 lege
455 4924 561 4979 scilicet
575 4929 604 4979 et
618 4924 763 4996 prophetis
774 4923 809 4978 dc
819 4941 874 4992 me,
918 4924 1021 4980 lucere.
1037 4921 1172 4994 Sequitur
1188 4932 1193 4965 1

70 5026 102 5076 ut
117 5018 193 5074 eain
202 5016 286 5071 corde
301 5019 407 5078 teneas,
420 5018 449 5067 et
462 5013 526 5067 aliis
540 5011 688 5083 profutura
697 5012 815 5084 pandas.
828 5012 878 5067 Vel
1157 5044 1159 5051 ι
1231 5044 1350 5100 CAPUT
1367 5039 1407 5099 ΠΙ

69 5108 170 5174 eham,
180 5107 205 5162 si
218 5104 379 5177 specialiter
392 5104 451 5158 haec
465 5100 550 5156 verba
562 5100 711 5156 referimus
719 5101 755 5156 ad
765 5105 879 5173 aposto-

69 5197 124 5263 los,
140 5194 247 5250 dicitur
269 5193 325 5247 illis
341 5197 372 5246 ut
393 5190 529 5245 miracula
544 5190 648 5245 Christi
672 5206 734 5262 quae
748 5189 878 5245 viderunt
953 5190 989 5244 Et
1007 5191 1106 5257 angela
1129 5188 1228 5256 Ephesi
1251 5189 1374 5243 Ecclesia
1388 5188 1474 5241 scribe
1490 5204 1498 5241 :
1513 5188 1574 5243 Hac
1589 5191 1657 5246 dicit
1672 5193 1722 5260 qui

69 5284 209 5350 scribant,
226 5286 255 5336 et
277 5281 340 5336 aliis
353 5279 533 5348 annuntient,
556 5284 585 5333 et
602 5296 650 5349 per
663 5280 722 5334 haec
735 5279 771 5333 ad
792 5279 875 5334 iidem
918 5283 988 5332 tenet
1002 5285 1102 5346 septem
1115 5279 1207 5329 stellas
1223 5280 1255 5329 in
1274 5278 1386 5330 deutera
1402 5293 1463 5342 saa,
1478 5279 1529 5346 qm'
1547 5280 1673 5333 ambalat
1689 5282 1720 5334 in
1738 5345 1743 5353 .

69 5371 179 5430 Christi
191 5369 262 5426 alios
273 5369 401 5434 trahant;
419 5385 481 5439 qum
496 5367 581 5422 etiam
594 5383 668 5421 nunc
681 5366 797 5437 impleta
811 5371 878 5422 sunt
919 5368 1007 5420 ιιιειιιο
1017 5370 1113 5432 septem
1125 5365 1357 5418 candelabrorum
1366 5380 1528 5418 aureorum.
1542 5365 1666 5437 Ephesus
1679 5365 1709 5420 in

67 5466 99 5521 in
116 5480 173 5527 me,
190 5466 220 5515 et
243 5476 305 5531 quta
323 5463 435 5530 oportet
455 5457 514 5512 lieri
536 5461 600 5528 post
617 5457 674 5510 haec
693 5456 723 5510 in
742 5453 876 5509 membris
918 5452 1717 5526 terpretaturratuntascelconsiliarnmeam;quodetipsi

66 5553 155 5611 meis.
169 5549 253 5618 Quod
266 5552 362 5604 autem
383 5546 513 5620 superius
533 5547 595 5617 jam
608 5544 773 5601 dictumest
791 5544 828 5615 ei,
844 5548 877 5600 ut
918 5542 1046 5601 Ecclesiae
1060 5540 1190 5598 convenit
1201 5541 1370 5615 specialiter,
1378 5541 1410 5599 in
1421 5558 1477 5615 qua
1487 5541 1607 5599 sratDei
1616 5541 1716 5600 ιοιιιι-

1645 5648 1684 5675 ..ι
