3840 6098
239 206 291 239 ,cs
578 156 1533 237 mresmomarr.smmi-mrmsraomrrss.
1824 182 1847 240 r.

222 319 283 375 pro
295 302 500 378 peccatoribus,
525 309 555 361 et
569 305 643 376 quod
658 304 749 374 majus
764 305 807 358 est
821 318 872 375 pro
885 299 1068 362 rebellibusA
1079 299 1182 356 iudeis
1194 302 1409 372 appellabantur
1421 303 1599 375 praeputium,
1610 302 1659 377 qui
1670 306 1737 359 sunt
1745 310 1854 377 peccate

219 392 369 465 dignatus
384 401 427 452 est
436 396 549 450 mittere
560 394 660 449 Filium
672 410 765 456 suurn,
777 398 805 445 nt
817 394 974 451 estenderet,
986 407 1036 461 pre
1078 408 1122 444 rcs
1135 398 1163 445 ct
1177 393 1260 446 alieni
1277 411 1293 446 a
1307 395 1371 447 Deo.
1383 397 1455 449 Bene
1468 401 1561 448 alitem
1577 399 1606 448 et
1618 393 1793 450 circumcisio
1805 394 1860 449 diei

213 497 258 536 eo
281 485 363 554 quod
379 490 421 539 est
435 484 607 539 utostendat
623 488 653 537 iri
669 485 773 537 secatis
783 482 1036 550 superserir'mttlms
1079 486 1126 534 tur
1142 497 1202 533 csse.
1218 488 1245 534 ct
1260 482 1429 538 nranutacta.
1443 482 1546 551 quinia
1560 497 1616 536 uno
1631 482 1865 539 solummedocer

209 571 411 626 abundantes
423 573 537 626 divitior
548 575 646 639 pretia
656 586 800 638 silescere
810 586 867 630 aes,
878 569 925 638 qui
935 569 962 621 in
972 584 1036 621 cum
1078 570 1153 640 peris
1172 569 1296 623 membre
1311 570 1356 623 illa
1372 571 1546 624 circumcisio
1559 569 1645 626 flebat
1659 588 1793 628 manuum
1808 588 1871 644 ope·

202 659 387 727 credimus,
398 665 429 714 in
441 662 560 714 bonitate
574 660 670 713 sivein
683 658 1033 728 pietate,iadtrristotrsu,
1078 656 1186 710 ratione
1204 675 1209 708 :
1228 664 1324 710 nestra
1347 674 1411 710 vero
1436 657 1607 711 circumcisio
1622 674 1678 713 non
1692 660 1723 714 tit
1739 659 1767 713 in
1780 674 1876 730 exspo-

199 746 278 802 hoc
298 755 348 804 est
363 765 413 821 per
427 748 579 804 Christum.
599 746 704 803 Saecula
720 746 892 801 ‹licuntureo
906 744 979 815 quod
991 761 1035 797 se·
1077 744 1192 798 lintionc
1206 745 1289 798 unius
1304 745 1422 798 membri
1439 745 1623 802 solummodo.
1639 747 1686 801 sed
1703 747 1732 801 in
1747 751 1807 801 teto
1817 763 1877 802 cor·

194 843 362 906 quantur
375 844 405 893 et
422 837 494 892 inse
510 837 696 892 revolventur.
714 835 780 890 Ideo
802 841 894 889 autem
911 834 987 888 dicit.
1006 836 1035 887 in
1078 849 1145 903 pore
1161 839 1188 886 et
1216 834 1243 886 in
1266 833 1395 888 omnibus
1424 835 1548 905 corperis
1570 834 1708 897 sensibus.
1741 836 1875 907 quoniam

188 928 341 980 saecults
366 927 619 996 mpcmrenientibus
644 926 702 980 sire
729 924 841 988 tuturis,
860 924 924 994 quia
947 924 1036 978 multa
1078 921 1304 976 circumcidimus
1323 924 1388 976 vitia
1404 923 1431 976 in
1448 923 1875 981 nobisctdelectntionescarnis

184 1012 336 1068 soecula
361 1018 390 1069 et
404 1015 494 1069 multa
515 1020 644 1085 tempora
658 1019 742 1067 erunt
765 1018 828 1083 post
847 1012 920 1065 diem
937 1011 1035 1081 Judicii
1078 1016 1107 1065 ct
1121 1011 1359 1081 concupiscentias
1375 1028 1483 1082 pravas,
1501 1012 1687 1082 exspoliantes
1702 1029 1753 1067 nos
1766 1012 1801 1068 ab
1813 1029 1876 1069 em-

180 1105 316 1172 atque
332 1099 563 1169 innumerabilia,
582 1102 649 1155 licet
662 1101 825 1155 continuata
837 1099 874 1154 sit
888 1100 956 1154 dies
974 1100 1035 1153 Non
1078 1101 1159 1155 nibus
1180 1102 1301 1172 peccatis
1321 1102 1537 1156 delectationum
1561 1107 1645 1172 atque
1667 1103 1873 1174 operationum.

177 1188 304 1244 enim
322 1191 371 1245 sol
387 1206 516 1245 occasum
526 1190 658 1262 patietur,
666 1192 746 1260 juxta
756 1189 825 1245 illud
840 1208 844 1242 :
856 1190 919 1243 Non
930 1189 1036 1243 occidet
1078 1190 1220 1260 Sequitur,
1232 1195 1282 1259 (μα’
1291 1194 1376 1244 eratis
1389 1194 1437 1245 itte
1449 1197 1575 1259 ternpore,
1589 1197 1739 1263 antequam
1751 1193 1876 1249 credere·

171 1277 266 1333 tibi
286 1278 586 1335 ultrasoltuus.1stae
601 1278 1037 1350 suntergodivitiaequasosten-
1076 1279 1124 1342 tis,
1141 1282 1200 1333 a'nc
1215 1281 1332 1343 Christe,
1351 1280 1402 1333 hee
1418 1280 1534 1334 estsine
1559 1280 1613 1334 nde
1628 1280 1741 1347 Christi,
1757 1283 1798 1337 vel
1815 1283 1876 1338 sine

170 1367 260 1423 det
281 1384 453 1440 supernos,
466 1385 536 1440 quas
553 1369 649 1424 oculus
667 1384 722 1422 non
738 1367 815 1434 vidit,
833 1384 884 1422 nec
900 1367 1037 1421 aerisau·
1077 1368 1263 1438 promissione
1275 1369 1309 1422 de
1322 1369 1444 1431 Christo,
1460 1371 1578 1423 elr'enetr'
1589 1386 1607 1423 o
1617 1372 1821 1426 conuersatione
1835 1374 1876 1427 Is·

166 1455 305 1519 divit,
322 1473 381 1513 nec
389 1457 420 1512 in
434 1474 481 1512 cer
489 1457 612 1512 hominis
622 1457 808 1512 ascenderunt
820 1457 848 1526 (l
857 1457 915 1510 Cer.
933 1458 973 1524 n),
984 1455 1036 1510 hec
1078 1459 1146 1523 rect,
1160 1457 1187 1511 id
1200 1463 1242 1512 est
1254 1459 1379 1513 extranei
1391 1462 1420 1511 et
1432 1456 1515 1511 alieni
1525 1475 1541 1511 a
1550 1459 1760 1515 conversatione
1771 1459 1879 1516 Judae-

165 1532 390 1617 estgaudia
407 1551 517 1602 aeternae
529 1547 663 1602 vicesies
674 1548 728 1600 fine
741 1561 883 1608 rnansura,
894 1561 954 1615 queo
970 1549 1037 1598 tunc
1078 1562 1151 1610 rum,
1170 1548 1236 1616 quia
1258 1563 1314 1601 non
1332 1545 1488 1600 servabatis
1507 1547 1759 1616 circumcisionem,
1784 1564 1877 1621 neque

162 1634 423 1691 ostendentur
437 1634 516 1689 nobis
526 1652 576 1706 per
586 1635 729 1690 Christum
743 1635 771 1688 in
782 1633 890 1689 saeculis
901 1618 1067 1700 concurristi
1079 1634 1236 1700 sabbatum,
1249 1653 1340 1709 neque
1350 1636 1487 1689 sacrificia
1495 1637 1596 1706 legalia
1607 1636 1776 1703 offerebatis,
1788 1644 1813 1692 et
1826 1638 1876 1692 tie-

159 1724 284 1796 quia
306 1722 342 1778 in
361 1723 495 1795 praesenti
509 1725 610 1778 saecule
625 1740 681 1778 non
692 1730 809 1795 possunt
823 1723 921 1777 videri.
1077 1730 1158 1794 spitcs
1169 1725 1543 1790 testerrieetermn,subaudis
1553 1725 1649 1779 cratis.
1659 1724 1877 1797 Hospesdicltur

234 1812 467 1877 Gratioentm,
483 1812 618 1867 subaudis
631 1812 693 1879 Dei,
710 1815 812 1866 cetrati
825 1815 888 1865 estis
903 1813 1036 1866 demerte
1078 1815 1158 1885 quasi
1182 1814 1246 1867 ostii
1274 1830 1332 1884 pes,
1360 1830 1392 1867 eo
1412 1814 1484 1883 qued
1512 1815 1624 1885 quando
1652 1813 1878 1885 suscipiebantur

152 1902 233 1963 ad
255 1902 375 1958 vitam
386 1918 437 1972 per
446 1903 528 1969 fidere
540 1903 568 1956 in
579 1902 757 1973 baptismate,
773 1917 829 1955 non
843 1901 941 1955 vestris
954 1901 1036 1954 meri·
1077 1902 1105 1957 in
1121 1903 1245 1959 domum.
1259 1900 1381 1972 ponebat
1391 1901 1520 1954 dominus
1531 1901 1641 1965 domus
1653 1901 1736 1973 etqui
1746 1902 1882 1974 suscipie-

150 1993 249 2057 tis,
280 1995 318 2046 et
336 1992 401 2052 trec,
424 1991 559 2046 subaudis
578 1991 651 2062 quod
666 1991 765 2045 salvati
779 1990 846 2044 estis
858 1998 886 2044 et
897 1990 979 2045 tidem
989 1991 1036 2043 ha·
1076 1991 1273 2061 batur,pedem
1285 2006 1370 2060 supra
1381 1991 1482 2043 ostium
1496 2004 1501 2038 τ
1515 1996 1543 2044 et
1553 1991 1626 2045 datis
1636 1991 1753 2055 dextris,
1761 1991 1878 2061 jurabat

144 2079 287 2143 betis
313 2095 382 2134 non
395 2085 433 2134 cst
446 2081 571 2142 cavebis,
589 2082 638 2134 dei
651 2083 726 2135 enim
740 2082 845 2133 denum
860 2085 907 2141 est,
924 2085 956 2133 ut
967 2079 1036 2132 salvi
1078 2079 1878 2151 quodpacificusessetejusingressus:gentilescrgetran-

148 2169 272 2234 sitis
291 2174 333 2223 et
349 2168 439 2222 tidem
454 2168 590 2224 habeatis.
605 2170 685 2225 Unde
695 2169 831 2223 Denrinus
844 2168 910 2223 dicit
921 2171 1035 2223 :tteccst
1077 2167 1229 2222 seuntcsacl
1239 2167 1555 2238 judaismumquamvis
1567 2167 1879 2233 cir·cumc.iderentur,et

138 2274 277 2338 opus
301 2258 378 2323 Dei,
395 2262 426 2311 ut
440 2259 559 2311 credatis
575 2261 606 2312 tn
617 2275 677 2311 carn
689 2261 780 2319 tteen.
798 2257 884 2323 sitsi
901 2274 971 2327 opus
988 2256 1037 2310 [lei
1079 2256 1877 2329 legaliaotlerremsacrillciatamennonideoreputaban-

140 2351 256 2417 est,
272 2360 351 2399 non
364 2350 453 2399 estex
466 2345 582 2399 nobisrt
595 2345 674 2400 nohis
685 2346 823 2415 siquidem
837 2361 928 2415 neque
940 2345 1034 2411 fidens,
1078 2349 1125 2398 tur
1140 2349 1172 2397 ut
1183 2344 1265 2407 cives,
1279 2346 1328 2397 sot
1348 2343 1480 2414 proselyti
1489 2345 1704 2415 appellabantur
1714 2350 1743 2399 et
1752 2346 1875 2412 advena

134 2450 316 2515 „eque
328 2433 817 2505 salutemhabemusnequentiqnid
831 2433 1035 2504 bonizquntlens
1078 2439 1105 2486 et
1117 2432 1196 2503 quasi
1209 2433 1333 2503 hospites
1349 2431 1539 2485 habebantur:
1554 2431 1672 2503 ideoque
1683 2420 1878 2506 dicit'hposte·

129 2527 365 2611 operatur
380 2523 412 2575 iri
428 2524 504 2576 nobis
518 2528 542 2576 et
554 2525 620 2576 sicile
634 2527 658 2576 ct
670 2527 797 2590 perficere
809 2523 891 2586 (Phil.
904 2532 946 2585 η).
964 2521 1035 2584 Quia
1076 2521 1120 2575 lus
1136 2521 1202 2591 quia
1211 2520 1336 2591 hospites
1351 2527 1378 2574 et
1389 2521 1500 2574 advenae
1511 2527 1540 2575 et
1554 2521 1688 2591 proselyti
1698 2527 1779 2576 erunt
1792 2527 1878 2578 testa-

126 2612 316 2701 §olent
327 2609 463 2681 plerique
475 2610 567 2665 dicere
580 2630 586 2663 ι
598 2609 793 2681 propterhona
803 2626 888 2680 opere
899 2627 962 2663 mea
973 2610 1035 2664 veni
1076 2616 1236 2663 mentorum
1246 2609 1304 2674 Dei,
1323 2625 1377 2663 nee
1392 2610 1517 2662 trabentes
1527 2624 1601 2676 spem
1609 2610 1876 2678 prorritssteaisvitu

121 2704 236 2794 βό
252 2700 375 2759 tidem,
392 2699 456 2752 ideo
466 2699 610 2769 subjungit
620 2699 839 2770 Apostolus,nen
852 2715 884 2753 ee
898 2701 1033 2766 operibus.
1076 2704 1196 2760 aeterna,
1208 2698 1250 2752 vcl
1261 2697 1337 2751 illius
1355 2697 1548 2768 promissionis
1563 2698 1705 2768 quaefacta
1717 2702 1761 2753 est
1773 2699 1808 2753 ad
1823 2698 1878 2754 Ab·

130 2786 371 2882 g'abundis
384 2787 531 2859 accepistis
544 2788 640 2854 tidem,
657 2794 688 2841 ut
704 2804 736 2841 nc
748 2791 811 2856 quis
825 2782 971 2854 plectetur,
985 2787 1034 2841 sed
1078 2787 1304 2858 rahamquodin
1318 2787 1425 2840 severine
1441 2786 1542 2856 ejus,id
1554 2791 1597 2840 est
1606 2786 1635 2840 in
1644 2786 1755 2841 Christo
1764 2786 1878 2843 benedi·

191 2893 266 2947 e?
281 2875 422 2947 gratiam
435 2872 1036 2947 Dei.Priusprtcceditsrdespleindcsubse-
1078 2877 1172 2929 cendae
1200 2882 1294 2930 essent
1317 2891 1414 2928 onrnes
1432 2880 1530 2944 gentes
1549 2876 1625 2938 (tien.
1648 2875 1877 2946 limenensis

125 2924 329 3038 poitur
354 2965 494 3035 operatio.
516 2965 613 3020 Solent
637 2966 722 3020 etiam
741 2966 780 3020 illi
796 2966 843 3036 qui
858 2982 890 3019 ex
905 2964 1036 3036 operibus
1046 2933 1067 2991 C
1079 2964 1153 3017 enim
1164 2964 1212 3017 ille
1225 2963 1374 3034 promissio
1389 2963 1460 3016 iacta
1472 2968 1546 3016 esset
1559 2963 1594 3016 de
1604 2963 1655 3030 eie,
1666 2964 1811 3019 tamenilli
1821 2980 1879 3020 nen

130 3014 188 3072 ᾳ

181 3083 232 3131 0
239 3051 634 3133 isgler'iantur,cornelium
642 3054 834 3108 centurionem
844 3054 871 3107 in
879 3054 1037 3123 exemplum
1079 3052 1305 3122 habebantspem
1317 3052 1390 3123 qued
1399 3059 1511 3123 possent
1519 3054 1664 3122 pervenire
1670 3054 1704 3106 ad
1715 3052 1879 3111 societatem

132 3106 361 3235 {fabem
378 3140 502 3195 dicentes
527 3141 594 3212 quia
621 3149 737 3213 propter
762 3141 834 3195 bona
862 3158 948 3211 opera
977 3158 1038 3211 quae
1078 3141 1329 3212 indecorumquia
1344 3157 1400 3195 non
1416 3140 1554 3194 habebant
1570 3141 1659 3211 legem
1674 3149 1702 3196 et
1715 3144 1877 3215 prophetas,

138 3230 371 3324 ualeelmi,
389 3230 492 3285 meruit
507 3230 632 3301 accipere
648 3231 730 3285 tidem
746 3231 898 3285 instructus
913 3248 930 3284 a
943 3231 1036 3284 Petro.
1079 3231 1107 3284 in
1124 3229 1226 3301 quibus
1238 3230 1298 3301 ipsa
1314 3229 1462 3301 promissio
1476 3229 1689 3297 continebatur3
1706 3238 1729 3285 ct
1740 3235 1800 3287 siae
1816 3246 1880 3288 vcro

143 3319 345 3407 Quibus
362 3317 590 3390 respondendum
606 3319 733 3388 estquod
749 3319 894 3373 Cornelius
908 3318 1037 3373 centurio
1079 3320 1278 3383 ltcasubandis
1289 3319 1384 3379 cratis,
1398 3335 1452 3373 iren
1462 3319 1596 3373 habentes
1609 3321 1796 3390 cognitionem
1807 3323 1878 3394 ejus,

145 3412 297 3490 essst
321 3406 496 3472 iudaeorum,
518 3406 623 3460 habens
648 3406 836 3475 cognitionem
860 3412 889 3460 et
909 3406 1037 3461 notitiam
1079 3409 1145 3480 quia
1159 3409 1198 3463 dii
1218 3425 1287 3480 quos
1301 3407 1430 3463 colebant
1442 3424 1498 3462 non
1513 3414 1594 3462 erunt
1612 3409 1661 3473 dii,
1678 3409 1879 3466 soddaemones

145 3498 322 3576 unius
336 3495 390 3550 Dei
410 3517 417 3553 :
444 3511 462 3549 a
485 3511 540 3567 quo
562 3495 694 3567 sperabat
708 3495 768 3566 ipse
787 3501 816 3549 et
839 3495 970 3550 credebat
988 3513 1038 3567 pro
1080 3504 1104 3552 et
1120 3515 1201 3567 opere
1218 3515 1357 3553 tricinium
1373 3499 1522 3551 tremitum
1538 3500 1621 3564 (t’sat.
1636 3502 1718 3556 cx111t.

151 3590 298 3662 suis
311 3582 396 3638 bonis
410 3583 578 3655 operibusso
588 3601 649 3639 esse
664 3585 917 3639 remunerandum:
934 3591 962 3639 et
973 3585 1039 3655 quia
1115 3589 1197 3641 ll'mrc
1213 3594 1305 3641 cirtem
1321 3590 1352 3640 iri
1364 3588 1472 3640 Christe
1489 3587 1562 3651 desa,
1577 3584 1605 3639 id
1620 3592 1663 3641 cst
1677 3603 1727 3657 per
1735 3587 1879 3645 Christum

155 3672 1040 3746 „mquidlideihabebatjamperceptumquamexomabat
1080 3677 1187 3743 Jcsum,
1209 3675 1265 3729 sive
1289 3675 1318 3728 in
1343 3674 1397 3728 side
1412 3675 1478 3729 Jcsu
1494 3674 1597 3729 Christi
1612 3691 1660 3729 vos
1683 3677 1813 3746 gentiles,
1830 3680 1881 3747 qui

159 3761 321 3828 bonis
344 3762 486 3834 operibus,
508 3765 612 3818 meruit
634 3764 736 3818 instrui
761 3781 777 3817 a
792 3764 884 3827 Petro,
901 3763 935 3818 cle
948 3763 1041 3833 cogni·
1081 3769 1167 3820 cretis
1179 3765 1332 3833 attercando
1346 3767 1433 3831 lenge,
1445 3762 1579 3818 subaudis
1590 3764 1670 3818 aDeo
1680 3781 1735 3820 non
1749 3766 1819 3832 loco,
1831 3766 1881 3823 sed

164 3858 319 3912 tione
330 3852 417 3906 totius
430 3851 587 3918 Trinitatis,
609 3858 637 3906 et
651 3851 787 3923 baptizari
805 3851 937 3922 baptismi
947 3868 1040 3906 sacra·
1082 3853 1192 3918 morito,
1209 3856 1280 3920 tecti
1289 3855 1351 3906 estis
1363 3868 1446 3920 prope
1457 3855 1488 3906 tn
1498 3855 1634 3921 seeipriinc
1649 3854 1762 3922 Christi,
1774 3854 1827 3910 hoc
1838 3860 1881 3911 est

171 3944 348 4007 mento,
364 3939 425 3995 sine
441 3957 495 4012 quo
510 3958 592 3995 nemo
617 3946 709 4012 potest
731 3941 863 3995 mundari
878 3958 894 3994 a
908 3941 1038 4012 peccatis
1082 3943 1111 3997 in
1127 3944 1180 3997 srde
1196 3941 1334 4013 passienis
1354 3940 1468 3994 Christi.

176 4029 333 4095 Ipsius
346 4031 421 4084 enim
431 4046 529 4084 cernes
544 4032 666 4098 sectere.
680 4029 732 4084 hec
742 4036 785 4084 est
795 4030 855 4100 ipso
872 4029 1040 4084 Clvristoad-
1117 4034 1174 4100 Ipse
1195 4034 1270 4084 caim
1292 4029 1420 4084 Christus
1446 4034 1482 4083 cst
1500 4044 1565 4099 pec,
1581 4030 1608 4084 id
1622 4036 1673 4095 est,
1687 4030 1878 4090 reconciliatio

176 4113 357 4182 iuvante
370 4118 462 4173 effecti
476 4135 575 4173 sumus
588 4119 654 4173 boni
666 4125 693 4173 et
703 4119 767 4174 sacti
779 4118 1041 4184 innocentes,creeti
1081 4128 1187 4186 eostre,
1200 4120 1265 4192 quia
1285 4135 1337 4173 nos
1358 4118 1547 4173 reconciliavit
1563 4120 1621 4174 Deo
1643 4138 1693 4192 per
1712 4121 1880 4191 sanguinem

184 4198 302 4258 sive
323 4207 447 4262 renovati
470 4207 596 4262 inbonis
624 4208 765 4278 operibus,
787 4212 817 4261 iri
842 4209 1037 4276 Ctrristetcsu,
1081 4209 1219 4280 passionis
1233 4209 1345 4264 sumat
1358 4210 1424 4277 qrrio
1436 4212 1553 4276 atraque
1569 4208 1703 4263 subaudis
1714 4212 1881 4280 generabo-

187 4286 245 4341 id
272 4300 332 4351 est
345 4297 547 4369 perOhristum
564 4299 669 4358 iesum,
687 4298 744 4352 sive
768 4315 818 4369 per
837 4297 920 4352 taiem
935 4290 1365 4365 ChristiDminum,Judaeerurn
1380 4297 1762 4368 scilicetacgentilium,teez't
1778 4317 1880 4371 cauae,

188 4372 215 4425 J
221 4390 382 4456 &Suana
391 4386 526 4443 subaudis
536 4386 878 4459 bonaopcraprapcrecit
890 4390 960 4441 lteris
970 4393 999 4442 et
1010 4390 1040 4442 in
1081 4387 1214 4443 subaudis
1225 4386 1305 4449 ovile,
1322 4392 1448 4441 etenum
1464 4402 1565 4454 corpus
1581 4387 1610 4441 in
1625 4387 1733 4443 unitate
1751 4388 1880 4447 Ecclesia

190 4461 303 4525 ''uf-5
316 4476 496 4532 ambutemus.
514 4477 685 4548 proficiendo
697 4478 732 4531 de
742 4477 844 4531 virtute
855 4477 884 4530 in
895 4477 1038 4531 virtutem.
1082 4483 1110 4531 et
1124 4476 1188 4530 fidei
1202 4476 1274 4530 sicut
1287 4476 1346 4547 ipsc
1361 4476 1526 4546 promisitin
1538 4476 1705 4546 Evangelio:
1725 4478 1758 4530 Et
1774 4481 1828 4545 tici,
1840 4478 1882 4534 in-

189 4543 308 4617 N0n
321 4564 354 4620 de
367 4564 417 4620 illa
430 4565 540 4621 iactura
552 4567 803 4638 loquiturhic‚qua
813 4565 841 4619 in
855 4566 992 4637 principio
1002 4566 1040 4620 ta·
1082 4567 1191 4638 quiens,
1207 4583 1297 4620 uatem
1314 4568 1382 4618 erite
1403 4569 1427 4617 et
1441 4581 1514 4618 ueris
1528 4571 1622 4632 prester
1633 4568 1723 4631 (toea.
1740 4569 1780 4630 x).
1794 4571 1817 4619 ct
1831 4568 1882 4621 set·

190 4637 260 4693 cti
304 4670 403 4710 sumus
425 4661 458 4710 ut
477 4672 612 4721 essemus,
636 4655 684 4710 scd
702 4655 736 4708 de
756 4656 804 4709 illa
818 4672 874 4726 qua
889 4672 953 4710 curvi
970 4654 1038 4710 maii
1081 4657 1185 4714 veneid
1201 4661 1245 4709 est
1258 4655 1404 4708 destruens
1420 4660 1450 4706 ct
1463 4669 1611 4715 evacuans,
1629 4656 1753 4707 iricerne
1768 4669 1829 4718 sire,
1850 4653 1880 4708 id

191 4733 378 4806 “Semne
392 4743 460 4799 boni
475 4745 564 4799 effecti
584 4761 682 4799 sumus
695 4744 755 4815 ipse
770 4750 913 4815 operante.
1082 4754 1125 4801 est
1138 4745 1303 4817 inpassiene
1318 4760 1378 4805 sna,
1398 4744 1519 4795 medieni
1532 4745 1667 4808 parietem
1683 4746 1816 4805 anuceria,
1829 4743 1881 4798 hec

226 4896 238 4911 ·
252 4823 394 4903 Propter
404 4835 477 4902 qaod
492 4833 637 4893 subaudis.
654 4836 720 4906 quia
733 4834 857 4888 renovati
872 4834 938 4888 estis
954 4835 981 4889 in
994 4832 1041 4888 bo·
1083 4842 1124 4890 est
1139 4834 1310 4896 inirnicitins,
1328 4831 1461 4886 subaudis
1482 4847 1543 4900 quae
1558 4836 1639 4883 erant
1658 4829 1733 4884 inter
1747 4831 1817 4886 duos
1829 4848 1881 4904 pe-

188 4902 270 4961 ’ΠΒ
297 4923 442 4995 operibus.
457 4939 589 4978 aieineres
604 4930 683 4978 estete
702 4924 760 4978 sive
783 4929 955 4977 mementote
975 4926 1042 4991 eicie
1085 4925 1175 4997 pules.

191 4992 408 5079 alfwarde,
425 5013 454 5067 id
469 5018 673 5084 estantequam
689 5015 723 5067 acl
743 5013 826 5067 fidem
843 5011 974 5067 veniretis
989 5028 1042 5077 res,
1121 5014 1213 5080 Legem
1225 5013 1423 5066 irrendnterum
1439 5012 1469 5063 in
1481 5010 1593 5064 decretis
1604 5011 1884 5081 circumsessam

192 5084 427 5157 “nesciatis
441 5102 653 5163 incarne,idcst
663 5103 689 5156 in
701 5103 806 5156 carnali
821 5101 1042 5159 conversatione.
1086 5103 1232 5174 praecptis
1248 5108 1275 5154 et
1291 5099 1403 5154 statutis
1419 5099 1561 5170 Evangelii
1581 5117 1717 5154 evacuans
1735 5100 1837 5172 legem,
1853 5108 1886 5157 ut

196 5173 289 5273 ⁹²f2'
309 5192 478 5247 dicebamini
484 5191 878 5262 preputiumateasubaurlis
888 5198 1045 5261 genteque
1086 5194 1162 5255 ctrmr,
1183 5190 1316 5245 subaudis
1338 5189 1464 5261 populos,
1490 5191 1598 5255 recidet,
1614 5190 1671 5243 sive
1690 5191 1817 5261 perficiat
1842 5190 1885 5245 vel

235 5272 353 5335 teiter
366 5298 384 5337 a
402 5280 479 5337 vebis
489 5285 663 5336 circurncr'sie
678 5284 839 5348 meaufizeto
850 5285 880 5333 in
891 5297 983 5335 corice.
998 5282 1045 5334 Ju-
1087 5281 1206 5335 eeditmet
1219 5283 1248 5332 in
1260 5282 1408 5345 senicn'pm,
1424 5278 1451 5331 id
1464 5279 1542 5332 estin
1558 5279 1666 5335 unitate
1677 5279 1741 5334 ndei
1754 5298 1819 5335 suec.
1828 5280 1884 5333 lic·

204 5334 294 5415 ⁸¹³¹st
308 5376 426 5443 prepter
438 5371 679 5426 circumcisionem
695 5387 711 5425 a
726 5368 857 5441 gentibus
868 5367 1046 5440 appellaban-
1087 5371 1165 5424 dium
1180 5367 1484 5440 parictemappellatin
1495 5368 1618 5423 hocloco
1628 5369 1880 5441 legaliapracepte,

295 5460 493 5522 circumcisio:
507 5465 536 5519 et
544 5467 653 5535 gentes,
663 5462 728 5537 quia
737 5457 925 5517 incircumcisi
935 5462 1046 5529 ereata
1087 5457 1338 5530 circumcisionem,
1349 5456 1882 5537 scilicetobservationemsebbeteruur,
