3840 6098
130 297 183 358 bil
470 287 662 349 exeosmo
681 284 722 342 IN
742 284 820 342 EPP.
841 282 869 340 S.
890 279 1010 338 PAULI.
1032 307 1064 322 ·-
1084 280 1124 337 ΙΝ
1142 280 1254 339 snts'r.
1274 281 1323 338 AD
1342 280 1450 339 Runa.
1715 282 1770 341 att

131 421 343 479 mammaea
351 435 409 475 oses
419 416 545 490 perditas
554 415 651 469 domus
663 413 788 476 Irrue1,et
797 410 928 464 sieutrni·
936 404 1054 467 Aeolito
1066 405 1132 460 illis.
1145 406 1261 473 Domus,
1275 407 1378 480 inquit,
1401 408 1452 463 Dei
1466 424 1573 472 sumus,
1590 408 1614 463 si
1626 408 1768 480 fiduciam,

132 516 169 568 sit
185 511 324 566 mePcter
338 513 417 578 etsqo
433 509 513 561 mitto
528 520 572 559 ros
587 501 692 568 (Mettis,
702 515 735 554 xv
745 517 752 566 ;
764 501 845 554 loon.
866 496 927 567 xx).
972 492 1002 549 id
1012 493 1147 549 estfidem
1162 500 1268 550 rectam
1284 501 1313 550 et
1325 496 1445 568 gloriam
1459 497 1518 569 spei
1538 504 1642 553 nostrae
1656 499 1769 555 tlrmam

132 600 214 660 llude
229 605 257 655 et
266 598 341 654 idem
352 596 482 669 egregius
494 592 660 667 praedicator
669 590 725 644 alio
735 588 765 643 in
773 589 834 642 loco
844 586 929 641 dicit:
973 582 1174 638 retinuerimus
1187 585 1321 655 usquead
1334 586 1419 640 tinem
1434 586 1534 641 mortis
1548 588 1711 655 nostrae,vel
1725 604 1771 644 us·

132 690 290 748 HisitDeus
298 689 493 742 Filiumsuam
503 683 610 750 sactum
622 680 780 733 esrnrslr'erc
795 677 864 745 (Gai.
876 675 927 743 iv).
974 687 1028 742 que
1043 671 1079 726 ad
1106 671 1181 726 diem
1198 672 1308 744 judicii.
1326 674 1422 729 Gloria
1436 675 1496 746 spei
1519 681 1622 731 nostre
1645 682 1698 740 est,
1715 691 1772 749 qua

134 777 264 835 Pontifex
272 779 367 831 autem
377 769 560 829 confessionis
570 773 674 822 nostre
692 763 932 836 estquiuwnfess·
972 759 1130 830 8¹⁰si²m¹¹¹
1144 776 1194 815 ¹¹⁰⁸
1214 761 1242 815 5¹¹
1266 763 1387 834 ⁸P01'2m
1402 779 1463 818 ⁸⁸⁸⁰
1477 764 1550 818 ⁰5⁰⁸
1563 764 1624 831 ⁰⁰52
1649 771 1679 820 0²
1697 765 1772 838 <1⁰⁰⁶

134 868 243 924 sionem
253 864 320 919 fidei
328 858 662 932 nostraepraetenditante
669 856 759 911 Deum
767 855 879 909 Patrem
886 852 933 924 qui
975 849 1058 903 modo
1068 855 1198 904 tenemus
1207 849 1237 905 in
1247 867 1306 922 spe,
1323 851 1463 907 credimus
1481 869 1532 906 nos
1546 869 1725 924 possessuros
1742 854 1772 911 iu

134 956 228 1013 neom
243 946 591 1018 meanwarorum
610 942 935 1016 quisecitillum,juxta
976 952 1017 990 ro.
1030 937 1106 991 sona
1116 938 1261 1009 olimque
1272 937 1352 995 noua
1364 940 1503 1010 promissa
1513 947 1589 1007 suna,
1609 941 1703 997 rouro
1715 957 1773 1014 ne·

135 1045 211 1119 quod
224 1042 291 1099 alibi
305 1037 489 1109 dicitur,quia
506 1035 596 1090 iactus
612 1039 655 1089 est
672 1033 697 1088 ei
712 1050 745 1087 ex
762 1030 870 1086 semine
885 1031 937 1084 Da·
976 1024 1035 1079 nali
1048 1025 1105 1080 vita
1118 1025 1221 1080 habere
1231 1043 1408 1098 nequaquam
1421 1045 1579 1100 possumus,
1591 1030 1775 1102 quamobrem

135 1133 183 1189 rid
195 1130 350 1188 secundum
365 1142 490 1182 carnem.
502 1122 665 1179 Notandum
681 1125 775 1176 autem
789 1119 824 1174 de
839 1118 937 1173 huma·
977 1111 1112 1168 habentes
1132 1113 1215 1168 sidem
1231 1119 1343 1182 rectam,
1355 1132 1434 1187 spem
1449 1123 1566 1184 comam,
1582 1126 1775 1192 exspectemus

136 1221 238 1279 nitatis
255 1217 380 1276 essentia
394 1217 447 1271 hoc
461 1230 522 1269 esse
536 1213 642 1266 dictum
657 1211 686 1265 in
705 1226 761 1282 qua
773 1208 833 1281 ipse
848 1206 938 1262 tidelis
980 1202 1120 1272 patienter
1128 1202 1244 1273 premia
1254 1201 1335 1258 nobis
1350 1220 1367 1258 a
1381 1204 1500 1260 Domino
1510 1208 1659 1277 promissa.
1675 1209 1777 1282 Sequi·

136 1312 193 1368 suit
206 1311 265 1365 Deo
276 1306 365 1370 patri,
381 1306 506 1360 omrem
520 1301 547 1356 ei
568 1317 652 1370 arque
666 1300 704 1353 od
724 1302 841 1351 mortem
855 1296 937 1364 (Phil.
978 1291 1237 1360 turzoucpropter,
1255 1293 1322 1346 dicit
1336 1292 1470 1361 Spiritus,
1479 1294 1560 1349 bodie
1575 1299 1601 1350 si
1615 1313 1704 1352 nocem
1718 1301 1778 1367 ejus

138 1405 180 1471 η).
190 1400 290 1455 Nonne
303 1394 394 1450 tidelis
405 1397 468 1448 erat
475 1393 533 1446 Deo
543 1389 632 1453 Patri,
647 1386 760 1459 quando
774 1385 940 1456 omniaque
980 1380 1138 1444 audieritis,
1154 1382 1239 1435 notite
1250 1381 1387 1435 obdurare
1402 1383 1485 1437 corda
1500 1390 1601 1450 uestra,
1616 1391 1779 1458 eto.,usque

139 1487 253 1561 agebat,
271 1501 328 1540 non
342 1499 399 1538 suae
412 1473 938 1552 gloriaereputabat,sedPatridicena:
981 1468 1016 1522 ed
1035 1469 1061 1522 si
1079 1469 1237 1522 introibunt
1258 1470 1290 1522 in
1314 1472 1437 1538 requiem
1459 1487 1560 1526 mecm.
1576 1472 1618 1529 De
1630 1489 1680 1547 spe
1694 1473 1780 1547 paulo

141 1578 225 1634 mr
237 1577 269 1629 in
282 1589 324 1628 mo
340 1584 456 1626 mamm
469 1570 525 1640 ,Ῥω
539 1568 608 1635 fam
622 1580 704 1633 ,pm
715 1563 816 1618 psjcuq
827 1560 943 1633 20105.
981 1555 1111 1627 superius
1138 1555 1249 1610 locutus
1276 1555 1370 1613 iuerat
1391 1556 1489 1614 beatus
1515 1561 1677 1632 Apostolus,
1705 1563 1781 1635 quod

107 1664 112 1670 “
142 1682 200 1732 aas,
212 1661 316 1734 inquit,
331 1658 422 1714 tidelis
433 1660 495 1712 erat
509 1656 539 1710 in
554 1653 629 1709 omui
641 1653 725 1708 domo
741 1653 811 1723 ejus.
820 1650 941 1705 Domum
982 1649 1112 1716 oporteat
1129 1659 1243 1716 sperare
1265 1660 1298 1700 ea
1312 1661 1374 1716 qum
1388 1646 1483 1702 sutura
1501 1654 1577 1716 sunt,
1604 1655 1633 1705 et
1652 1651 1701 1706 dat
1715 1651 1782 1708 inde

142 1750 258 1809 noi-hie
270 1748 404 1820 populum
416 1743 551 1800 debemus
565 1742 733 1812 intelligere,
748 1739 858 1812 plebem
871 1718 1181 1794 scili-Brestimoniurn
1194 1735 1390 1806 propheticum
1404 1735 1456 1791 sub
1477 1740 1687 1810 comparatione
1711 1757 1783 1813 quo·

144 1845 191 1898 cet
200 1836 395 1898 israeliticam,
411 1833 457 1889 cui
471 1832 581 1904 Moyses
596 1829 763 1902 prepositus
773 1833 834 1882 erat
847 1844 865 1881 a
877 1827 945 1894 Deo,
987 1822 1137 1878 dummodo
1152 1822 1193 1877 illi
1211 1823 1367 1894 perierunt,
1391 1825 1440 1896 qui
1454 1826 1676 1897 desperaverunt
1691 1829 1726 1887 de
1736 1846 1785 1903 po·

145 1931 181 1986 de
196 1943 253 2001 qua
266 1927 350 1981 domo
363 1922 431 1977 dicit
439 1921 544 1976 isaias:
572 1921 652 1974 Vinea
666 1919 781 1972 Domini
794 1917 891 1970 domus
905 1915 948 1969 Is·
986 1911 1078 1967 tentia
1091 1910 1151 1978 Dei,
1164 1916 1192 1966 et
1206 1911 1274 1983 quid
1288 1921 1506 1982 promeruerunt
1516 1915 1598 1986 pauci
1613 1916 1661 1989 qui
1675 1919 1785 1992 subspe

147 2018 208 2073 raet
221 2018 270 2079 est,
283 2011 425 2067 etiterum
435 2006 609 2062 exhortando
627 2006 747 2060 :Domus
757 2003 848 2067 iacob,
860 2003 948 2056 veniit
989 2006 1067 2056 ema
1081 1999 1492 2072 Pf⁰mi⁸⁸i⁸130i⁰f⁰did⁰ffl⁰¹·
1505 2004 1577 2069 0⁰5⁸
1587 2021 1654 2080 “8⁰
1669 2007 1787 2066 ΟΜΝ

149 2108 176 2159 02
187 2103 364 2158 ambutemus
386 2098 537 2151 inlumina
555 2095 603 2148 Dei
616 2096 661 2158 tls.
683 2106 713 2153 rr,
730 2094 765 2161 vl.
787 2091 819 2146 ln
831 2105 888 2161 qua
898 2089 950 2144 do·
990 2089 1090 2145 beatus
1099 2089 1249 2161 Apostolus
1264 2090 1374 2146 locutus
1387 2097 1439 2159 est,
1455 2108 1569 2151 necesse
1594 2100 1638 2152 est
1651 2097 1789 2170 replicare

149 2207 197 2247 mo
212 2189 323 2260 lloyses
337 2184 428 2240 tidelis
440 2183 504 2248 suit,
516 2182 545 2236 id
560 2187 602 2236 est
620 2180 738 2235 devotus
760 2185 790 2233 et
809 2176 889 2233 bonae
902 2192 951 2231 vo·
991 2178 1113 2235 hostiam
1137 2177 1247 2233 Veteris
1268 2178 1452 2246 Testamenti,
1481 2188 1514 2237 ut
1541 2185 1718 2242 manifestior
1739 2188 1791 2245 tlat

153 2276 284 2343 luuteds,
298 2273 451 2330 defendens
464 2286 497 2326 ea
511 2287 573 2342 quae
591 2269 643 2326 Dei
662 2273 753 2336 erant,
768 2266 877 2339 sibique
896 2281 953 2320 nou
994 2266 1094 2322 oratio.
1122 2264 1246 2322 Eductus
1272 2269 1393 2338 populus
1417 2270 1590 2328 israeliticus
1607 2273 1643 2329 ds
1661 2275 1793 2348 AEgyptis

157 2362 432 2438 umpmglorqam
444 2360 505 2417 per,
996 2356 1132 2412 seruitute
1153 2355 1183 2410 iu
1211 2355 1299 2427 signis
1324 2362 1353 2412 et
1381 2357 1558 2415 mirabilibus
1584 2361 1707 2432 Domini,
1728 2381 1794 2422 eum

188 2456 342 2524 amplioris
368 2453 444 2506 enim
465 2451 560 2518 qtoria
586 2450 636 2502 iste
664 2463 720 2517 prs
743 2448 832 2516 Moyse
854 2446 957 2514 diqnus
998 2444 1117 2499 multam
1134 2443 1207 2497 viam
1222 2443 1326 2499 deserti
1341 2444 1592 2514 perambulassent,
1613 2450 1716 2520 pastis
1736 2451 1795 2507 Do·

158 2544 271 2599 babitus
284 2543 449 2608 est,qacnto
472 2539 638 2607 ampliorem
664 2538 795 2592 bonorem
819 2535 897 2590 babet
911 2534 957 2589 do·
997 2533 1075 2588 mino
1098 2548 1212 2597 manua,
1227 2548 1302 2603 aqua
1322 2532 1357 2586 de
1383 2539 1464 2604 petra
1488 2535 1586 2607 potati,
1601 2538 1719 2610 ejusque
1732 2556 1796 2612 pro·

158 2647 221 2687 mus
236 2631 287 2700 qai
299 2629 448 2697 fabricauit
463 2629 555 2680 illam.
570 2624 671 2679 llocin
687 2624 748 2679 loco
763 2627 813 2678 aut
827 2623 880 2678 erit
903 2622 959 2695 hy·
998 2621 1121 2676 tectione
1135 2619 1230 2688 tutati,
1254 2621 1404 2676 consilium
1422 2622 1548 2680 inierunt
1562 2641 1660 2681 omnes
1683 2628 1797 2686 mittere

158 2719 272 2793 palinge
292 2717 435 2782 insensu,
462 2719 512 2768 aut
534 2713 603 2768 satis
618 2712 777 2768 necessaria
798 2710 960 2767 subauditio
1001 2710 1036 2764 de
1063 2708 1182 2780 singulis
1209 2707 1338 2765 tribubus
1360 2710 1500 2783 principes
1519 2714 1718 2784 speculatores,
1748 2717 1798 2789 qui

160 2810 335 2881 supponetur
344 2805 397 2860 boc
408 2802 592 2858 modo.Tanto
604 2801 719 2874 maioris
727 2801 824 2873 glorie
832 2799 961 2856 Christus
1002 2797 1137 2853 deberent
1150 2798 1290 2868 speculari
1301 2804 1387 2870 etque
1399 2799 1577 2856 considerare
1593 2807 1700 2859 terram
1715 2821 1733 2860 a
1747 2805 1800 2862 Do·

161 2913 220 2970 pm
231 2893 331 2967 Moyse
344 2893 446 2964 dignus
456 2891 753 2963 inventusest,quanto
760 2891 897 2961 majorem
910 2888 962 2942 ho·
1003 2886 1081 2941 mino
1095 2884 1148 2940 sibi
1162 2885 1343 2957 promissam.
1362 2886 1417 2951 Qui
1439 2895 1589 2959 pergentes
1608 2891 1801 2951 lustraverunt

162 2999 264 3043 norem
274 2982 371 3046 habet,
382 2980 515 3037 subaudis
529 2978 665 3035 Dominus
676 2979 776 3035 domus
789 2977 837 3052 qui
847 2976 964 3032 fabrica·
1003 2981 1128 3042 terimi
1146 2973 1307 3045 reversique
1317 2980 1384 3029 mni
1398 2981 1462 3046 l²⁰⁸t
1472 2977 1596 3047 ⁸P⁸fium
1611 2980 1802 3053 ‘imminu‘

164 3073 206 3130 vir
218 3071 349 3128 modom
361 3069 488 3134 domum,
503 3067 560 3122 sivo
574 3072 654 3122 tanto
667 3067 767 3137 maj01t
782 3065 874 3137 gloria
887 3062 994 3125 curi-c
1006 3063 1116 3118 dierum
1136 3062 1173 3116 ad
1191 3061 1415 3127 mulutudioom,
1425 3065 1589 3121 nuntiantes
1601 3072 1708 3123 terram
1726 3069 1805 3127 torti·

165 3166 229 3218 m,
240 3176 301 3233 pm
314 3158 411 3230 Moyse
424 3157 527 3227 dignus
541 3156 671 3211 inventus
685 3161 738 3220 est,
751 3159 856 3226 quanto
876 3153 966 3224 maio·
1007 3150 1156 3213 lissimem,
1173 3165 1399 3223 magnorumque
1412 3151 1555 3208 fructuum
1575 3157 1803 3228 procreatricem,

165 3267 226 3307 rom
243 3249 380 3304 bonorem
394 3244 481 3301 habet
492 3243 645 3299 fabricator
658 3260 675 3299 a
690 3244 783 3308 domo,
799 3259 884 3315 quarn
905 3241 966 3313 ipse
1010 3239 1061 3294 sed
1075 3237 1179 3294 habere
1209 3238 1294 3294 urbes
1316 3239 1450 3311 munitas,
1476 3242 1604 3314 virosque
1630 3244 1807 3318 inexpugna-

167 3337 323 3394 tabricarit.
339 3335 498 3404 Redditque
513 3348 626 3387 causam
640 3347 727 3403 quare
747 3331 861 3401 majoris
870 3329 966 3401 gloriae
1006 3327 1078 3383 biles
1092 3343 1152 3382 esse
1161 3327 1191 3382 iu
1206 3343 1250 3393 ea,
1265 3333 1298 3383 ut
1312 3334 1379 3400 pote
1393 3329 1428 3384 de
1442 3329 1529 3402 stirpe
1541 3330 1686 3401 Enachim,
1698 3335 1752 3391 boc
1764 3341 1809 3394 cst

168 3427 205 3484 sit
213 3424 367 3482 fabricator
380 3423 481 3478 domus
496 3437 580 3492 quam
594 3419 696 3474 domus
708 3418 744 3473 ab
759 3436 792 3475 eo
815 3417 963 3476 fabricata.
1009 3417 1167 3488 gigantum.
1181 3415 1319 3472 Israelita
1333 3434 1399 3472 vero
1412 3418 1517 3489 ingrati
1527 3425 1556 3475 et
1567 3419 1714 3490 insensati,
1736 3441 1807 3496 quos

205 3509 722 3580 Omnisnumquedomusfobricutur
742 3509 898 3577 abaliquo.
917 3508 970 3574 Oui
1010 3505 1159 3577 oportebat
1182 3504 1324 3560 recordari
1350 3510 1494 3561 tantorum
1519 3508 1570 3563 Dei
1594 3508 1807 3582 beneficiorum,

172 3610 268 3662 aqum
282 3604 378 3657 mnia
391 3601 504 3664 creauit,
516 3599 598 3665 Deus,
609 3596 744 3653 subaudis
757 3603 808 3653 est.
821 3596 872 3651 llic
880 3596 969 3652 tacto·
1011 3593 1152 3666 quomodo
1180 3608 1228 3647 eos
1255 3593 1365 3648 clausos
1390 3593 1421 3648 in
1448 3594 1542 3651 medio
1566 3598 1638 3652 tanti
1669 3599 1809 3658 exercitus

170 3709 232 3749 rem
244 3707 263 3747 s
275 3691 386 3746 factura
400 3686 544 3750 discernit,
552 3685 701 3759 utriusque
711 3686 811 3741 domus
825 3690 970 3740 auctorem
1012 3681 1212 3755 AEgyptiorum
1236 3680 1370 3752 eripuerit
1394 3682 1430 3736 de
1447 3683 1589 3753 periculis,
1602 3686 1809 3762 fluviorumque

172 3782 265 3838 mum
278 3794 340 3834 esse
353 3775 474 3847 intelligi
483 3776 625 3840 rolens,et
637 3775 733 3849 populi
743 3773 850 3829 scilicet
859 3772 972 3828 Israeli·
1014 3771 1104 3826 tontes
1118 3770 1153 3824 de
1167 3775 1248 3840 petra
1261 3769 1322 3824 sine
1337 3770 1446 3825 defectu
1460 3772 1615 3841 donaverit,
1636 3791 1742 3832 manna
1756 3777 1809 3835 tri·

172 3868 233 3937 fici,
249 3872 279 3924 οι
291 3865 415 3938 sentim·
1013 3857 1452 3929 buerit,aliaqueinnumerabilia
1459 3858 1640 3917 beneilciaeis
1648 3866 1811 3934 contulerit,

208 3958 243 4012 Et
257 3953 477 4022 nupserquidem
487 3953 656 4021 adstiterat,
681 3952 734 4006 hoc
744 3954 798 4016 est,
817 3950 933 4005 devotus
946 3955 975 4004 et
1014 3963 1065 4002 nec
1078 3947 1136 4002 Deo
1148 3945 1336 4007 crediderunt.
1349 3946 1530 4018 desperantes
1546 3948 1581 4003 de
1595 3951 1658 4021 ejus
1673 3953 1808 4028 potentia,

172 4045 254 4101 bone
262 4040 415 4098 voluntatis
425 4044 519 4096 intota
527 4043 606 4095 domo
614 4045 682 4110 ejus,
697 4045 833 4108 tanquam
847 4041 974 4108 sumatur
1014 4036 1171 4091 nechoram
1178 4033 1282 4104 aliquid
1289 4035 1814 4115 reffl0ffl⁰l⁸fi⁸¹¹¹¹tr⁸0dfim⁰f0d0⁸l²ffi

172 4135 206 4188 in
226 4132 418 4187 testimonium
428 4143 534 4191 eorum,
545 4127 680 4183 subaudis
690 4127 848 4190 verborum,
860 4129 972 4197 quedi-
1012 4125 1093 4180 rabili
1103 4124 1255 4197 perterriti,
1265 4124 1470 4181 murmurando
1477 4125 1609 4182 dixerunt
1619 4147 1624 4183 :
1634 4129 1812 4190 Utinumuou

173 4221 262 4275 cende
274 4221 371 4280 οναιιὶ,Ι
386 4219 512 4273 vitricius
522 4222 615 4271 autem
627 4219 883 4286 tunquumfiiiusin
892 4217 972 4271 domo
1014 4214 1235 4270 introducatnos
1244 4213 1380 4269 Dominus
1390 4213 1420 4269 in
1430 4215 1630 4283 terramillam,
1639 4226 1816 4281 revertamur

173 4323 228 4362 sua
242 4305 361 4367 habitat,
374 4304 508 4360 ordinans
515 4304 703 4376 etdisponens
714 4303 974 4368 illamQuantadii-
1016 4302 1045 4358 in
1063 4303 1225 4374 AEgyptum.
1238 4301 1313 4356 Deus
1325 4302 1412 4373 igitur
1425 4303 1514 4358 iratus
1524 4305 1598 4375 quod
1612 4305 1653 4362 sic
1666 4308 1721 4366 cito
1735 4311 1815 4370 obliti

172 4394 298 4450 terentia
307 4397 352 4448 est
365 4392 441 4448 inter
453 4392 590 4448 famulum
599 4409 682 4464 quem
694 4391 894 4464 paterfamilias
909 4409 977 4464 pne
1016 4391 1138 4446 tuissent
1151 4389 1350 4445 beneficiorum
1376 4407 1409 4446 ac
1430 4391 1602 4447 mirabilium
1625 4396 1697 4467 ejus,
1707 4400 1816 4471 juravit

171 4483 257 4557 ponit
269 4482 367 4537 domui
379 4496 448 4549 suae,
463 4481 591 4536 etlilium
608 4497 692 4552 quem
709 4480 881 4553 derelinquit
892 4481 978 4536 haere·
1018 4478 1092 4550 quod
1106 4494 1162 4532 non
1176 4483 1249 4532 esset
1262 4477 1404 4534 intratura
1420 4483 1566 4552 generatio
1583 4483 1631 4539 ille
1645 4484 1675 4539 in
1686 4488 1814 4559 requiem

170 4573 252 4636 dem,
266 4574 349 4625 tanta
363 4568 499 4624 distantia
513 4575 556 4624 est
569 4569 645 4624 inter
654 4570 767 4641 Moysen
779 4574 808 4623 et
822 4569 976 4624 Christum.
1018 4573 1047 4621 et
1056 4565 1177 4638 patriam
1192 4564 1258 4618 olim
1271 4565 1582 4638 putribuspromissam,
1591 4573 1686 4644 sicque
1698 4575 1814 4630 illasex·

171 4657 373 4733 Moysesenim
386 4657 479 4712 tidelis
493 4662 522 4712 et
531 4657 649 4713 devotus
658 4656 781 4713 famulus
791 4657 845 4712 fuit
856 4657 884 4712 in
895 4658 978 4712 domo
1020 4654 1102 4711 centa
1117 4653 1279 4723 milliaque
1288 4669 1401 4723 egressa
1415 4661 1481 4710 sunt
1490 4658 1650 4732 deAEgypte
1660 4662 1816 4732 perierunt,

169 4748 229 4805 Dei
243 4745 457 4818 omnipotentis,
470 4746 524 4800 hoc
546 4750 590 4800 eat
613 4745 642 4800 in
664 4745 747 4816 plebe
770 4745 925 4800 israelitica
947 4745 977 4800 in
1019 4749 1123 4815 praeter
1136 4741 1206 4796 duos
1222 4740 1436 4796 tantummodo:
1459 4744 1564 4817 celeph
1579 4747 1707 4805 videlicet
1724 4751 1816 4809 tilium

171 4834 375 4893 testimonium
397 4850 495 4890 eorum
514 4833 751 4905 verborumque
769 4850 821 4904 per
837 4834 918 4888 illum
934 4833 980 4888 di·
1019 4831 1165 4903 Jephonae,
1178 4830 1297 4884 etlosue
1310 4828 1400 4884 tilium
1409 4830 1537 4903 Numqui
1546 4834 1713 4893 seditionem
1720 4841 1818 4913 populi

172 4923 268 4980 anda
281 4927 366 4978 erant
378 4922 414 4977 ad
428 4922 574 4993 populum,
601 4922 734 4993 quoniam
751 4922 832 4976 testis
846 4928 908 4977 erat
920 4939 980 4977 vor.
1020 4934 1197 4990 compescere
1220 4917 1275 4971 nisi
1294 4922 1369 4977 sunt.
1392 4917 1497 4973 creduli
1515 4922 1748 4991 promissionibus
1760 4929 1819 4987 Do·

172 5009 281 5068 borum
292 5009 407 5066 Domini
420 5010 456 5065 ad
472 5010 618 5082 populum,
641 5011 801 5081 iterumque
825 5010 922 5081 populi
945 5010 981 5065 ad
1023 5007 1102 5062 mini.
1114 5007 1276 5062 Notandum
1289 5012 1383 5061 autem
1397 5012 1455 5062 tres
1468 5011 1580 5081 requies
1593 5012 1629 5068 ab
1641 5017 1775 5088 Apostolo
1788 5021 1820 5078 in

177 5097 270 5156 Mum
284 5115 292 5165 ς
307 5096 438 5153 Christus
449 5113 515 5152 rero
530 5096 618 5152 libere
632 5097 745 5152 ordinat
758 5097 872 5153 domum
889 5112 979 5164 suam,
1021 5097 1076 5151 hac
1090 5095 1436 5167 Epistolacommemorari
1450 5114 1456 5150 :
1470 5113 1557 5154 unam
1568 5101 1688 5174 sabbati,
1703 5123 1760 5180 qua
1772 5125 1820 5167 re·

178 5185 233 5243 hoc
247 5191 294 5242 est
306 5185 461 5241 Ecclesiam
478 5201 570 5251 suam,
586 5191 722 5257 tanquam
747 5186 821 5240 tilius
837 5186 983 5240 heredita·
1024 5184 1130 5256 quierit
1145 5184 1220 5239 Deus
1235 5183 1270 5238 ab
1286 5182 1417 5254 operibus
1429 5185 1507 5254 suis';
1522 5192 1675 5249 secundam
1690 5196 1719 5250 in
1735 5197 1823 5256 Pale·
1912 5202 1915 5207 ’

180 5280 238 5331 mm
254 5279 414 5346 pfltamam.
430 5274 471 5330 De
485 5289 542 5345 qua
555 5273 638 5329 domo
653 5273 800 5345 subjungit
822 5274 981 5345 Apostolus,
1025 5275 1110 5340 suna,
1125 5273 1155 5328 in
1169 5287 1254 5344 quam
1266 5270 1385 5343 ingressi
1397 5275 1531 5332 lsraelitae
1546 5282 1701 5352 requieturi
1713 5295 1823 5345 arants

183 5362 280 5418 diceus
297 5377 304 5416 :
323 5363 386 5430 Qus
398 5363 497 5417 domm
508 5379 606 5417 summ
623 5378 682 5427 nos,
699 5365 725 5416 si
742 5363 874 5430 {idacium
890 5368 915 5416 et
928 5365 986 5430 qlo-
1027 5359 1141 5418 miseria
1158 5367 1188 5416 et
1207 5360 1350 5416 laboribus
1369 5363 1481 5432 multis;
1507 5368 1621 5425 tertiam
1634 5389 1746 5447 quoque
1759 5392 1822 5448 quo

181 5455 261 5506 ‚qam
274 5453 332 5518 ,με
345 5451 480 5520 usquead
496 5453 581 5518 finem
595 5454 709 5519 firmum
722 5453 900 5505 retineamus.
917 5450 987 5505 llor-
1028 5469 1094 5507 vera
1118 5455 1163 5506 est
1182 5451 1304 5521 requies,
1330 5467 1449 5522 reguum
1470 5454 1600 5514 videlicet
1626 5462 1771 5535 culorum,
1785 5465 1822 5522 sd

182 5537 384 5595 „quq-iterum
405 5539 557 5610 Apostolus
579 5539 712 5595 Hebraeos
735 5541 845 5595 tortiter
858 5545 935 5595 stare
958 5539 987 5596 in
1030 5555 1115 5612 quam
1135 5554 1206 5611 quos
1224 5537 1370 5610 pervenire
1400 5541 1560 5612 contigerit,
1589 5545 1752 5617 plenissime
1773 5569 1822 5610 rs·

180 5627 252 5697 fide,
267 5631 299 5682 oa
311 5640 490 5699 porssrerare
503 5626 534 5682 ia
549 5626 623 5684 bono
634 5643 728 5701 opere,
738 5629 861 5701 jungens
870 5645 901 5686 sa
910 5644 989 5684 more
1030 5627 1177 5700 quiescent
1187 5644 1204 5683 a
1213 5626 1356 5686 laboribus
1370 5629 1558 5703 erumnisque
1575 5633 1660 5705 hujus
1673 5639 1777 5710 saculi,
1790 5641 1827 5700 ds

311 5724 448 5789 Persou.
471 5722 591 5791 uxvlr.
1670 5732 1710 5792 ²⁷
