<?xml version="1.0" encoding="UTF-8"?>
<!DOCTYPE html PUBLIC "-//W3C//DTD XHTML 1.0 Transitional//EN"
    "http://www.w3.org/TR/xhtml1/DTD/xhtml1-transitional.dtd">
<html xmlns="http://www.w3.org/1999/xhtml" xml:lang="en" lang="en">
 <head>
  <title>
</title>
<meta http-equiv="Content-Type" content="text/html;charset=utf-8" />
  <meta name='ocr-system' content='tesseract 3.04.00' />
  <meta name='ocr-capabilities' content='ocr_page ocr_carea ocr_par ocr_line ocrx_word'/>
</head>
<body>
  <div class='ocr_page' id='page_1' title='image "./patrologiaecurs31unkngoog_0111.png"; bbox 0 0 3840 6098; ppageno 0'>
   <div class='ocr_carea' id='block_1_1' title="bbox 215 256 1853 368">
    <p class='ocr_par' dir='ltr' id='par_1_1' title="bbox 215 256 1853 368">
     <span class='ocr_line' id='line_1_1' title="bbox 215 256 1853 368; baseline -0.001 -8"><span class='ocrx_word' id='word_1_1' title='bbox 215 292 265 360; x_wconf 66' lang='lat' dir='ltr'>itt</span> <span class='ocrx_word' id='word_1_2' title='bbox 430 302 619 360; x_wconf 80' lang='lat' dir='ltr'>HAYMONIS</span> <span class='ocrx_word' id='word_1_3' title='bbox 639 291 884 365; x_wconf 72' lang='lat' dir='ltr'>manuascae.</span> <span class='ocrx_word' id='word_1_4' title='bbox 906 302 1018 367; x_wconf 80' lang='lat' dir='ltr'>EPlSc.</span> <span class='ocrx_word' id='word_1_5' title='bbox 1040 304 1120 368; x_wconf 83' lang='lat' dir='ltr'><strong>OPP.</strong></span> <span class='ocrx_word' id='word_1_6' title='bbox 1140 256 1232 363; x_wconf 69' lang='lat' dir='ltr'>ealle</span> <span class='ocrx_word' id='word_1_7' title='bbox 1250 300 1273 362; x_wconf 89' lang='lat'>1.</span> <span class='ocrx_word' id='word_1_8' title='bbox 1290 333 1323 349; x_wconf 92' lang='lat'><em>-</em></span> <span class='ocrx_word' id='word_1_9' title='bbox 1343 300 1528 360; x_wconf 76' lang='lat' dir='ltr'><strong>COMMENT.</strong></span> <span class='ocrx_word' id='word_1_10' title='bbox 1550 301 1641 360; x_wconf 82' lang='lat' dir='ltr'><strong>BIBL.</strong></span> <span class='ocrx_word' id='word_1_11' title='bbox 1798 292 1853 358; x_wconf 70' lang='lat'>21⁴2</span> 
     </span>
    </p>
   </div>
   <div class='ocr_carea' id='block_1_2' title="bbox 216 416 1855 680">
    <p class='ocr_par' dir='ltr' id='par_1_2' title="bbox 216 416 1855 680">
     <span class='ocr_line' id='line_1_2' title="bbox 216 416 1853 503; baseline -0.002 -21"><span class='ocrx_word' id='word_1_12' title='bbox 216 428 294 482; x_wconf 87' lang='lat' dir='ltr'>omni</span> <span class='ocrx_word' id='word_1_13' title='bbox 306 432 383 482; x_wconf 86' lang='lat' dir='ltr'>terra</span> <span class='ocrx_word' id='word_1_14' title='bbox 396 426 567 482; x_wconf 84' lang='lat' dir='ltr'>confusionis</span> <span class='ocrx_word' id='word_1_15' title='bbox 580 443 687 495; x_wconf 91' lang='lat' dir='ltr'>eorum,</span> <span class='ocrx_word' id='word_1_16' title='bbox 708 427 738 482; x_wconf 93' lang='lat' dir='ltr'>in</span> <span class='ocrx_word' id='word_1_17' title='bbox 757 434 883 501; x_wconf 88' lang='lat' dir='ltr'>ternpore</span> <span class='ocrx_word' id='word_1_18' title='bbox 899 431 947 486; x_wconf 89' lang='lat' dir='ltr'>illo</span> <span class='ocrx_word' id='word_1_19' title='bbox 959 435 1041 503; x_wconf 69' lang='lat' dir='ltr'>quot</span> <span class='ocrx_word' id='word_1_20' title='bbox 1052 432 1134 486; x_wconf 87' lang='lat' dir='ltr'>ducet</span> <span class='ocrx_word' id='word_1_21' title='bbox 1149 436 1178 484; x_wconf 87' lang='lat' dir='ltr'>et</span> <span class='ocrx_word' id='word_1_22' title='bbox 1187 426 1397 499; x_wconf 87' lang='lat' dir='ltr'>suscipiettilics</span> <span class='ocrx_word' id='word_1_23' title='bbox 1407 425 1527 494; x_wconf 81' lang='lat' dir='ltr'>afflicte,</span> <span class='ocrx_word' id='word_1_24' title='bbox 1538 438 1601 480; x_wconf 89' lang='lat' dir='ltr'>cum</span> <span class='ocrx_word' id='word_1_25' title='bbox 1611 422 1718 480; x_wconf 78' lang='lat' dir='ltr'>tuerint</span> <span class='ocrx_word' id='word_1_26' title='bbox 1726 416 1812 496; x_wconf 80' lang='lat' dir='ltr'>p‘o&#39;siti</span> <span class='ocrx_word' id='word_1_27' title='bbox 1823 423 1853 479; x_wconf 91' lang='lat' dir='ltr'>in</span> 
     </span>
     <span class='ocr_line' id='line_1_3' title="bbox 217 512 1855 593; baseline -0.001 -24"><span class='ocrx_word' id='word_1_28' title='bbox 217 515 355 571; x_wconf 77' lang='lat' dir='ltr'>adducam</span> <span class='ocrx_word' id='word_1_29' title='bbox 369 532 426 581; x_wconf 87' lang='lat' dir='ltr'>vos,</span> <span class='ocrx_word' id='word_1_30' title='bbox 450 522 479 569; x_wconf 88' lang='lat' dir='ltr'>et</span> <span class='ocrx_word' id='word_1_31' title='bbox 495 516 525 571; x_wconf 91' lang='lat' dir='ltr'>in</span> <span class='ocrx_word' id='word_1_32' title='bbox 549 522 675 588; x_wconf 87' lang='lat' dir='ltr'>tempore</span> <span class='ocrx_word' id='word_1_33' title='bbox 695 533 749 588; x_wconf 87' lang='lat' dir='ltr'>quo</span> <span class='ocrx_word' id='word_1_34' title='bbox 768 519 942 589; x_wconf 80' lang='lat' dir='ltr'>congregabo</span> <span class='ocrx_word' id='word_1_35' title='bbox 954 537 1012 574; x_wconf 88' lang='lat' dir='ltr'>vos.</span> <span class='ocrx_word' id='word_1_36' title='bbox 1054 522 1185 593; x_wconf 79' lang='lat' dir='ltr'><strong>gloriam,</strong></span> <span class='ocrx_word' id='word_1_37' title='bbox 1197 526 1226 572; x_wconf 88' lang='lat' dir='ltr'>et</span> <span class='ocrx_word' id='word_1_38' title='bbox 1236 535 1299 572; x_wconf 91' lang='lat' dir='ltr'>cum</span> <span class='ocrx_word' id='word_1_39' title='bbox 1314 517 1348 570; x_wconf 88' lang='lat' dir='ltr'>de</span> <span class='ocrx_word' id='word_1_40' title='bbox 1360 531 1457 570; x_wconf 88' lang='lat' dir='ltr'>eorum</span> <span class='ocrx_word' id='word_1_41' title='bbox 1466 514 1583 569; x_wconf 89' lang='lat' dir='ltr'>victoria</span> <span class='ocrx_word' id='word_1_42' title='bbox 1592 518 1621 569; x_wconf 89' lang='lat' dir='ltr'>et</span> <span class='ocrx_word' id='word_1_43' title='bbox 1628 512 1780 585; x_wconf 85' lang='lat' dir='ltr'>triumphis</span> <span class='ocrx_word' id='word_1_44' title='bbox 1796 512 1855 568; x_wconf 77' lang='lat' dir='ltr'>fua·</span> 
     </span>
     <span class='ocr_line' id='line_1_4' title="bbox 217 600 1855 680; baseline -0.003 -19"><span class='ocrx_word' id='word_1_45' title='bbox 217 602 295 661; x_wconf 84' lang='lat' dir='ltr'><strong>Dabo</strong></span> <span class='ocrx_word' id='word_1_46' title='bbox 310 604 384 659; x_wconf 89' lang='lat' dir='ltr'>enim</span> <span class='ocrx_word' id='word_1_47' title='bbox 401 619 448 660; x_wconf 89' lang='lat' dir='ltr'>vos</span> <span class='ocrx_word' id='word_1_48' title='bbox 460 604 489 659; x_wconf 92' lang='lat' dir='ltr'>in</span> <span class='ocrx_word' id='word_1_49' title='bbox 502 620 605 658; x_wconf 90' lang='lat' dir='ltr'>nomen</span> <span class='ocrx_word' id='word_1_50' title='bbox 617 604 684 658; x_wconf 89' lang='lat' dir='ltr'>etin</span> <span class='ocrx_word' id='word_1_51' title='bbox 694 604 805 660; x_wconf 89' lang='lat' dir='ltr'>laudem</span> <span class='ocrx_word' id='word_1_52' title='bbox 825 606 954 661; x_wconf 89' lang='lat' dir='ltr'>omuibus</span> <span class='ocrx_word' id='word_1_53' title='bbox 964 625 1014 679; x_wconf 92' lang='lat' dir='ltr'>po·</span> <span class='ocrx_word' id='word_1_54' title='bbox 1055 611 1093 663; x_wconf 87' lang='lat' dir='ltr'>rit</span> <span class='ocrx_word' id='word_1_55' title='bbox 1101 609 1238 680; x_wconf 84' lang='lat' dir='ltr'>gloriatus</span> <span class='ocrx_word' id='word_1_56' title='bbox 1254 606 1399 668; x_wconf 84' lang='lat' dir='ltr'><strong>Dominus,</strong></span> <span class='ocrx_word' id='word_1_57' title='bbox 1417 604 1490 658; x_wconf 90' lang='lat' dir='ltr'>sicut</span> <span class='ocrx_word' id='word_1_58' title='bbox 1499 603 1571 657; x_wconf 88' lang='lat' dir='ltr'>etde</span> <span class='ocrx_word' id='word_1_59' title='bbox 1581 600 1719 674; x_wconf 84' lang='lat' dir='ltr'>patientia</span> <span class='ocrx_word' id='word_1_60' title='bbox 1732 601 1786 657; x_wconf 83' lang='lat' dir='ltr'>lob</span> <span class='ocrx_word' id='word_1_61' title='bbox 1796 602 1855 673; x_wconf 68' lang='lat' dir='ltr'>glo</span> 
     </span>
    </p>
   </div>
   <div class='ocr_carea' id='block_1_3' title="bbox 106 688 1853 764">
    <p class='ocr_par' dir='ltr' id='par_1_3' title="bbox 106 688 1853 764">
     <span class='ocr_line' id='line_1_5' title="bbox 106 688 1853 764; baseline -0.002 -15"><span class='ocrx_word' id='word_1_62' title='bbox 106 718 115 725; x_wconf 93' lang='lat'><strong>·</strong></span> <span class='ocrx_word' id='word_1_63' title='bbox 217 690 292 763; x_wconf 82' lang='lat' dir='ltr'>pulis</span> <span class='ocrx_word' id='word_1_64' title='bbox 307 696 398 755; x_wconf 77' lang='lat' dir='ltr'>terra,</span> <span class='ocrx_word' id='word_1_65' title='bbox 419 707 482 746; x_wconf 89' lang='lat' dir='ltr'>cum</span> <span class='ocrx_word' id='word_1_66' title='bbox 503 699 666 746; x_wconf 80' lang='lat' dir='ltr'><strong>convertero</strong></span> <span class='ocrx_word' id='word_1_67' title='bbox 687 694 877 764; x_wconf 86' lang='lat' dir='ltr'>captivitatem</span> <span class='ocrx_word' id='word_1_68' title='bbox 894 702 1014 751; x_wconf 88' lang='lat' dir='ltr'>vestram</span> <span class='ocrx_word' id='word_1_69' title='bbox 1055 688 1853 758; x_wconf 77' lang='lat' dir='ltr'>riabaturcontradiabolumTunovldabuntessefelices,</span> 
     </span>
    </p>
   </div>
   <div class='ocr_carea' id='block_1_4' title="bbox 217 776 1856 1201">
    <p class='ocr_par' dir='ltr' id='par_1_4' title="bbox 217 776 1856 1123">
     <span class='ocr_line' id='line_1_6' title="bbox 218 776 1856 861; baseline 0.001 -29"><span class='ocrx_word' id='word_1_70' title='bbox 218 793 315 837; x_wconf 90' lang='lat' dir='ltr'>coram</span> <span class='ocrx_word' id='word_1_71' title='bbox 330 779 418 836; x_wconf 85' lang='lat' dir='ltr'>oculis</span> <span class='ocrx_word' id='word_1_72' title='bbox 429 778 537 845; x_wconf 85' lang='lat' dir='ltr'>vestris,</span> <span class='ocrx_word' id='word_1_73' title='bbox 554 776 622 835; x_wconf 89' lang='lat' dir='ltr'>dicit</span> <span class='ocrx_word' id='word_1_74' title='bbox 631 780 777 835; x_wconf 89' lang='lat' dir='ltr'>Dominus.</span> <span class='ocrx_word' id='word_1_75' title='bbox 804 805 811 828; x_wconf 89' lang='lat'><em>·</em></span> <span class='ocrx_word' id='word_1_76' title='bbox 831 782 907 846; x_wconf 90' lang='lat' dir='ltr'>Quos</span> <span class='ocrx_word' id='word_1_77' title='bbox 930 792 1016 855; x_wconf 89' lang='lat' dir='ltr'>ponet</span> <span class='ocrx_word' id='word_1_78' title='bbox 1055 803 1126 861; x_wconf 91' lang='lat' dir='ltr'>quos</span> <span class='ocrx_word' id='word_1_79' title='bbox 1144 784 1173 839; x_wconf 91' lang='lat' dir='ltr'>in</span> <span class='ocrx_word' id='word_1_80' title='bbox 1197 783 1328 856; x_wconf 78' lang='lat' dir='ltr'>presenti</span> <span class='ocrx_word' id='word_1_81' title='bbox 1347 780 1485 853; x_wconf 87' lang='lat' dir='ltr'>putabant</span> <span class='ocrx_word' id='word_1_82' title='bbox 1498 778 1625 834; x_wconf 85' lang='lat' dir='ltr'>miseros.</span> <span class='ocrx_word' id='word_1_83' title='bbox 1645 778 1724 834; x_wconf 81' lang='lat' dir='ltr'>Tunc</span> <span class='ocrx_word' id='word_1_84' title='bbox 1739 784 1856 834; x_wconf 90' lang='lat' dir='ltr'>cernent</span> 
     </span>
     <span class='ocr_line' id='line_1_7' title="bbox 217 856 1854 946; baseline -0.001 -21"><span class='ocrx_word' id='word_1_85' title='bbox 217 856 375 925; x_wconf 84' lang='lat' dir='ltr'>inlaudem</span> <span class='ocrx_word' id='word_1_86' title='bbox 389 873 418 923; x_wconf 90' lang='lat' dir='ltr'>et</span> <span class='ocrx_word' id='word_1_87' title='bbox 430 883 543 932; x_wconf 90' lang='lat' dir='ltr'>nomen,</span> <span class='ocrx_word' id='word_1_88' title='bbox 559 868 614 925; x_wconf 89' lang='lat' dir='ltr'>nisi</span> <span class='ocrx_word' id='word_1_89' title='bbox 639 868 710 924; x_wconf 83' lang='lat' dir='ltr'>dhes</span> <span class='ocrx_word' id='word_1_90' title='bbox 734 870 848 940; x_wconf 77' lang='lat' dir='ltr'>abjecte</span> <span class='ocrx_word' id='word_1_91' title='bbox 864 878 893 926; x_wconf 91' lang='lat' dir='ltr'>et</span> <span class='ocrx_word' id='word_1_92' title='bbox 906 871 1014 929; x_wconf 90' lang='lat' dir='ltr'>claudi·</span> <span class='ocrx_word' id='word_1_93' title='bbox 1054 873 1243 946; x_wconf 87' lang='lat' dir='ltr'>captivitatem</span> <span class='ocrx_word' id='word_1_94' title='bbox 1259 886 1357 925; x_wconf 89' lang='lat' dir='ltr'>eorum</span> <span class='ocrx_word' id='word_1_95' title='bbox 1367 868 1462 925; x_wconf 81' lang='lat' dir='ltr'>reduci</span> <span class='ocrx_word' id='word_1_96' title='bbox 1472 869 1501 922; x_wconf 89' lang='lat' dir='ltr'>iu</span> <span class='ocrx_word' id='word_1_97' title='bbox 1517 866 1658 922; x_wconf 80' lang='lat' dir='ltr'>coelestem</span> <span class='ocrx_word' id='word_1_98' title='bbox 1674 866 1854 923; x_wconf 77' lang='lat' dir='ltr'>Hierusalem</span> 
     </span>
     <span class='ocr_line' id='line_1_8' title="bbox 218 946 1854 1033; baseline 0.002 -26"><span class='ocrx_word' id='word_1_99' title='bbox 218 953 309 1014; x_wconf 87' lang='lat' dir='ltr'>cantis</span> <span class='ocrx_word' id='word_1_100' title='bbox 325 973 331 1008; x_wconf 91' lang='lat'>:</span> <span class='ocrx_word' id='word_1_101' title='bbox 345 946 459 1011; x_wconf 88' lang='lat' dir='ltr'>Petmm</span> <span class='ocrx_word' id='word_1_102' title='bbox 476 951 613 1020; x_wconf 88' lang='lat' dir='ltr'>videlieet,</span> <span class='ocrx_word' id='word_1_103' title='bbox 630 957 759 1024; x_wconf 89' lang='lat' dir='ltr'>Paulum,</span> <span class='ocrx_word' id='word_1_104' title='bbox 772 965 800 1013; x_wconf 85' lang='lat' dir='ltr'>et</span> <span class='ocrx_word' id='word_1_105' title='bbox 814 958 936 1031; x_wconf 85' lang='lat' dir='ltr'>reliquos</span> <span class='ocrx_word' id='word_1_106' title='bbox 948 977 1016 1016; x_wconf 88' lang='lat' dir='ltr'>san·</span> <span class='ocrx_word' id='word_1_107' title='bbox 1055 960 1085 1017; x_wconf 93' lang='lat' dir='ltr'>in</span> <span class='ocrx_word' id='word_1_108' title='bbox 1098 961 1217 1033; x_wconf 80' lang='lat' dir='ltr'>gloriam</span> <span class='ocrx_word' id='word_1_109' title='bbox 1233 967 1377 1026; x_wconf 79' lang='lat' dir='ltr'>eternam,</span> <span class='ocrx_word' id='word_1_110' title='bbox 1393 970 1424 1013; x_wconf 88' lang='lat' dir='ltr'>se</span> <span class='ocrx_word' id='word_1_111' title='bbox 1437 958 1533 1013; x_wconf 87' lang='lat' dir='ltr'>autem</span> <span class='ocrx_word' id='word_1_112' title='bbox 1547 955 1739 1027; x_wconf 66' lang='lat' dir='ltr'>resurgerem</span> <span class='ocrx_word' id='word_1_113' title='bbox 1754 954 1854 1011; x_wconf 78' lang='lat' dir='ltr'>couta-</span> 
     </span>
     <span class='ocr_line' id='line_1_9' title="bbox 217 1030 1321 1123; baseline 0.005 -23"><span class='ocrx_word' id='word_1_114' title='bbox 217 1030 286 1121; x_wconf 71' lang='lat' dir='ltr'>c&#39;tos,</span> <span class='ocrx_word' id='word_1_115' title='bbox 299 1034 417 1121; x_wconf 82' lang='lat' dir='ltr'>quorum</span> <span class='ocrx_word' id='word_1_116' title='bbox 427 1044 543 1123; x_wconf 82' lang='lat' dir='ltr'>nomina</span> <span class='ocrx_word' id='word_1_117' title='bbox 559 1061 622 1101; x_wconf 90' lang='lat' dir='ltr'>curn</span> <span class='ocrx_word' id='word_1_118' title='bbox 636 1045 727 1117; x_wconf 78' lang='lat' dir='ltr'>gloria</span> <span class='ocrx_word' id='word_1_119' title='bbox 741 1047 1015 1122; x_wconf 76' lang='lat' dir='ltr'>magnificanturper</span> <span class='ocrx_word' id='word_1_120' title='bbox 1055 1051 1162 1107; x_wconf 86' lang='lat' dir='ltr'>sionem</span> <span class='ocrx_word' id='word_1_121' title='bbox 1177 1055 1321 1105; x_wconf 75' lang='lat' dir='ltr'>aeternam.</span> 
     </span>
    </p>

    <p class='ocr_par' dir='ltr' id='par_1_5' title="bbox 217 1126 1016 1201">
     <span class='ocr_line' id='line_1_10' title="bbox 217 1126 1016 1201; baseline 0.009 -14"><span class='ocrx_word' id='word_1_122' title='bbox 217 1129 349 1187; x_wconf 82' lang='lat' dir='ltr'>ecclesias</span> <span class='ocrx_word' id='word_1_123' title='bbox 365 1135 425 1188; x_wconf 80' lang='lat' dir='ltr'>tote</span> <span class='ocrx_word' id='word_1_124' title='bbox 436 1130 503 1187; x_wconf 89' lang='lat' dir='ltr'>orbe</span> <span class='ocrx_word' id='word_1_125' title='bbox 512 1126 636 1188; x_wconf 64' lang='lat' dir='ltr'>diffusas·</span> <span class='ocrx_word' id='word_1_126' title='bbox 646 1134 705 1188; x_wconf 92' lang='lat' dir='ltr'>Hoc</span> <span class='ocrx_word' id='word_1_127' title='bbox 714 1139 809 1191; x_wconf 85' lang='lat' dir='ltr'>autem</span> <span class='ocrx_word' id='word_1_128' title='bbox 820 1135 878 1201; x_wconf 85' lang='lat' dir='ltr'>det,</span> <span class='ocrx_word' id='word_1_129' title='bbox 890 1153 954 1192; x_wconf 91' lang='lat' dir='ltr'>cum</span> <span class='ocrx_word' id='word_1_130' title='bbox 967 1133 1016 1193; x_wconf 86' lang='lat' dir='ltr'>ad·</span> 
     </span>
    </p>
   </div>
   <div class='ocr_carea' id='block_1_5' title="bbox 683 1343 1388 1425">
    <p class='ocr_par' dir='ltr' id='par_1_6' title="bbox 683 1343 1388 1425">
     <span class='ocr_line' id='line_1_11' title="bbox 683 1343 1388 1425; baseline 0.006 -6"><span class='ocrx_word' id='word_1_131' title='bbox 683 1343 742 1418; x_wconf 85' lang='lat' dir='ltr'>IN</span> <span class='ocrx_word' id='word_1_132' title='bbox 767 1345 1016 1422; x_wconf 81' lang='lat' dir='ltr'>AGGAEUM</span> <span class='ocrx_word' id='word_1_133' title='bbox 1043 1346 1388 1425; x_wconf 83' lang='lat' dir='ltr'><strong>PROPHETAM.</strong></span> 
     </span>
    </p>
   </div>
   <div class='ocr_carea' id='block_1_6' title="bbox 215 1580 1856 2809">
    <p class='ocr_par' dir='ltr' id='par_1_7' title="bbox 215 1580 1856 2809">
     <span class='ocr_line' id='line_1_12' title="bbox 251 1580 1841 1666; baseline 0.006 -28"><span class='ocrx_word' id='word_1_134' title='bbox 251 1580 374 1656; x_wconf 73' lang='lat' dir='ltr'>dggoeus</span> <span class='ocrx_word' id='word_1_135' title='bbox 388 1585 533 1655; x_wconf 89' lang='lat' dir='ltr'>propheta,</span> <span class='ocrx_word' id='word_1_136' title='bbox 548 1586 663 1643; x_wconf 84' lang='lat' dir='ltr'>festivus</span> <span class='ocrx_word' id='word_1_137' title='bbox 675 1590 715 1645; x_wconf 83' lang='lat' dir='ltr'>rel</span> <span class='ocrx_word' id='word_1_138' title='bbox 731 1591 864 1646; x_wconf 86' lang='lat' dir='ltr'>solemnis</span> <span class='ocrx_word' id='word_1_139' title='bbox 877 1592 1014 1666; x_wconf 86' lang='lat' dir='ltr'>interpre·</span> <span class='ocrx_word' id='word_1_140' title='bbox 1054 1592 1337 1649; x_wconf 78' lang='lat' dir='ltr'>sedechsaeerdotam</span> <span class='ocrx_word' id='word_1_141' title='bbox 1347 1608 1490 1663; x_wconf 80' lang='lat' dir='ltr'>magnum,</span> <span class='ocrx_word' id='word_1_142' title='bbox 1502 1588 1630 1647; x_wconf 73' lang='lat' dir='ltr'>dicens»</span> <span class='ocrx_word' id='word_1_143' title='bbox 1643 1589 1780 1646; x_wconf 85' lang='lat' dir='ltr'>Salathiel</span> <span class='ocrx_word' id='word_1_144' title='bbox 1789 1591 1841 1649; x_wconf 79' lang='lat' dir='ltr'>iste</span> 
     </span>
     <span class='ocr_line' id='line_1_13' title="bbox 216 1662 1854 1752; baseline 0.005 -26"><span class='ocrx_word' id='word_1_145' title='bbox 216 1662 304 1737; x_wconf 75' lang='lat' dir='ltr'>tatur,</span> <span class='ocrx_word' id='word_1_146' title='bbox 314 1671 531 1729; x_wconf 79' lang='lat' dir='ltr'>vaticinatusest</span> <span class='ocrx_word' id='word_1_147' title='bbox 540 1678 773 1735; x_wconf 79' lang='lat' dir='ltr'>restaurationem</span> <span class='ocrx_word' id='word_1_148' title='bbox 787 1681 883 1751; x_wconf 90' lang='lat' dir='ltr'>tempii</span> <span class='ocrx_word' id='word_1_149' title='bbox 894 1675 1047 1746; x_wconf 87' lang='lat' dir='ltr'>Domini,B</span> <span class='ocrx_word' id='word_1_150' title='bbox 1060 1683 1140 1752; x_wconf 85' lang='lat' dir='ltr'>cujus</span> <span class='ocrx_word' id='word_1_151' title='bbox 1153 1663 1227 1737; x_wconf 79' lang='lat' dir='ltr'>filius</span> <span class='ocrx_word' id='word_1_152' title='bbox 1242 1680 1598 1744; x_wconf 86' lang='lat' dir='ltr'>dicituriuisseZorcbabel,</span> <span class='ocrx_word' id='word_1_153' title='bbox 1609 1679 1683 1735; x_wconf 84' lang='lat' dir='ltr'>iilius</span> <span class='ocrx_word' id='word_1_154' title='bbox 1694 1674 1750 1737; x_wconf 78' lang='lat' dir='ltr'>foti</span> <span class='ocrx_word' id='word_1_155' title='bbox 1759 1680 1854 1737; x_wconf 72' lang='lat' dir='ltr'>lehc</span> 
     </span>
     <span class='ocr_line' id='line_1_14' title="bbox 217 1759 1854 1843; baseline 0.009 -31"><span class='ocrx_word' id='word_1_156' title='bbox 217 1760 247 1813; x_wconf 88' lang='lat' dir='ltr'>et</span> <span class='ocrx_word' id='word_1_157' title='bbox 261 1759 457 1817; x_wconf 76' lang='lat' dir='ltr'>contritionem</span> <span class='ocrx_word' id='word_1_158' title='bbox 476 1763 614 1831; x_wconf 83' lang='lat' dir='ltr'>gentium,</span> <span class='ocrx_word' id='word_1_159' title='bbox 631 1772 660 1820; x_wconf 90' lang='lat' dir='ltr'>et</span> <span class='ocrx_word' id='word_1_160' title='bbox 675 1768 772 1822; x_wconf 93' lang='lat' dir='ltr'>mundi</span> <span class='ocrx_word' id='word_1_161' title='bbox 787 1770 1013 1836; x_wconf 85' lang='lat' dir='ltr'>commotionem,</span> <span class='ocrx_word' id='word_1_162' title='bbox 1056 1770 1110 1825; x_wconf 79' lang='lat' dir='ltr'>niae</span> <span class='ocrx_word' id='word_1_163' title='bbox 1126 1771 1211 1841; x_wconf 81' lang='lat' dir='ltr'>regis,</span> <span class='ocrx_word' id='word_1_164' title='bbox 1224 1771 1270 1840; x_wconf 91' lang='lat' dir='ltr'>qui</span> <span class='ocrx_word' id='word_1_165' title='bbox 1281 1768 1488 1840; x_wconf 83' lang='lat' dir='ltr'>inBabyloncm</span> <span class='ocrx_word' id='word_1_166' title='bbox 1504 1769 1604 1823; x_wconf 89' lang='lat' dir='ltr'>ductus</span> <span class='ocrx_word' id='word_1_167' title='bbox 1614 1760 1666 1824; x_wconf 79' lang='lat' dir='ltr'>est.</span> <span class='ocrx_word' id='word_1_168' title='bbox 1681 1760 1854 1843; x_wconf 67' lang='lat' dir='ltr'>interpreta-</span> 
     </span>
     <span class='ocr_line' id='line_1_15' title="bbox 216 1843 1853 1931; baseline 0.01 -35"><span class='ocrx_word' id='word_1_169' title='bbox 216 1848 246 1896; x_wconf 89' lang='lat' dir='ltr'>et</span> <span class='ocrx_word' id='word_1_170' title='bbox 259 1843 311 1897; x_wconf 90' lang='lat' dir='ltr'>sub</span> <span class='ocrx_word' id='word_1_171' title='bbox 324 1846 415 1915; x_wconf 82' lang='lat' dir='ltr'>figura</span> <span class='ocrx_word' id='word_1_172' title='bbox 427 1848 587 1918; x_wconf 75' lang='lat' dir='ltr'>zorobabel,</span> <span class='ocrx_word' id='word_1_173' title='bbox 596 1851 698 1906; x_wconf 82' lang='lat' dir='ltr'>Christi</span> <span class='ocrx_word' id='word_1_174' title='bbox 718 1856 843 1924; x_wconf 72' lang='lat' dir='ltr'>praedicit</span> <span class='ocrx_word' id='word_1_175' title='bbox 853 1857 1013 1913; x_wconf 65' lang='lat' dir='ltr'>adventum,</span> <span class='ocrx_word' id='word_1_176' title='bbox 1055 1864 1103 1913; x_wconf 89' lang='lat' dir='ltr'>tur</span> <span class='ocrx_word' id='word_1_177' title='bbox 1112 1866 1207 1913; x_wconf 87' lang='lat' dir='ltr'>autern</span> <span class='ocrx_word' id='word_1_178' title='bbox 1218 1857 1468 1913; x_wconf 84' lang='lat' dir='ltr'>Zorobabelssunus</span> <span class='ocrx_word' id='word_1_179' title='bbox 1477 1857 1618 1928; x_wconf 87' lang='lat' dir='ltr'>adjacens,</span> <span class='ocrx_word' id='word_1_180' title='bbox 1630 1857 1688 1915; x_wconf 83' lang='lat' dir='ltr'>sive</span> <span class='ocrx_word' id='word_1_181' title='bbox 1702 1858 1853 1931; x_wconf 81' lang='lat' dir='ltr'>expositus,</span> 
     </span>
     <span class='ocr_line' id='line_1_16' title="bbox 216 1929 1852 2018; baseline 0.006 -29"><span class='ocrx_word' id='word_1_182' title='bbox 216 1929 282 1989; x_wconf 76' lang='lat' dir='ltr'>Fuit</span> <span class='ocrx_word' id='word_1_183' title='bbox 296 1939 390 1989; x_wconf 88' lang='lat' dir='ltr'>autem</span> <span class='ocrx_word' id='word_1_184' title='bbox 407 1950 522 1994; x_wconf 87' lang='lat' dir='ltr'>uuuscx</span> <span class='ocrx_word' id='word_1_185' title='bbox 536 1937 592 1992; x_wconf 89' lang='lat' dir='ltr'>illis</span> <span class='ocrx_word' id='word_1_186' title='bbox 606 1940 655 2009; x_wconf 93' lang='lat' dir='ltr'>qui</span> <span class='ocrx_word' id='word_1_187' title='bbox 668 1957 757 2013; x_wconf 87' lang='lat' dir='ltr'>nuper</span> <span class='ocrx_word' id='word_1_188' title='bbox 778 1945 883 1999; x_wconf 86' lang='lat' dir='ltr'>reversi</span> <span class='ocrx_word' id='word_1_189' title='bbox 903 1946 1016 2002; x_wconf 80' lang='lat' dir='ltr'>fuerant</span> <span class='ocrx_word' id='word_1_190' title='bbox 1055 1947 1096 2001; x_wconf 89' lang='lat' dir='ltr'>vel</span> <span class='ocrx_word' id='word_1_191' title='bbox 1109 1954 1187 2001; x_wconf 88' lang='lat' dir='ltr'>ortus</span> <span class='ocrx_word' id='word_1_192' title='bbox 1210 1947 1238 2001; x_wconf 91' lang='lat' dir='ltr'>in</span> <span class='ocrx_word' id='word_1_193' title='bbox 1260 1946 1411 2017; x_wconf 84' lang='lat' dir='ltr'>Babylone,</span> <span class='ocrx_word' id='word_1_194' title='bbox 1436 1963 1492 2000; x_wconf 77' lang='lat' dir='ltr'>sive</span> <span class='ocrx_word' id='word_1_195' title='bbox 1515 1948 1644 2017; x_wconf 86' lang='lat' dir='ltr'>princepe</span> <span class='ocrx_word' id='word_1_196' title='bbox 1658 1945 1686 2000; x_wconf 91' lang='lat' dir='ltr'>in</span> <span class='ocrx_word' id='word_1_197' title='bbox 1702 1944 1852 2018; x_wconf 87' lang='lat' dir='ltr'>Babylone.</span> 
     </span>
     <span class='ocr_line' id='line_1_17' title="bbox 216 2018 1852 2105; baseline 0.006 -29"><span class='ocrx_word' id='word_1_198' title='bbox 216 2018 252 2076; x_wconf 86' lang='lat' dir='ltr'>dc</span> <span class='ocrx_word' id='word_1_199' title='bbox 266 2021 428 2091; x_wconf 81' lang='lat' dir='ltr'>captivitate</span> <span class='ocrx_word' id='word_1_200' title='bbox 450 2024 600 2096; x_wconf 87' lang='lat' dir='ltr'>Babylonis</span> <span class='ocrx_word' id='word_1_201' title='bbox 613 2028 666 2082; x_wconf 92' lang='lat' dir='ltr'>sub</span> <span class='ocrx_word' id='word_1_202' title='bbox 680 2030 831 2086; x_wconf 88' lang='lat' dir='ltr'>Zorobabel</span> <span class='ocrx_word' id='word_1_203' title='bbox 846 2039 875 2087; x_wconf 87' lang='lat' dir='ltr'>et</span> <span class='ocrx_word' id='word_1_204' title='bbox 888 2034 954 2088; x_wconf 90' lang='lat' dir='ltr'>Jesu</span> <span class='ocrx_word' id='word_1_205' title='bbox 968 2051 1014 2090; x_wconf 92' lang='lat' dir='ltr'>sa·</span> <span class='ocrx_word' id='word_1_206' title='bbox 1059 2035 1204 2104; x_wconf 74' lang='lat' dir='ltr'>Significat</span> <span class='ocrx_word' id='word_1_207' title='bbox 1219 2035 1361 2089; x_wconf 82' lang='lat' dir='ltr'>Christum</span> <span class='ocrx_word' id='word_1_208' title='bbox 1377 2035 1482 2097; x_wconf 86' lang='lat' dir='ltr'>lesum,</span> <span class='ocrx_word' id='word_1_209' title='bbox 1495 2033 1543 2104; x_wconf 91' lang='lat' dir='ltr'>qui</span> <span class='ocrx_word' id='word_1_210' title='bbox 1557 2032 1705 2087; x_wconf 74' lang='lat' dir='ltr'>aedificavit</span> <span class='ocrx_word' id='word_1_211' title='bbox 1716 2031 1852 2105; x_wconf 88' lang='lat' dir='ltr'>templum</span> 
     </span>
     <span class='ocr_line' id='line_1_18' title="bbox 215 2109 1854 2193; baseline 0.004 -26"><span class='ocrx_word' id='word_1_212' title='bbox 215 2109 329 2167; x_wconf 74' lang='lat' dir='ltr'>cerdon</span> <span class='ocrx_word' id='word_1_213' title='bbox 346 2115 375 2164; x_wconf 87' lang='lat' dir='ltr'>et</span> <span class='ocrx_word' id='word_1_214' title='bbox 394 2111 492 2178; x_wconf 86' lang='lat' dir='ltr'>Esdra,</span> <span class='ocrx_word' id='word_1_215' title='bbox 517 2115 642 2169; x_wconf 90' lang='lat' dir='ltr'>nondum</span> <span class='ocrx_word' id='word_1_216' title='bbox 656 2118 827 2175; x_wconf 84' lang='lat' dir='ltr'>reaedilicata</span> <span class='ocrx_word' id='word_1_217' title='bbox 841 2121 1015 2177; x_wconf 79' lang='lat' dir='ltr'>Hierusalem</span> <span class='ocrx_word' id='word_1_218' title='bbox 1057 2122 1115 2177; x_wconf 91' lang='lat' dir='ltr'>Deo</span> <span class='ocrx_word' id='word_1_219' title='bbox 1140 2120 1228 2182; x_wconf 89' lang='lat' dir='ltr'>Patri,</span> <span class='ocrx_word' id='word_1_220' title='bbox 1246 2121 1280 2174; x_wconf 89' lang='lat' dir='ltr'>de</span> <span class='ocrx_word' id='word_1_221' title='bbox 1298 2122 1366 2176; x_wconf 86' lang='lat' dir='ltr'>vivis</span> <span class='ocrx_word' id='word_1_222' title='bbox 1393 2120 1543 2191; x_wconf 79' lang='lat' dir='ltr'>lapidibus,</span> <span class='ocrx_word' id='word_1_223' title='bbox 1567 2121 1620 2174; x_wconf 91' lang='lat' dir='ltr'>hoc</span> <span class='ocrx_word' id='word_1_224' title='bbox 1640 2126 1683 2174; x_wconf 90' lang='lat' dir='ltr'>est</span> <span class='ocrx_word' id='word_1_225' title='bbox 1708 2118 1854 2193; x_wconf 86' lang='lat' dir='ltr'>utriusque</span> 
     </span>
     <span class='ocr_line' id='line_1_19' title="bbox 216 2197 1855 2278; baseline 0.005 -25"><span class='ocrx_word' id='word_1_226' title='bbox 216 2210 269 2253; x_wconf 79' lang='lat' dir='ltr'>nec</span> <span class='ocrx_word' id='word_1_227' title='bbox 280 2197 385 2268; x_wconf 77' lang='lat' dir='ltr'>templo</span> <span class='ocrx_word' id='word_1_228' title='bbox 409 2198 530 2256; x_wconf 90' lang='lat' dir='ltr'>Domini.</span> <span class='ocrx_word' id='word_1_229' title='bbox 551 2202 703 2259; x_wconf 87' lang='lat' dir='ltr'>Habitabat</span> <span class='ocrx_word' id='word_1_230' title='bbox 724 2210 820 2261; x_wconf 87' lang='lat' dir='ltr'>autem</span> <span class='ocrx_word' id='word_1_231' title='bbox 843 2211 963 2278; x_wconf 83' lang='lat' dir='ltr'>populus</span> <span class='ocrx_word' id='word_1_232' title='bbox 987 2210 1017 2265; x_wconf 90' lang='lat' dir='ltr'>in</span> <span class='ocrx_word' id='word_1_233' title='bbox 1057 2208 1220 2263; x_wconf 82' lang='lat' dir='ltr'>testamenti</span> <span class='ocrx_word' id='word_1_234' title='bbox 1239 2206 1378 2262; x_wconf 81' lang='lat' dir='ltr'>fidelihus.</span> <span class='ocrx_word' id='word_1_235' title='bbox 1396 2207 1458 2277; x_wconf 87' lang='lat' dir='ltr'>lpse</span> <span class='ocrx_word' id='word_1_236' title='bbox 1478 2207 1558 2278; x_wconf 89' lang='lat' dir='ltr'>quasi</span> <span class='ocrx_word' id='word_1_237' title='bbox 1578 2204 1743 2277; x_wconf 73' lang='lat' dir='ltr'>largissima</span> <span class='ocrx_word' id='word_1_238' title='bbox 1763 2206 1855 2261; x_wconf 76' lang='lat' dir='ltr'>dorus</span> 
     </span>
     <span class='ocr_line' id='line_1_20' title="bbox 216 2282 1855 2367; baseline 0.006 -28"><span class='ocrx_word' id='word_1_239' title='bbox 216 2282 347 2343; x_wconf 79' lang='lat' dir='ltr'>domibus</span> <span class='ocrx_word' id='word_1_240' title='bbox 359 2288 487 2343; x_wconf 78' lang='lat' dir='ltr'>concavis</span> <span class='ocrx_word' id='word_1_241' title='bbox 499 2293 528 2343; x_wconf 89' lang='lat' dir='ltr'>et</span> <span class='ocrx_word' id='word_1_242' title='bbox 542 2289 704 2358; x_wconf 83' lang='lat' dir='ltr'>humilibus,</span> <span class='ocrx_word' id='word_1_243' title='bbox 728 2301 899 2365; x_wconf 88' lang='lat' dir='ltr'>quapropter</span> <span class='ocrx_word' id='word_1_244' title='bbox 913 2297 948 2351; x_wconf 90' lang='lat' dir='ltr'>ad</span> <span class='ocrx_word' id='word_1_245' title='bbox 969 2314 1017 2352; x_wconf 92' lang='lat' dir='ltr'>eos</span> <span class='ocrx_word' id='word_1_246' title='bbox 1057 2312 1133 2349; x_wconf 84' lang='lat' dir='ltr'>venae</span> <span class='ocrx_word' id='word_1_247' title='bbox 1148 2294 1290 2367; x_wconf 89' lang='lat' dir='ltr'>expositus</span> <span class='ocrx_word' id='word_1_248' title='bbox 1305 2301 1347 2350; x_wconf 90' lang='lat' dir='ltr'>est</span> <span class='ocrx_word' id='word_1_249' title='bbox 1357 2292 1438 2349; x_wconf 80' lang='lat' dir='ltr'>nobis</span> <span class='ocrx_word' id='word_1_250' title='bbox 1448 2295 1483 2346; x_wconf 87' lang='lat' dir='ltr'>ad</span> <span class='ocrx_word' id='word_1_251' title='bbox 1495 2293 1655 2349; x_wconf 89' lang='lat' dir='ltr'>bibendum.</span> <span class='ocrx_word' id='word_1_252' title='bbox 1668 2294 1721 2348; x_wconf 83' lang='lat' dir='ltr'>Sed</span> <span class='ocrx_word' id='word_1_253' title='bbox 1733 2300 1770 2349; x_wconf 76' lang='lat' dir='ltr'>ut</span> <span class='ocrx_word' id='word_1_254' title='bbox 1781 2295 1855 2349; x_wconf 90' lang='lat' dir='ltr'>hunc</span> 
     </span>
     <span class='ocr_line' id='line_1_21' title="bbox 216 2373 1856 2453; baseline 0.004 -24"><span class='ocrx_word' id='word_1_255' title='bbox 216 2387 273 2429; x_wconf 82' lang='lat' dir='ltr'>uon</span> <span class='ocrx_word' id='word_1_256' title='bbox 288 2373 321 2428; x_wconf 84' lang='lat' dir='ltr'>sn</span> <span class='ocrx_word' id='word_1_257' title='bbox 334 2390 427 2429; x_wconf 82' lang='lat' dir='ltr'>sermo</span> <span class='ocrx_word' id='word_1_258' title='bbox 436 2375 556 2431; x_wconf 80' lang='lat' dir='ltr'>Domini·</span> <span class='ocrx_word' id='word_1_259' title='bbox 572 2379 682 2448; x_wconf 85' lang='lat' dir='ltr'>Indigni</span> <span class='ocrx_word' id='word_1_260' title='bbox 696 2382 770 2435; x_wconf 90' lang='lat' dir='ltr'>enim</span> <span class='ocrx_word' id='word_1_261' title='bbox 787 2388 867 2436; x_wconf 87' lang='lat' dir='ltr'>erant</span> <span class='ocrx_word' id='word_1_262' title='bbox 879 2389 911 2437; x_wconf 89' lang='lat' dir='ltr'>ut</span> <span class='ocrx_word' id='word_1_263' title='bbox 922 2385 957 2437; x_wconf 87' lang='lat' dir='ltr'>ad</span> <span class='ocrx_word' id='word_1_264' title='bbox 967 2401 1015 2440; x_wconf 88' lang='lat' dir='ltr'>eos</span> <span class='ocrx_word' id='word_1_265' title='bbox 1056 2383 1196 2453; x_wconf 89' lang='lat' dir='ltr'>possimus</span> <span class='ocrx_word' id='word_1_266' title='bbox 1204 2380 1309 2449; x_wconf 90' lang='lat' dir='ltr'>bibere,</span> <span class='ocrx_word' id='word_1_267' title='bbox 1321 2399 1338 2435; x_wconf 91' lang='lat' dir='ltr'>a</span> <span class='ocrx_word' id='word_1_268' title='bbox 1348 2382 1405 2436; x_wconf 89' lang='lat' dir='ltr'>Deo</span> <span class='ocrx_word' id='word_1_269' title='bbox 1416 2379 1551 2435; x_wconf 82' lang='lat' dir='ltr'>dehemus</span> <span class='ocrx_word' id='word_1_270' title='bbox 1562 2385 1666 2452; x_wconf 88' lang='lat' dir='ltr'>petere,</span> <span class='ocrx_word' id='word_1_271' title='bbox 1674 2374 1749 2453; x_wconf 89' lang='lat' dir='ltr'>quod</span> <span class='ocrx_word' id='word_1_272' title='bbox 1763 2378 1856 2437; x_wconf 90' lang='lat' dir='ltr'>innuit</span> 
     </span>
     <span class='ocr_line' id='line_1_22' title="bbox 216 2460 1853 2542; baseline 0.002 -23"><span class='ocrx_word' id='word_1_273' title='bbox 216 2460 306 2523; x_wconf 77' lang='lat' dir='ltr'>tieret,</span> <span class='ocrx_word' id='word_1_274' title='bbox 324 2463 372 2533; x_wconf 88' lang='lat' dir='ltr'>qui</span> <span class='ocrx_word' id='word_1_275' title='bbox 392 2464 498 2518; x_wconf 90' lang='lat' dir='ltr'>nullam</span> <span class='ocrx_word' id='word_1_276' title='bbox 514 2464 655 2521; x_wconf 85' lang='lat' dir='ltr'>habebant</span> <span class='ocrx_word' id='word_1_277' title='bbox 668 2484 765 2523; x_wconf 91' lang='lat' dir='ltr'>curam</span> <span class='ocrx_word' id='word_1_278' title='bbox 784 2471 883 2540; x_wconf 89' lang='lat' dir='ltr'>templi</span> <span class='ocrx_word' id='word_1_279' title='bbox 900 2472 1016 2529; x_wconf 81' lang='lat' dir='ltr'>rcmdiii-</span> <span class='ocrx_word' id='word_1_280' title='bbox 1057 2470 1192 2525; x_wconf 89' lang='lat' dir='ltr'>Salathiel</span> <span class='ocrx_word' id='word_1_281' title='bbox 1208 2476 1289 2542; x_wconf 86' lang='lat' dir='ltr'>pater</span> <span class='ocrx_word' id='word_1_282' title='bbox 1302 2471 1374 2540; x_wconf 86' lang='lat' dir='ltr'>ejus,</span> <span class='ocrx_word' id='word_1_283' title='bbox 1390 2469 1438 2542; x_wconf 88' lang='lat' dir='ltr'>qui</span> <span class='ocrx_word' id='word_1_284' title='bbox 1460 2468 1665 2541; x_wconf 85' lang='lat' dir='ltr'>interpretetur</span> <span class='ocrx_word' id='word_1_285' title='bbox 1679 2466 1779 2541; x_wconf 87' lang='lat' dir='ltr'>petitio</span> <span class='ocrx_word' id='word_1_286' title='bbox 1794 2470 1853 2525; x_wconf 90' lang='lat' dir='ltr'>Dei.</span> 
     </span>
     <span class='ocr_line' id='line_1_23' title="bbox 217 2549 1855 2629; baseline 0.004 -24"><span class='ocrx_word' id='word_1_287' title='bbox 217 2549 310 2613; x_wconf 88' lang='lat' dir='ltr'>candi,</span> <span class='ocrx_word' id='word_1_288' title='bbox 325 2550 426 2606; x_wconf 91' lang='lat' dir='ltr'>humili</span> <span class='ocrx_word' id='word_1_289' title='bbox 440 2558 469 2607; x_wconf 91' lang='lat' dir='ltr'>et</span> <span class='ocrx_word' id='word_1_290' title='bbox 482 2555 632 2624; x_wconf 82' lang='lat' dir='ltr'>campestri</span> <span class='ocrx_word' id='word_1_291' title='bbox 651 2555 826 2613; x_wconf 87' lang='lat' dir='ltr'>habitatione</span> <span class='ocrx_word' id='word_1_292' title='bbox 838 2562 971 2627; x_wconf 89' lang='lat' dir='ltr'>contenti,</span> <span class='ocrx_word' id='word_1_293' title='bbox 988 2568 1016 2616; x_wconf 88' lang='lat' dir='ltr'>et</span> <span class='ocrx_word' id='word_1_294' title='bbox 1057 2559 1108 2613; x_wconf 89' lang='lat' dir='ltr'>llio</span> <span class='ocrx_word' id='word_1_295' title='bbox 1122 2565 1206 2613; x_wconf 89' lang='lat' dir='ltr'>natus</span> <span class='ocrx_word' id='word_1_296' title='bbox 1220 2565 1264 2613; x_wconf 89' lang='lat' dir='ltr'>est</span> <span class='ocrx_word' id='word_1_297' title='bbox 1278 2559 1308 2612; x_wconf 92' lang='lat' dir='ltr'>in</span> <span class='ocrx_word' id='word_1_298' title='bbox 1321 2556 1471 2629; x_wconf 85' lang='lat' dir='ltr'>Babylone,</span> <span class='ocrx_word' id='word_1_299' title='bbox 1482 2557 1646 2612; x_wconf 88' lang='lat' dir='ltr'>etChristus</span> <span class='ocrx_word' id='word_1_300' title='bbox 1658 2554 1707 2613; x_wconf 87' lang='lat' dir='ltr'>Dei</span> <span class='ocrx_word' id='word_1_301' title='bbox 1722 2554 1810 2612; x_wconf 83' lang='lat' dir='ltr'>Filius</span> <span class='ocrx_word' id='word_1_302' title='bbox 1825 2557 1855 2612; x_wconf 89' lang='lat' dir='ltr'>in</span> 
     </span>
     <span class='ocr_line' id='line_1_24' title="bbox 217 2639 1855 2721; baseline 0.004 -27"><span class='ocrx_word' id='word_1_303' title='bbox 217 2644 300 2695; x_wconf 85' lang='lat' dir='ltr'>eraut</span> <span class='ocrx_word' id='word_1_304' title='bbox 319 2639 372 2694; x_wconf 89' lang='lat' dir='ltr'>sub</span> <span class='ocrx_word' id='word_1_305' title='bbox 386 2641 470 2696; x_wconf 89' lang='lat' dir='ltr'>Dario</span> <span class='ocrx_word' id='word_1_306' title='bbox 490 2643 639 2701; x_wconf 86' lang='lat' dir='ltr'>Persarum</span> <span class='ocrx_word' id='word_1_307' title='bbox 661 2663 736 2717; x_wconf 81' lang='lat' dir='ltr'>rege,</span> <span class='ocrx_word' id='word_1_308' title='bbox 750 2649 799 2718; x_wconf 91' lang='lat' dir='ltr'>qui</span> <span class='ocrx_word' id='word_1_309' title='bbox 814 2649 1016 2721; x_wconf 89' lang='lat' dir='ltr'>interpretatur</span> <span class='ocrx_word' id='word_1_310' title='bbox 1056 2647 1217 2701; x_wconf 81' lang='lat' dir='ltr'>confusione</span> <span class='ocrx_word' id='word_1_311' title='bbox 1231 2646 1315 2717; x_wconf 86' lang='lat' dir='ltr'>hujus</span> <span class='ocrx_word' id='word_1_312' title='bbox 1332 2646 1428 2702; x_wconf 91' lang='lat' dir='ltr'>mundi</span> <span class='ocrx_word' id='word_1_313' title='bbox 1439 2642 1747 2716; x_wconf 89' lang='lat' dir='ltr'>incarnatusapparuit,</span> <span class='ocrx_word' id='word_1_314' title='bbox 1763 2651 1855 2700; x_wconf 89' lang='lat' dir='ltr'>utnos</span> 
     </span>
     <span class='ocr_line' id='line_1_25' title="bbox 217 2728 1855 2809; baseline 0.007 -28"><span class='ocrx_word' id='word_1_315' title='bbox 217 2728 363 2798; x_wconf 73' lang='lat' dir='ltr'>generatio</span> <span class='ocrx_word' id='word_1_316' title='bbox 378 2745 434 2786; x_wconf 91' lang='lat' dir='ltr'>non</span> <span class='ocrx_word' id='word_1_317' title='bbox 453 2729 609 2798; x_wconf 70' lang='lat' dir='ltr'>laetamine.</span> <span class='ocrx_word' id='word_1_318' title='bbox 620 2734 668 2804; x_wconf 90' lang='lat' dir='ltr'>qui</span> <span class='ocrx_word' id='word_1_319' title='bbox 681 2735 795 2800; x_wconf 84' lang='lat' dir='ltr'>suerint,</span> <span class='ocrx_word' id='word_1_320' title='bbox 807 2753 855 2793; x_wconf 90' lang='lat' dir='ltr'>ecs</span> <span class='ocrx_word' id='word_1_321' title='bbox 866 2739 1016 2809; x_wconf 82' lang='lat' dir='ltr'>designans</span> <span class='ocrx_word' id='word_1_322' title='bbox 1057 2734 1104 2809; x_wconf 90' lang='lat' dir='ltr'>qui</span> <span class='ocrx_word' id='word_1_323' title='bbox 1119 2735 1148 2789; x_wconf 86' lang='lat' dir='ltr'>ie</span> <span class='ocrx_word' id='word_1_324' title='bbox 1162 2735 1324 2805; x_wconf 86' lang='lat' dir='ltr'>captivitate</span> <span class='ocrx_word' id='word_1_325' title='bbox 1334 2732 1440 2807; x_wconf 89' lang='lat' dir='ltr'>peccati</span> <span class='ocrx_word' id='word_1_326' title='bbox 1452 2733 1621 2791; x_wconf 85' lang='lat' dir='ltr'>tenebamur</span> <span class='ocrx_word' id='word_1_327' title='bbox 1629 2733 1761 2805; x_wconf 88' lang='lat' dir='ltr'>eriperet,</span> <span class='ocrx_word' id='word_1_328' title='bbox 1777 2734 1806 2788; x_wconf 84' lang='lat' dir='ltr'>et</span> <span class='ocrx_word' id='word_1_329' title='bbox 1818 2734 1855 2792; x_wconf 79' lang='lat' dir='ltr'>ad</span> 
     </span>
    </p>
   </div>
   <div class='ocr_carea' id='block_1_7' title="bbox 216 2900 1858 3097">
    <p class='ocr_par' dir='ltr' id='par_1_8' title="bbox 216 2900 1858 3097">
     <span class='ocr_line' id='line_1_26' title="bbox 216 2900 1858 2988; baseline 0.004 -30"><span class='ocrx_word' id='word_1_330' title='bbox 216 2919 283 2975; x_wconf 71' lang='lat' dir='ltr'>gem</span> <span class='ocrx_word' id='word_1_331' title='bbox 307 2903 467 2963; x_wconf 82' lang='lat' dir='ltr'>merebatur</span> <span class='ocrx_word' id='word_1_332' title='bbox 488 2906 591 2964; x_wconf 87' lang='lat' dir='ltr'>habere</span> <span class='ocrx_word' id='word_1_333' title='bbox 612 2911 732 2981; x_wconf 88' lang='lat' dir='ltr'>populus</span> <span class='ocrx_word' id='word_1_334' title='bbox 754 2913 804 2983; x_wconf 90' lang='lat' dir='ltr'>qui</span> <span class='ocrx_word' id='word_1_335' title='bbox 826 2913 887 2971; x_wconf 84' lang='lat' dir='ltr'>eine</span> <span class='ocrx_word' id='word_1_336' title='bbox 913 2917 1017 2988; x_wconf 88' lang='lat' dir='ltr'>templo</span> <span class='ocrx_word' id='word_1_337' title='bbox 1059 2910 1171 2966; x_wconf 90' lang='lat' dir='ltr'>Domini</span> <span class='ocrx_word' id='word_1_338' title='bbox 1184 2900 1391 2971; x_wconf 88' lang='lat' dir='ltr'>adZorobabel,</span> <span class='ocrx_word' id='word_1_339' title='bbox 1411 2910 1596 2965; x_wconf 79' lang='lat' dir='ltr'>tactusestet</span> <span class='ocrx_word' id='word_1_340' title='bbox 1609 2909 1644 2965; x_wconf 89' lang='lat' dir='ltr'>ad</span> <span class='ocrx_word' id='word_1_341' title='bbox 1656 2911 1752 2965; x_wconf 78' lang='lat' dir='ltr'>iesum</span> <span class='ocrx_word' id='word_1_342' title='bbox 1767 2926 1858 2964; x_wconf 86' lang='lat' dir='ltr'>sacer·</span> 
     </span>
     <span class='ocr_line' id='line_1_27' title="bbox 218 2987 1858 3097; baseline 0.002 -48"><span class='ocrx_word' id='word_1_343' title='bbox 218 2987 270 3048; x_wconf 82' lang='lat' dir='ltr'>liei</span> <span class='ocrx_word' id='word_1_344' title='bbox 285 2995 355 3047; x_wconf 65' lang='lat' dir='ltr'>erat·</span> <span class='ocrx_word' id='word_1_345' title='bbox 369 2996 398 3046; x_wconf 78' lang='lat' dir='ltr'>et</span> <span class='ocrx_word' id='word_1_346' title='bbox 411 3007 468 3047; x_wconf 84' lang='lat' dir='ltr'>non</span> <span class='ocrx_word' id='word_1_347' title='bbox 480 2991 511 3049; x_wconf 88' lang='lat' dir='ltr'>in</span> <span class='ocrx_word' id='word_1_348' title='bbox 523 3005 619 3053; x_wconf 83' lang='lat' dir='ltr'>monte</span> <span class='ocrx_word' id='word_1_349' title='bbox 631 2998 709 3063; x_wconf 87' lang='lat' dir='ltr'>Sion,</span> <span class='ocrx_word' id='word_1_350' title='bbox 728 2999 777 3055; x_wconf 83' lang='lat' dir='ltr'>sed</span> <span class='ocrx_word' id='word_1_351' title='bbox 791 2999 922 3057; x_wconf 83' lang='lat' dir='ltr'>deorsum</span> <span class='ocrx_word' id='word_1_352' title='bbox 940 3002 1019 3097; x_wconf 78' lang='lat' dir='ltr'>hahi-</span> <span class='ocrx_word' id='word_1_353' title='bbox 1028 3031 1050 3091; x_wconf 69' lang='lat' dir='ltr'>C</span> <span class='ocrx_word' id='word_1_354' title='bbox 1059 2998 1153 3054; x_wconf 90' lang='lat' dir='ltr'>dotem</span> <span class='ocrx_word' id='word_1_355' title='bbox 1168 3016 1312 3070; x_wconf 82' lang='lat' dir='ltr'>magnum.</span> <span class='ocrx_word' id='word_1_356' title='bbox 1330 2997 1518 3054; x_wconf 86' lang='lat' dir='ltr'>ilistorialiter</span> <span class='ocrx_word' id='word_1_357' title='bbox 1529 3015 1594 3053; x_wconf 84' lang='lat' dir='ltr'>vero</span> <span class='ocrx_word' id='word_1_358' title='bbox 1609 2996 1664 3055; x_wconf 89' lang='lat' dir='ltr'>duo</span> <span class='ocrx_word' id='word_1_359' title='bbox 1677 2997 1792 3053; x_wconf 78' lang='lat' dir='ltr'>suerunt</span> <span class='ocrx_word' id='word_1_360' title='bbox 1805 2998 1858 3055; x_wconf 89' lang='lat' dir='ltr'>ho-</span> 
     </span>
    </p>
   </div>
   <div class='ocr_carea' id='block_1_8' title="bbox 219 3062 1861 3160">
    <p class='ocr_par' dir='ltr' id='par_1_9' title="bbox 219 3062 1861 3160">
     <span class='ocr_line' id='line_1_28' title="bbox 219 3062 1861 3160; baseline 0.004 -26"><span class='ocrx_word' id='word_1_361' title='bbox 219 3062 309 3134; x_wconf 78' lang='lat' dir='ltr'>tabat.</span> <span class='ocrx_word' id='word_1_362' title='bbox 1061 3089 1161 3153; x_wconf 88' lang='lat' dir='ltr'>mines,</span> <span class='ocrx_word' id='word_1_363' title='bbox 1177 3105 1251 3143; x_wconf 90' lang='lat' dir='ltr'>unus</span> <span class='ocrx_word' id='word_1_364' title='bbox 1265 3088 1299 3142; x_wconf 91' lang='lat' dir='ltr'>de</span> <span class='ocrx_word' id='word_1_365' title='bbox 1313 3088 1389 3144; x_wconf 91' lang='lat' dir='ltr'>tribu</span> <span class='ocrx_word' id='word_1_366' title='bbox 1403 3081 1477 3142; x_wconf 82' lang='lat' dir='ltr'>iuda</span> <span class='ocrx_word' id='word_1_367' title='bbox 1490 3094 1519 3141; x_wconf 88' lang='lat' dir='ltr'>et</span> <span class='ocrx_word' id='word_1_368' title='bbox 1531 3086 1566 3142; x_wconf 91' lang='lat' dir='ltr'>de</span> <span class='ocrx_word' id='word_1_369' title='bbox 1580 3082 1667 3160; x_wconf 85' lang='lat' dir='ltr'>stirpe</span> <span class='ocrx_word' id='word_1_370' title='bbox 1682 3087 1770 3159; x_wconf 75' lang='lat' dir='ltr'>regia,</span> <span class='ocrx_word' id='word_1_371' title='bbox 1786 3086 1861 3141; x_wconf 87' lang='lat' dir='ltr'>alter</span> 
     </span>
    </p>
   </div>
   <div class='ocr_carea' id='block_1_9' title="bbox 219 3170 1864 3779">
    <p class='ocr_par' dir='ltr' id='par_1_10' title="bbox 476 3170 1860 3248">
     <span class='ocr_line' id='line_1_29' title="bbox 476 3170 1860 3248; baseline 0.004 -22"><span class='ocrx_word' id='word_1_372' title='bbox 476 3170 593 3229; x_wconf 79' lang='lat' dir='ltr'>CAPUT</span> <span class='ocrx_word' id='word_1_373' title='bbox 611 3171 765 3233; x_wconf 79' lang='lat' dir='ltr'><strong>PRIMUM.</strong></span> <span class='ocrx_word' id='word_1_374' title='bbox 1061 3176 1179 3234; x_wconf 86' lang='lat' dir='ltr'>detribu</span> <span class='ocrx_word' id='word_1_375' title='bbox 1190 3176 1365 3233; x_wconf 89' lang='lat' dir='ltr'>sacerdotali.</span> <span class='ocrx_word' id='word_1_376' title='bbox 1373 3177 1489 3248; x_wconf 83' lang='lat' dir='ltr'>Mystico</span> <span class='ocrx_word' id='word_1_377' title='bbox 1496 3193 1563 3230; x_wconf 89' lang='lat' dir='ltr'>vero</span> <span class='ocrx_word' id='word_1_378' title='bbox 1573 3192 1661 3232; x_wconf 91' lang='lat' dir='ltr'>unum</span> <span class='ocrx_word' id='word_1_379' title='bbox 1672 3174 1860 3246; x_wconf 86' lang='lat' dir='ltr'>eumdemque</span> 
     </span>
    </p>

    <p class='ocr_par' dir='ltr' id='par_1_11' title="bbox 219 3253 1864 3779">
     <span class='ocr_line' id='line_1_30' title="bbox 257 3253 1862 3337; baseline 0.004 -26"><span class='ocrx_word' id='word_1_380' title='bbox 257 3253 320 3313; x_wconf 74' lang='lat' dir='ltr'>(ln</span> <span class='ocrx_word' id='word_1_381' title='bbox 340 3271 414 3314; x_wconf 80' lang='lat' dir='ltr'>anno</span> <span class='ocrx_word' id='word_1_382' title='bbox 432 3259 553 3329; x_wconf 81' lang='lat' dir='ltr'>secundo</span> <span class='ocrx_word' id='word_1_383' title='bbox 567 3261 655 3328; x_wconf 87' lang='lat' dir='ltr'>Darii,</span> <span class='ocrx_word' id='word_1_384' title='bbox 672 3264 747 3334; x_wconf 81' lang='lat' dir='ltr'>regis</span> <span class='ocrx_word' id='word_1_385' title='bbox 768 3265 943 3323; x_wconf 76' lang='lat' dir='ltr'>»Persarum</span> <span class='ocrx_word' id='word_1_386' title='bbox 963 3269 1019 3324; x_wconf 79' lang='lat' dir='ltr'>«in</span> <span class='ocrx_word' id='word_1_387' title='bbox 1060 3266 1217 3336; x_wconf 85' lang='lat' dir='ltr'>designavit</span> <span class='ocrx_word' id='word_1_388' title='bbox 1226 3265 1435 3337; x_wconf 84' lang='lat' dir='ltr'>Christum,qui</span> <span class='ocrx_word' id='word_1_389' title='bbox 1446 3271 1490 3320; x_wconf 90' lang='lat' dir='ltr'>est</span> <span class='ocrx_word' id='word_1_390' title='bbox 1498 3281 1581 3319; x_wconf 87' lang='lat' dir='ltr'>verus</span> <span class='ocrx_word' id='word_1_391' title='bbox 1591 3281 1639 3320; x_wconf 84' lang='lat' dir='ltr'>rer</span> <span class='ocrx_word' id='word_1_392' title='bbox 1651 3269 1679 3318; x_wconf 89' lang='lat' dir='ltr'>et</span> <span class='ocrx_word' id='word_1_393' title='bbox 1688 3281 1809 3336; x_wconf 84' lang='lat' dir='ltr'>magnus</span> <span class='ocrx_word' id='word_1_394' title='bbox 1816 3280 1862 3318; x_wconf 87' lang='lat' dir='ltr'>sa-</span> 
     </span>
     <span class='ocr_line' id='line_1_31' title="bbox 219 3346 1862 3430; baseline 0.007 -33"><span class='ocrx_word' id='word_1_395' title='bbox 219 3355 318 3413; x_wconf 81' lang='lat' dir='ltr'>mense</span> <span class='ocrx_word' id='word_1_396' title='bbox 328 3349 414 3407; x_wconf 83' lang='lat' dir='ltr'>sexto,</span> <span class='ocrx_word' id='word_1_397' title='bbox 423 3346 452 3401; x_wconf 90' lang='lat' dir='ltr'>in</span> <span class='ocrx_word' id='word_1_398' title='bbox 467 3347 513 3403; x_wconf 89' lang='lat' dir='ltr'>die</span> <span class='ocrx_word' id='word_1_399' title='bbox 528 3365 585 3407; x_wconf 89' lang='lat' dir='ltr'>una</span> <span class='ocrx_word' id='word_1_400' title='bbox 595 3351 709 3415; x_wconf 86' lang='lat' dir='ltr'>mensis,</span> <span class='ocrx_word' id='word_1_401' title='bbox 726 3351 888 3411; x_wconf 78' lang='lat' dir='ltr'>factumest</span> <span class='ocrx_word' id='word_1_402' title='bbox 903 3356 1017 3416; x_wconf 88' lang='lat' dir='ltr'>verbum</span> <span class='ocrx_word' id='word_1_403' title='bbox 1059 3355 1166 3419; x_wconf 89' lang='lat' dir='ltr'>cerdos,</span> <span class='ocrx_word' id='word_1_404' title='bbox 1178 3356 1258 3425; x_wconf 87' lang='lat' dir='ltr'>cujus</span> <span class='ocrx_word' id='word_1_405' title='bbox 1267 3360 1366 3430; x_wconf 89' lang='lat' dir='ltr'>typum</span> <span class='ocrx_word' id='word_1_406' title='bbox 1377 3353 1532 3409; x_wconf 87' lang='lat' dir='ltr'>secundum</span> <span class='ocrx_word' id='word_1_407' title='bbox 1543 3353 1671 3424; x_wconf 85' lang='lat' dir='ltr'>quodrer</span> <span class='ocrx_word' id='word_1_408' title='bbox 1682 3348 1862 3427; x_wconf 80' lang='lat' dir='ltr'>e&#39;st,gerebat</span> 
     </span>
     <span class='ocr_line' id='line_1_32' title="bbox 220 3429 1861 3517; baseline 0.004 -28"><span class='ocrx_word' id='word_1_409' title='bbox 220 3429 372 3489; x_wconf 88' lang='lat' dir='ltr'>Dominiin</span> <span class='ocrx_word' id='word_1_410' title='bbox 384 3450 468 3491; x_wconf 88' lang='lat' dir='ltr'>manu</span> <span class='ocrx_word' id='word_1_411' title='bbox 479 3439 574 3508; x_wconf 74' lang='lat' dir='ltr'>dggaei</span> <span class='ocrx_word' id='word_1_412' title='bbox 584 3440 734 3511; x_wconf 82' lang='lat' dir='ltr'>propheta.</span> <span class='ocrx_word' id='word_1_413' title='bbox 752 3442 902 3499; x_wconf 79' lang='lat' dir='ltr'>rBioarius</span> <span class='ocrx_word' id='word_1_414' title='bbox 917 3462 1017 3502; x_wconf 91' lang='lat' dir='ltr'>nume·</span> <span class='ocrx_word' id='word_1_415' title='bbox 1058 3442 1208 3499; x_wconf 87' lang='lat' dir='ltr'>Zorobabel</span> <span class='ocrx_word' id='word_1_416' title='bbox 1226 3461 1231 3494; x_wconf 93' lang='lat'>:</span> <span class='ocrx_word' id='word_1_417' title='bbox 1247 3442 1402 3499; x_wconf 84' lang='lat' dir='ltr'>secundum</span> <span class='ocrx_word' id='word_1_418' title='bbox 1419 3441 1492 3513; x_wconf 92' lang='lat' dir='ltr'>quod</span> <span class='ocrx_word' id='word_1_419' title='bbox 1518 3442 1658 3508; x_wconf 90' lang='lat' dir='ltr'>sacerdos,</span> <span class='ocrx_word' id='word_1_420' title='bbox 1682 3442 1781 3517; x_wconf 89' lang='lat' dir='ltr'>typum</span> <span class='ocrx_word' id='word_1_421' title='bbox 1797 3440 1861 3512; x_wconf 86' lang='lat' dir='ltr'>ejus</span> 
     </span>
     <span class='ocr_line' id='line_1_33' title="bbox 221 3518 1863 3604; baseline 0.004 -27"><span class='ocrx_word' id='word_1_422' title='bbox 221 3534 271 3577; x_wconf 81' lang='lat' dir='ltr'>rue</span> <span class='ocrx_word' id='word_1_423' title='bbox 289 3519 514 3591; x_wconf 76' lang='lat' dir='ltr'>frequentissime</span> <span class='ocrx_word' id='word_1_424' title='bbox 528 3527 558 3586; x_wconf 89' lang='lat' dir='ltr'>in</span> <span class='ocrx_word' id='word_1_425' title='bbox 573 3528 675 3585; x_wconf 83' lang='lat' dir='ltr'>melam</span> <span class='ocrx_word' id='word_1_426' title='bbox 701 3529 814 3599; x_wconf 87' lang='lat' dir='ltr'>ponitur</span> <span class='ocrx_word' id='word_1_427' title='bbox 836 3532 1018 3602; x_wconf 80' lang='lat' dir='ltr'>significatio·</span> <span class='ocrx_word' id='word_1_428' title='bbox 1059 3529 1190 3604; x_wconf 89' lang='lat' dir='ltr'>portabat</span> <span class='ocrx_word' id='word_1_429' title='bbox 1201 3533 1292 3594; x_wconf 83' lang='lat' dir='ltr'>iesus,</span> <span class='ocrx_word' id='word_1_430' title='bbox 1307 3530 1355 3602; x_wconf 92' lang='lat' dir='ltr'>qui</span> <span class='ocrx_word' id='word_1_431' title='bbox 1369 3529 1518 3585; x_wconf 88' lang='lat' dir='ltr'>eratfilius</span> <span class='ocrx_word' id='word_1_432' title='bbox 1533 3518 1679 3596; x_wconf 83' lang='lat' dir='ltr'>iosedech,</span> <span class='ocrx_word' id='word_1_433' title='bbox 1695 3524 1790 3597; x_wconf 80' lang='lat' dir='ltr'>idest,</span> <span class='ocrx_word' id='word_1_434' title='bbox 1807 3529 1863 3584; x_wconf 92' lang='lat' dir='ltr'>Do-</span> 
     </span>
     <span class='ocr_line' id='line_1_34' title="bbox 221 3610 1863 3691; baseline 0 -20"><span class='ocrx_word' id='word_1_435' title='bbox 221 3623 297 3671; x_wconf 65' lang='grc' dir='ltr'>ηοω.</span> <span class='ocrx_word' id='word_1_436' title='bbox 307 3610 412 3671; x_wconf 86' lang='lat' dir='ltr'>Dividit</span> <span class='ocrx_word' id='word_1_437' title='bbox 425 3614 500 3670; x_wconf 90' lang='lat' dir='ltr'>enim</span> <span class='ocrx_word' id='word_1_438' title='bbox 515 3616 635 3685; x_wconf 90' lang='lat' dir='ltr'>primam</span> <span class='ocrx_word' id='word_1_439' title='bbox 650 3618 798 3683; x_wconf 87' lang='lat' dir='ltr'>unitatem,</span> <span class='ocrx_word' id='word_1_440' title='bbox 813 3626 841 3674; x_wconf 86' lang='lat' dir='ltr'>et</span> <span class='ocrx_word' id='word_1_441' title='bbox 855 3621 958 3677; x_wconf 84' lang='lat' dir='ltr'>ideireo</span> <span class='ocrx_word' id='word_1_442' title='bbox 972 3640 1019 3679; x_wconf 87' lang='lat' dir='ltr'>co·</span> <span class='ocrx_word' id='word_1_443' title='bbox 1060 3621 1153 3675; x_wconf 90' lang='lat' dir='ltr'>minus</span> <span class='ocrx_word' id='word_1_444' title='bbox 1173 3621 1277 3690; x_wconf 87' lang='lat' dir='ltr'>justus.</span> <span class='ocrx_word' id='word_1_445' title='bbox 1297 3619 1372 3674; x_wconf 90' lang='lat' dir='ltr'>Deus</span> <span class='ocrx_word' id='word_1_446' title='bbox 1395 3618 1470 3672; x_wconf 89' lang='lat' dir='ltr'>enim</span> <span class='ocrx_word' id='word_1_447' title='bbox 1491 3618 1576 3674; x_wconf 89' lang='lat' dir='ltr'>Pater</span> <span class='ocrx_word' id='word_1_448' title='bbox 1595 3617 1691 3691; x_wconf 83' lang='lat' dir='ltr'>justus</span> <span class='ocrx_word' id='word_1_449' title='bbox 1704 3621 1733 3675; x_wconf 85' lang='lat' dir='ltr'>et</span> <span class='ocrx_word' id='word_1_450' title='bbox 1746 3620 1863 3675; x_wconf 79' lang='lat' dir='ltr'>sanctus</span> 
     </span>
     <span class='ocr_line' id='line_1_35' title="bbox 221 3695 1864 3779; baseline 0.006 -26"><span class='ocrx_word' id='word_1_451' title='bbox 221 3695 318 3768; x_wconf 79' lang='lat' dir='ltr'>putam</span> <span class='ocrx_word' id='word_1_452' title='bbox 329 3701 505 3773; x_wconf 73' lang='lat' dir='ltr'>conjugalem</span> <span class='ocrx_word' id='word_1_453' title='bbox 519 3703 577 3757; x_wconf 87' lang='lat' dir='ltr'>sive</span> <span class='ocrx_word' id='word_1_454' title='bbox 587 3703 754 3760; x_wconf 87' lang='lat' dir='ltr'>discordiam</span> <span class='ocrx_word' id='word_1_455' title='bbox 767 3705 907 3777; x_wconf 82' lang='lat' dir='ltr'>designat.</span> <span class='ocrx_word' id='word_1_456' title='bbox 922 3711 954 3764; x_wconf 92' lang='lat' dir='ltr'>ln</span> <span class='ocrx_word' id='word_1_457' title='bbox 969 3711 1021 3767; x_wconf 88' lang='lat' dir='ltr'>Ge·</span> <span class='ocrx_word' id='word_1_458' title='bbox 1061 3715 1114 3773; x_wconf 87' lang='lat' dir='ltr'>est,</span> <span class='ocrx_word' id='word_1_459' title='bbox 1128 3710 1209 3779; x_wconf 86' lang='lat' dir='ltr'>cujus</span> <span class='ocrx_word' id='word_1_460' title='bbox 1220 3716 1263 3764; x_wconf 86' lang='lat' dir='ltr'>est</span> <span class='ocrx_word' id='word_1_461' title='bbox 1272 3708 1359 3764; x_wconf 85' lang='lat' dir='ltr'>Filius</span> <span class='ocrx_word' id='word_1_462' title='bbox 1370 3709 1452 3765; x_wconf 80' lang='lat' dir='ltr'>lesus</span> <span class='ocrx_word' id='word_1_463' title='bbox 1466 3705 1607 3777; x_wconf 85' lang='lat' dir='ltr'>Christus,</span> <span class='ocrx_word' id='word_1_464' title='bbox 1617 3706 1753 3767; x_wconf 84' lang='lat' dir='ltr'>Dominus</span> <span class='ocrx_word' id='word_1_465' title='bbox 1761 3710 1788 3762; x_wconf 90' lang='lat' dir='ltr'>et</span> <span class='ocrx_word' id='word_1_466' title='bbox 1801 3704 1864 3763; x_wconf 85' lang='lat' dir='ltr'>Sal·</span> 
     </span>
    </p>
   </div>
   <div class='ocr_carea' id='block_1_10' title="bbox 140 3784 1260 3858">
    <p class='ocr_par' dir='ltr' id='par_1_12' title="bbox 140 3784 1260 3858">
     <span class='ocr_line' id='line_1_36' title="bbox 140 3784 1260 3858; baseline 0.007 -16"><span class='ocrx_word' id='word_1_467' title='bbox 140 3808 143 3812; x_wconf 92' lang='lat'>·</span> <span class='ocrx_word' id='word_1_468' title='bbox 222 3784 283 3843; x_wconf 78' lang='lat' dir='ltr'>nesi</span> <span class='ocrx_word' id='word_1_469' title='bbox 298 3802 410 3858; x_wconf 87' lang='lat' dir='ltr'>quoque</span> <span class='ocrx_word' id='word_1_470' title='bbox 424 3805 488 3843; x_wconf 88' lang='lat' dir='ltr'>curn</span> <span class='ocrx_word' id='word_1_471' title='bbox 508 3790 537 3847; x_wconf 91' lang='lat' dir='ltr'>in</span> <span class='ocrx_word' id='word_1_472' title='bbox 556 3792 676 3848; x_wconf 90' lang='lat' dir='ltr'>aliorum</span> <span class='ocrx_word' id='word_1_473' title='bbox 691 3795 818 3852; x_wconf 90' lang='lat' dir='ltr'>omnium</span> <span class='ocrx_word' id='word_1_474' title='bbox 832 3796 942 3855; x_wconf 87' lang='lat' dir='ltr'>dicrum</span> <span class='ocrx_word' id='word_1_475' title='bbox 957 3815 1022 3855; x_wconf 90' lang='lat' dir='ltr'>con·</span> <span class='ocrx_word' id='word_1_476' title='bbox 1061 3804 1141 3852; x_wconf 89' lang='lat' dir='ltr'>vator</span> <span class='ocrx_word' id='word_1_477' title='bbox 1154 3803 1260 3852; x_wconf 89' lang='lat' dir='ltr'>noster.</span> 
     </span>
    </p>
   </div>
   <div class='ocr_carea' id='block_1_11' title="bbox 174 3875 1872 5641">
    <p class='ocr_par' dir='ltr' id='par_1_13' title="bbox 174 3875 1866 4842">
     <span class='ocr_line' id='line_1_37' title="bbox 223 3875 1864 3958; baseline 0.008 -31"><span class='ocrx_word' id='word_1_478' title='bbox 223 3875 411 3932; x_wconf 78' lang='lat' dir='ltr'>summatione</span> <span class='ocrx_word' id='word_1_479' title='bbox 425 3878 549 3938; x_wconf 86' lang='lat' dir='ltr'>dicatur:</span> <span class='ocrx_word' id='word_1_480' title='bbox 563 3881 638 3937; x_wconf 91' lang='lat' dir='ltr'>Vidit</span> <span class='ocrx_word' id='word_1_481' title='bbox 652 3882 727 3938; x_wconf 86' lang='lat' dir='ltr'>Deus</span> <span class='ocrx_word' id='word_1_482' title='bbox 744 3884 818 3954; x_wconf 90' lang='lat' dir='ltr'>quod</span> <span class='ocrx_word' id='word_1_483' title='bbox 832 3891 905 3941; x_wconf 86' lang='lat' dir='ltr'>esset</span> <span class='ocrx_word' id='word_1_484' title='bbox 916 3886 1021 3942; x_wconf 90' lang='lat' dir='ltr'>bonum</span> <span class='ocrx_word' id='word_1_485' title='bbox 1101 3906 1111 3937; x_wconf 82' lang='lat' dir='ltr'>e</span> <span class='ocrx_word' id='word_1_486' title='bbox 1129 3887 1194 3941; x_wconf 79' lang='lat' dir='ltr'>llaec</span> <span class='ocrx_word' id='word_1_487' title='bbox 1209 3886 1249 3940; x_wconf 89' lang='lat' dir='ltr'>ait</span> <span class='ocrx_word' id='word_1_488' title='bbox 1262 3886 1397 3941; x_wconf 90' lang='lat' dir='ltr'>Dominus</span> <span class='ocrx_word' id='word_1_489' title='bbox 1413 3884 1596 3952; x_wconf 83' lang='lat' dir='ltr'>exercituum,</span> <span class='ocrx_word' id='word_1_490' title='bbox 1608 3883 1704 3942; x_wconf 90' lang='lat' dir='ltr'>dicens</span> <span class='ocrx_word' id='word_1_491' title='bbox 1717 3904 1723 3939; x_wconf 92' lang='lat'>:</span> <span class='ocrx_word' id='word_1_492' title='bbox 1736 3882 1864 3958; x_wconf 85' lang='lat' dir='ltr'>Populos</span> 
     </span>
     <span class='ocr_line' id='line_1_38' title="bbox 223 3959 1866 4047; baseline 0.007 -28"><span class='ocrx_word' id='word_1_493' title='bbox 223 3959 381 4023; x_wconf 75' lang='lat' dir='ltr'>insecandi</span> <span class='ocrx_word' id='word_1_494' title='bbox 396 3965 452 4023; x_wconf 88' lang='lat' dir='ltr'>diei</span> <span class='ocrx_word' id='word_1_495' title='bbox 471 3968 527 4025; x_wconf 88' lang='lat' dir='ltr'>tina</span> <span class='ocrx_word' id='word_1_496' title='bbox 550 3964 607 4025; x_wconf 84' lang='lat' dir='ltr'>non</span> <span class='ocrx_word' id='word_1_497' title='bbox 627 3971 756 4027; x_wconf 91' lang='lat' dir='ltr'>habetur.</span> <span class='ocrx_word' id='word_1_498' title='bbox 772 3973 803 4027; x_wconf 91' lang='lat' dir='ltr'>ln</span> <span class='ocrx_word' id='word_1_499' title='bbox 818 3979 896 4030; x_wconf 84' lang='lat' dir='ltr'>serto</span> <span class='ocrx_word' id='word_1_500' title='bbox 910 3991 1022 4047; x_wconf 87' lang='lat' dir='ltr'>quoque</span> <span class='ocrx_word' id='word_1_501' title='bbox 1062 3973 1115 4029; x_wconf 90' lang='lat' dir='ltr'>iste</span> <span class='ocrx_word' id='word_1_502' title='bbox 1126 3974 1210 4029; x_wconf 89' lang='lat' dir='ltr'>dicit:</span> <span class='ocrx_word' id='word_1_503' title='bbox 1223 3974 1353 4029; x_wconf 91' lang='lat' dir='ltr'>Nondum</span> <span class='ocrx_word' id='word_1_504' title='bbox 1365 3975 1441 4031; x_wconf 91' lang='lat' dir='ltr'>veuit</span> <span class='ocrx_word' id='word_1_505' title='bbox 1451 3972 1668 4045; x_wconf 82' lang='lat' dir='ltr'>tempusdomus</span> <span class='ocrx_word' id='word_1_506' title='bbox 1678 3968 1789 4030; x_wconf 89' lang='lat' dir='ltr'>Domini</span> <span class='ocrx_word' id='word_1_507' title='bbox 1798 3972 1866 4033; x_wconf 85' lang='lat' dir='ltr'>aedi·</span> 
     </span>
     <span class='ocr_line' id='line_1_39' title="bbox 223 4053 1865 4134; baseline 0.005 -25"><span class='ocrx_word' id='word_1_508' title='bbox 223 4053 943 4128; x_wconf 78' lang='lat' dir='ltr'>mensenullaestlegalissolemnitae,sicutinaliie,</span> <span class='ocrx_word' id='word_1_509' title='bbox 955 4079 1022 4134; x_wconf 73' lang='lat' dir='ltr'>quc</span> <span class='ocrx_word' id='word_1_510' title='bbox 1063 4062 1187 4119; x_wconf 86' lang='lat' dir='ltr'>iicandae.</span> <span class='ocrx_word' id='word_1_511' title='bbox 1209 4062 1297 4118; x_wconf 79' lang='lat' dir='ltr'>»Non</span> <span class='ocrx_word' id='word_1_512' title='bbox 1315 4063 1367 4117; x_wconf 88' lang='lat' dir='ltr'>hoc</span> <span class='ocrx_word' id='word_1_513' title='bbox 1388 4061 1550 4129; x_wconf 88' lang='lat' dir='ltr'>Zorobabel‚</span> <span class='ocrx_word' id='word_1_514' title='bbox 1566 4078 1618 4117; x_wconf 88' lang='lat' dir='ltr'>noc</span> <span class='ocrx_word' id='word_1_515' title='bbox 1637 4060 1718 4118; x_wconf 88' lang='lat' dir='ltr'>Jesus</span> <span class='ocrx_word' id='word_1_516' title='bbox 1732 4058 1865 4118; x_wconf 84' lang='lat' dir='ltr'>sacerdos</span> 
     </span>
     <span class='ocr_line' id='line_1_40' title="bbox 223 4140 1865 4226; baseline 0.006 -29"><span class='ocrx_word' id='word_1_517' title='bbox 223 4140 302 4197; x_wconf 77' lang='lat' dir='ltr'>niam</span> <span class='ocrx_word' id='word_1_518' title='bbox 310 4142 698 4215; x_wconf 81' lang='lat' dir='ltr'>servitutiseperaetlabores</span> <span class='ocrx_word' id='word_1_519' title='bbox 708 4149 844 4219; x_wconf 83' lang='lat' dir='ltr'>designat.</span> <span class='ocrx_word' id='word_1_520' title='bbox 858 4151 944 4207; x_wconf 86' lang='lat' dir='ltr'>Recte</span> <span class='ocrx_word' id='word_1_521' title='bbox 954 4169 1021 4222; x_wconf 80' lang='lat' dir='ltr'>ergo</span> <span class='ocrx_word' id='word_1_522' title='bbox 1063 4167 1182 4223; x_wconf 78' lang='lat' dir='ltr'>magnus</span> <span class='ocrx_word' id='word_1_523' title='bbox 1196 4151 1315 4214; x_wconf 83' lang='lat' dir='ltr'>dicebat,</span> <span class='ocrx_word' id='word_1_524' title='bbox 1331 4151 1380 4206; x_wconf 87' lang='lat' dir='ltr'>sed</span> <span class='ocrx_word' id='word_1_525' title='bbox 1396 4151 1516 4225; x_wconf 90' lang='lat' dir='ltr'>populus</span> <span class='ocrx_word' id='word_1_526' title='bbox 1532 4150 1580 4223; x_wconf 92' lang='lat' dir='ltr'>qui</span> <span class='ocrx_word' id='word_1_527' title='bbox 1595 4148 1629 4204; x_wconf 92' lang='lat' dir='ltr'>de</span> <span class='ocrx_word' id='word_1_528' title='bbox 1644 4144 1806 4226; x_wconf 84' lang='lat' dir='ltr'>captivitate</span> <span class='ocrx_word' id='word_1_529' title='bbox 1820 4168 1865 4207; x_wconf 85' lang='lat' dir='ltr'>re·</span> 
     </span>
     <span class='ocr_line' id='line_1_41' title="bbox 224 4228 1864 4309; baseline 0.009 -29"><span class='ocrx_word' id='word_1_530' title='bbox 224 4228 291 4295; x_wconf 77' lang='lat' dir='ltr'>etin</span> <span class='ocrx_word' id='word_1_531' title='bbox 303 4245 377 4285; x_wconf 90' lang='lat' dir='ltr'>anno</span> <span class='ocrx_word' id='word_1_532' title='bbox 387 4232 509 4287; x_wconf 87' lang='lat' dir='ltr'>seeundo</span> <span class='ocrx_word' id='word_1_533' title='bbox 517 4233 604 4297; x_wconf 88' lang='lat' dir='ltr'>Darii,</span> <span class='ocrx_word' id='word_1_534' title='bbox 617 4239 646 4289; x_wconf 89' lang='lat' dir='ltr'>et</span> <span class='ocrx_word' id='word_1_535' title='bbox 655 4235 683 4292; x_wconf 88' lang='lat' dir='ltr'>io</span> <span class='ocrx_word' id='word_1_536' title='bbox 693 4242 771 4290; x_wconf 83' lang='lat' dir='ltr'>sexto</span> <span class='ocrx_word' id='word_1_537' title='bbox 781 4253 876 4292; x_wconf 85' lang='lat' dir='ltr'>ruensc</span> <span class='ocrx_word' id='word_1_538' title='bbox 887 4239 919 4294; x_wconf 86' lang='lat' dir='ltr'>fit</span> <span class='ocrx_word' id='word_1_539' title='bbox 928 4256 1021 4294; x_wconf 88' lang='lat' dir='ltr'>sermo</span> <span class='ocrx_word' id='word_1_540' title='bbox 1062 4255 1168 4301; x_wconf 83' lang='lat' dir='ltr'>versus,</span> <span class='ocrx_word' id='word_1_541' title='bbox 1176 4239 1268 4297; x_wconf 88' lang='lat' dir='ltr'>adhuc</span> <span class='ocrx_word' id='word_1_542' title='bbox 1280 4239 1331 4294; x_wconf 89' lang='lat' dir='ltr'>sub</span> <span class='ocrx_word' id='word_1_543' title='bbox 1342 4240 1427 4297; x_wconf 90' lang='lat' dir='ltr'>Dario</span> <span class='ocrx_word' id='word_1_544' title='bbox 1439 4246 1508 4294; x_wconf 90' lang='lat' dir='ltr'>erat.</span> <span class='ocrx_word' id='word_1_545' title='bbox 1522 4236 1567 4295; x_wconf 86' lang='lat' dir='ltr'>stc</span> <span class='ocrx_word' id='word_1_546' title='bbox 1576 4234 1761 4309; x_wconf 88' lang='lat' dir='ltr'>spiritualiter</span> <span class='ocrx_word' id='word_1_547' title='bbox 1770 4241 1864 4295; x_wconf 88' lang='lat' dir='ltr'>omnis</span> 
     </span>
     <span class='ocr_line' id='line_1_42' title="bbox 174 4314 1864 4398; baseline 0.006 -25"><span class='ocrx_word' id='word_1_548' title='bbox 174 4366 178 4373; x_wconf 93' lang='lat'><em>.</em></span> <span class='ocrx_word' id='word_1_549' title='bbox 224 4314 481 4386; x_wconf 71' lang='lat' dir='ltr'>Deiadnggaeum.</span> <span class='ocrx_word' id='word_1_550' title='bbox 497 4325 612 4391; x_wconf 85' lang='lat' dir='ltr'>propter</span> <span class='ocrx_word' id='word_1_551' title='bbox 621 4338 707 4394; x_wconf 91' lang='lat' dir='ltr'>supra</span> <span class='ocrx_word' id='word_1_552' title='bbox 720 4323 811 4380; x_wconf 79' lang='lat' dir='ltr'>dictae</span> <span class='ocrx_word' id='word_1_553' title='bbox 825 4342 933 4392; x_wconf 88' lang='lat' dir='ltr'>causas,</span> <span class='ocrx_word' id='word_1_554' title='bbox 950 4344 1021 4398; x_wconf 88' lang='lat' dir='ltr'>quo·</span> <span class='ocrx_word' id='word_1_555' title='bbox 1063 4327 1110 4398; x_wconf 91' lang='lat' dir='ltr'>qui</span> <span class='ocrx_word' id='word_1_556' title='bbox 1122 4330 1209 4382; x_wconf 86' lang='lat' dir='ltr'>servit</span> <span class='ocrx_word' id='word_1_557' title='bbox 1223 4327 1415 4398; x_wconf 84' lang='lat' dir='ltr'>voluptatibus</span> <span class='ocrx_word' id='word_1_558' title='bbox 1435 4327 1538 4393; x_wconf 88' lang='lat' dir='ltr'>carnis,</span> <span class='ocrx_word' id='word_1_559' title='bbox 1552 4344 1607 4381; x_wconf 91' lang='lat' dir='ltr'>non</span> <span class='ocrx_word' id='word_1_560' title='bbox 1624 4327 1683 4380; x_wconf 89' lang='lat' dir='ltr'>vult</span> <span class='ocrx_word' id='word_1_561' title='bbox 1697 4318 1773 4383; x_wconf 87' lang='lat' dir='ltr'>uitra</span> <span class='ocrx_word' id='word_1_562' title='bbox 1788 4326 1864 4383; x_wconf 84' lang='lat' dir='ltr'>intra</span> 
     </span>
     <span class='ocr_line' id='line_1_43' title="bbox 225 4383 1864 4486; baseline 0.007 -29"><span class='ocrx_word' id='word_1_563' title='bbox 225 4403 302 4459; x_wconf 86' lang='lat' dir='ltr'>niam</span> <span class='ocrx_word' id='word_1_564' title='bbox 312 4406 449 4475; x_wconf 82' lang='lat' dir='ltr'>templum</span> <span class='ocrx_word' id='word_1_565' title='bbox 458 4423 513 4465; x_wconf 87' lang='lat' dir='ltr'>non</span> <span class='ocrx_word' id='word_1_566' title='bbox 526 4408 675 4475; x_wconf 86' lang='lat' dir='ltr'>habebant,</span> <span class='ocrx_word' id='word_1_567' title='bbox 684 4417 712 4466; x_wconf 88' lang='lat' dir='ltr'>ot</span> <span class='ocrx_word' id='word_1_568' title='bbox 725 4413 754 4470; x_wconf 86' lang='lat' dir='ltr'>in</span> <span class='ocrx_word' id='word_1_569' title='bbox 769 4416 896 4470; x_wconf 88' lang='lat' dir='ltr'>concavis</span> <span class='ocrx_word' id='word_1_570' title='bbox 909 4383 1156 4471; x_wconf 75' lang='lat' dir='ltr'>habita-Daedem</span> <span class='ocrx_word' id='word_1_571' title='bbox 1167 4415 1287 4486; x_wconf 87' lang='lat' dir='ltr'>pectoris</span> <span class='ocrx_word' id='word_1_572' title='bbox 1297 4415 1339 4470; x_wconf 83' lang='lat' dir='ltr'>cui</span> <span class='ocrx_word' id='word_1_573' title='bbox 1349 4416 1488 4470; x_wconf 77' lang='lat' dir='ltr'>adificare</span> <span class='ocrx_word' id='word_1_574' title='bbox 1502 4416 1637 4486; x_wconf 87' lang='lat' dir='ltr'>tempium</span> <span class='ocrx_word' id='word_1_575' title='bbox 1649 4412 1767 4471; x_wconf 87' lang='lat' dir='ltr'>Domine</span> <span class='ocrx_word' id='word_1_576' title='bbox 1781 4414 1864 4486; x_wconf 89' lang='lat' dir='ltr'>pudi-</span> 
     </span>
     <span class='ocr_line' id='line_1_44' title="bbox 225 4489 1865 4575; baseline 0.008 -28"><span class='ocrx_word' id='word_1_577' title='bbox 225 4489 340 4557; x_wconf 76' lang='lat' dir='ltr'>hautot</span> <span class='ocrx_word' id='word_1_578' title='bbox 353 4494 416 4566; x_wconf 91' lang='lat' dir='ltr'>quia</span> <span class='ocrx_word' id='word_1_579' title='bbox 432 4495 484 4552; x_wconf 87' lang='lat' dir='ltr'>sub</span> <span class='ocrx_word' id='word_1_580' title='bbox 494 4498 578 4554; x_wconf 89' lang='lat' dir='ltr'>Dario</span> <span class='ocrx_word' id='word_1_581' title='bbox 594 4501 686 4554; x_wconf 84' lang='lat' dir='ltr'>carnis</span> <span class='ocrx_word' id='word_1_582' title='bbox 707 4502 837 4573; x_wconf 85' lang='lat' dir='ltr'>operibus</span> <span class='ocrx_word' id='word_1_583' title='bbox 852 4504 1018 4561; x_wconf 88' lang='lat' dir='ltr'>serviebant.</span> <span class='ocrx_word' id='word_1_584' title='bbox 1061 4503 1144 4559; x_wconf 82' lang='lat' dir='ltr'>eitiee.</span> <span class='ocrx_word' id='word_1_585' title='bbox 1159 4505 1256 4560; x_wconf 84' lang='lat' dir='ltr'>Potest</span> <span class='ocrx_word' id='word_1_586' title='bbox 1277 4504 1330 4559; x_wconf 91' lang='lat' dir='ltr'>hcc</span> <span class='ocrx_word' id='word_1_587' title='bbox 1348 4509 1377 4559; x_wconf 91' lang='lat' dir='ltr'>et</span> <span class='ocrx_word' id='word_1_588' title='bbox 1390 4505 1426 4558; x_wconf 87' lang='lat' dir='ltr'>ad</span> <span class='ocrx_word' id='word_1_589' title='bbox 1445 4504 1557 4560; x_wconf 80' lang='lat' dir='ltr'>iudans</span> <span class='ocrx_word' id='word_1_590' title='bbox 1570 4505 1654 4575; x_wconf 86' lang='lat' dir='ltr'>hujus</span> <span class='ocrx_word' id='word_1_591' title='bbox 1669 4505 1807 4574; x_wconf 81' lang='lat' dir='ltr'>ternpcria</span> <span class='ocrx_word' id='word_1_592' title='bbox 1821 4520 1865 4562; x_wconf 81' lang='lat' dir='ltr'>re·</span> 
     </span>
     <span class='ocr_line' id='line_1_45' title="bbox 225 4578 1866 4666; baseline 0.007 -29"><span class='ocrx_word' id='word_1_593' title='bbox 225 4578 297 4644; x_wconf 79' lang='lat' dir='ltr'>Quia</span> <span class='ocrx_word' id='word_1_594' title='bbox 307 4583 438 4654; x_wconf 84' lang='lat' dir='ltr'>vercjam</span> <span class='ocrx_word' id='word_1_595' title='bbox 448 4585 788 4653; x_wconf 79' lang='lat' dir='ltr'>aitareaedisrcatumerat,</span> <span class='ocrx_word' id='word_1_596' title='bbox 801 4597 829 4645; x_wconf 88' lang='lat' dir='ltr'>et</span> <span class='ocrx_word' id='word_1_597' title='bbox 838 4590 1022 4647; x_wconf 86' lang='lat' dir='ltr'>fundamenta</span> <span class='ocrx_word' id='word_1_598' title='bbox 1062 4591 1140 4656; x_wconf 82' lang='lat' dir='ltr'>terri,</span> <span class='ocrx_word' id='word_1_599' title='bbox 1156 4591 1202 4662; x_wconf 91' lang='lat' dir='ltr'>qui</span> <span class='ocrx_word' id='word_1_600' title='bbox 1219 4607 1269 4662; x_wconf 91' lang='lat' dir='ltr'>pro</span> <span class='ocrx_word' id='word_1_601' title='bbox 1290 4591 1402 4647; x_wconf 84' lang='lat' dir='ltr'>Christo</span> <span class='ocrx_word' id='word_1_602' title='bbox 1419 4591 1625 4647; x_wconf 83' lang='lat' dir='ltr'>Antichristum</span> <span class='ocrx_word' id='word_1_603' title='bbox 1644 4596 1818 4666; x_wconf 77' lang='lat' dir='ltr'>exspectant,</span> <span class='ocrx_word' id='word_1_604' title='bbox 1835 4597 1866 4651; x_wconf 92' lang='lat' dir='ltr'>et</span> 
     </span>
     <span class='ocr_line' id='line_1_46' title="bbox 224 4670 1865 4750; baseline 0.004 -21"><span class='ocrx_word' id='word_1_605' title='bbox 224 4670 444 4742; x_wconf 77' lang='lat' dir='ltr'>temptiJ‘actata,</span> <span class='ocrx_word' id='word_1_606' title='bbox 457 4675 560 4737; x_wconf 90' lang='lat' dir='ltr'>idcirco</span> <span class='ocrx_word' id='word_1_607' title='bbox 571 4677 599 4730; x_wconf 89' lang='lat' dir='ltr'>in</span> <span class='ocrx_word' id='word_1_608' title='bbox 609 4694 666 4732; x_wconf 90' lang='lat' dir='ltr'>una</span> <span class='ocrx_word' id='word_1_609' title='bbox 673 4679 842 4746; x_wconf 82' lang='lat' dir='ltr'>diememis,</span> <span class='ocrx_word' id='word_1_610' title='bbox 857 4680 964 4736; x_wconf 87' lang='lat' dir='ltr'>facturn</span> <span class='ocrx_word' id='word_1_611' title='bbox 979 4689 1022 4736; x_wconf 88' lang='lat' dir='ltr'>est</span> <span class='ocrx_word' id='word_1_612' title='bbox 1062 4679 1160 4735; x_wconf 89' lang='lat' dir='ltr'>dicunt</span> <span class='ocrx_word' id='word_1_613' title='bbox 1173 4681 1298 4737; x_wconf 87' lang='lat' dir='ltr'>nondum</span> <span class='ocrx_word' id='word_1_614' title='bbox 1313 4696 1375 4735; x_wconf 86' lang='lat' dir='ltr'>esse</span> <span class='ocrx_word' id='word_1_615' title='bbox 1389 4685 1501 4750; x_wconf 88' lang='lat' dir='ltr'>tempus</span> <span class='ocrx_word' id='word_1_616' title='bbox 1512 4679 1726 4750; x_wconf 79' lang='lat' dir='ltr'>Ecclesia‚quia</span> <span class='ocrx_word' id='word_1_617' title='bbox 1737 4679 1865 4736; x_wconf 89' lang='lat' dir='ltr'>nondum</span> 
     </span>
     <span class='ocr_line' id='line_1_47' title="bbox 225 4758 1282 4842; baseline 0.003 -23"><span class='ocrx_word' id='word_1_618' title='bbox 225 4758 340 4842; x_wconf 74' lang='lat' dir='ltr'>verbum</span> <span class='ocrx_word' id='word_1_619' title='bbox 355 4761 474 4826; x_wconf 88' lang='lat' dir='ltr'>Domini,</span> <span class='ocrx_word' id='word_1_620' title='bbox 491 4771 523 4820; x_wconf 90' lang='lat' dir='ltr'>ut</span> <span class='ocrx_word' id='word_1_621' title='bbox 535 4765 576 4820; x_wconf 93' lang='lat' dir='ltr'>illi</span> <span class='ocrx_word' id='word_1_622' title='bbox 593 4767 784 4838; x_wconf 85' lang='lat' dir='ltr'>relinquentes</span> <span class='ocrx_word' id='word_1_623' title='bbox 801 4769 955 4824; x_wconf 88' lang='lat' dir='ltr'>secundum</span> <span class='ocrx_word' id='word_1_624' title='bbox 970 4786 1022 4825; x_wconf 90' lang='lat' dir='ltr'>an·</span> <span class='ocrx_word' id='word_1_625' title='bbox 1064 4769 1282 4825; x_wconf 85' lang='lat' dir='ltr'>venitClrristus.</span> 
     </span>
    </p>

    <p class='ocr_par' dir='ltr' id='par_1_14' title="bbox 221 4848 1872 5641">
     <span class='ocr_line' id='line_1_48' title="bbox 225 4848 1866 4931; baseline 0.004 -24"><span class='ocrx_word' id='word_1_626' title='bbox 225 4863 293 4907; x_wconf 79' lang='lat' dir='ltr'>uum</span> <span class='ocrx_word' id='word_1_627' title='bbox 303 4849 391 4915; x_wconf 79' lang='lat' dir='ltr'>Darii,</span> <span class='ocrx_word' id='word_1_628' title='bbox 400 4859 609 4911; x_wconf 86' lang='lat' dir='ltr'>reverterentur</span> <span class='ocrx_word' id='word_1_629' title='bbox 619 4855 653 4913; x_wconf 88' lang='lat' dir='ltr'>ud</span> <span class='ocrx_word' id='word_1_630' title='bbox 666 4855 802 4911; x_wconf 81' lang='lat' dir='ltr'>unitatem</span> <span class='ocrx_word' id='word_1_631' title='bbox 815 4857 874 4912; x_wconf 89' lang='lat' dir='ltr'>Dei.</span> <span class='ocrx_word' id='word_1_632' title='bbox 883 4857 964 4922; x_wconf 88' lang='lat' dir='ltr'>Quod</span> <span class='ocrx_word' id='word_1_633' title='bbox 974 4848 1021 4914; x_wconf 82' lang='lat' dir='ltr'>ve·</span> <span class='ocrx_word' id='word_1_634' title='bbox 1099 4876 1113 4912; x_wconf 80' lang='lat' dir='ltr'>e</span> <span class='ocrx_word' id='word_1_635' title='bbox 1132 4857 1168 4912; x_wconf 84' lang='lat' dir='ltr'>Et</span> <span class='ocrx_word' id='word_1_636' title='bbox 1182 4858 1285 4913; x_wconf 86' lang='lat' dir='ltr'>factum</span> <span class='ocrx_word' id='word_1_637' title='bbox 1302 4863 1346 4913; x_wconf 89' lang='lat' dir='ltr'>est</span> <span class='ocrx_word' id='word_1_638' title='bbox 1360 4857 1475 4912; x_wconf 90' lang='lat' dir='ltr'>verbum</span> <span class='ocrx_word' id='word_1_639' title='bbox 1489 4857 1601 4913; x_wconf 89' lang='lat' dir='ltr'>Domini</span> <span class='ocrx_word' id='word_1_640' title='bbox 1623 4857 1652 4911; x_wconf 93' lang='lat' dir='ltr'>in</span> <span class='ocrx_word' id='word_1_641' title='bbox 1669 4873 1757 4915; x_wconf 88' lang='lat' dir='ltr'>manu</span> <span class='ocrx_word' id='word_1_642' title='bbox 1767 4858 1866 4931; x_wconf 68' lang='lat' dir='ltr'>aggai</span> 
     </span>
     <span class='ocr_line' id='line_1_49' title="bbox 223 4936 1868 5018; baseline 0.004 -25"><span class='ocrx_word' id='word_1_643' title='bbox 223 4952 257 4993; x_wconf 88' lang='lat' dir='ltr'>rc</span> <span class='ocrx_word' id='word_1_644' title='bbox 277 4936 416 5005; x_wconf 65' lang='lat' dir='ltr'>diuitum«</span> <span class='ocrx_word' id='word_1_645' title='bbox 433 4941 550 5001; x_wconf 81' lang='lat' dir='ltr'>Factum</span> <span class='ocrx_word' id='word_1_646' title='bbox 564 4948 608 4997; x_wconf 88' lang='lat' dir='ltr'>est</span> <span class='ocrx_word' id='word_1_647' title='bbox 620 4943 736 4999; x_wconf 89' lang='lat' dir='ltr'>verbum</span> <span class='ocrx_word' id='word_1_648' title='bbox 758 4943 870 5001; x_wconf 88' lang='lat' dir='ltr'>Domini</span> <span class='ocrx_word' id='word_1_649' title='bbox 887 4946 916 5001; x_wconf 92' lang='lat' dir='ltr'>in</span> <span class='ocrx_word' id='word_1_650' title='bbox 936 4963 1021 5001; x_wconf 89' lang='lat' dir='ltr'>manu</span> <span class='ocrx_word' id='word_1_651' title='bbox 1062 4947 1214 5018; x_wconf 73' lang='lat' dir='ltr'>prophetae,</span> <span class='ocrx_word' id='word_1_652' title='bbox 1233 4947 1329 5002; x_wconf 90' lang='lat' dir='ltr'>dicens</span> <span class='ocrx_word' id='word_1_653' title='bbox 1342 4946 1489 5017; x_wconf 88' lang='lat' dir='ltr'>:Nunquid</span> <span class='ocrx_word' id='word_1_654' title='bbox 1500 4951 1612 5016; x_wconf 88' lang='lat' dir='ltr'>tempus</span> <span class='ocrx_word' id='word_1_655' title='bbox 1626 4945 1756 5001; x_wconf 88' lang='lat' dir='ltr'>vobisest</span> <span class='ocrx_word' id='word_1_656' title='bbox 1768 4951 1801 5000; x_wconf 92' lang='lat' dir='ltr'>ut</span> <span class='ocrx_word' id='word_1_657' title='bbox 1816 4947 1868 5006; x_wconf 83' lang='lat' dir='ltr'>ha·</span> 
     </span>
     <span class='ocr_line' id='line_1_50' title="bbox 223 5024 1864 5106; baseline 0.005 -26"><span class='ocrx_word' id='word_1_658' title='bbox 223 5024 336 5098; x_wconf 72' lang='lat' dir='ltr'>Aggmi,</span> <span class='ocrx_word' id='word_1_659' title='bbox 354 5030 892 5105; x_wconf 79' lang='lat' dir='ltr'>nostenditeumbcnababuisaeopera,</span> <span class='ocrx_word' id='word_1_660' title='bbox 902 5036 1021 5106; x_wconf 87' lang='lat' dir='ltr'>atquein</span> <span class='ocrx_word' id='word_1_661' title='bbox 1063 5034 1190 5091; x_wconf 85' lang='lat' dir='ltr'>hitetisin</span> <span class='ocrx_word' id='word_1_662' title='bbox 1205 5035 1334 5090; x_wconf 86' lang='lat' dir='ltr'>domibus</span> <span class='ocrx_word' id='word_1_663' title='bbox 1341 5035 1488 5106; x_wconf 86' lang='lat' dir='ltr'>laqueatis,</span> <span class='ocrx_word' id='word_1_664' title='bbox 1500 5035 1635 5091; x_wconf 87' lang='lat' dir='ltr'>etdomus</span> <span class='ocrx_word' id='word_1_665' title='bbox 1644 5035 1864 5091; x_wconf 73' lang='lat' dir='ltr'>istadesartale</span> 
     </span>
     <span class='ocr_line' id='line_1_51' title="bbox 223 5116 1868 5197; baseline 0.004 -24"><span class='ocrx_word' id='word_1_666' title='bbox 223 5116 265 5174; x_wconf 83' lang='lat' dir='ltr'>eie</span> <span class='ocrx_word' id='word_1_667' title='bbox 275 5117 356 5175; x_wconf 79' lang='lat' dir='ltr'>factis</span> <span class='ocrx_word' id='word_1_668' title='bbox 366 5117 536 5187; x_wconf 77' lang='lat' dir='ltr'>requievisse</span> <span class='ocrx_word' id='word_1_669' title='bbox 551 5119 665 5177; x_wconf 86' lang='lat' dir='ltr'>verbum</span> <span class='ocrx_word' id='word_1_670' title='bbox 680 5122 741 5177; x_wconf 90' lang='lat' dir='ltr'>Dei.</span> <span class='ocrx_word' id='word_1_671' title='bbox 755 5125 874 5194; x_wconf 69' lang='lat' dir='ltr'>Aegeus</span> <span class='ocrx_word' id='word_1_672' title='bbox 885 5124 1022 5197; x_wconf 84' lang='lat' dir='ltr'>interpre·</span> <span class='ocrx_word' id='word_1_673' title='bbox 1063 5123 1169 5178; x_wconf 82' lang='lat' dir='ltr'>Contra</span> <span class='ocrx_word' id='word_1_674' title='bbox 1189 5125 1242 5180; x_wconf 94' lang='lat' dir='ltr'>hoc</span> <span class='ocrx_word' id='word_1_675' title='bbox 1266 5124 1341 5196; x_wconf 91' lang='lat' dir='ltr'>quod</span> <span class='ocrx_word' id='word_1_676' title='bbox 1360 5124 1479 5195; x_wconf 86' lang='lat' dir='ltr'>populus</span> <span class='ocrx_word' id='word_1_677' title='bbox 1500 5122 1620 5189; x_wconf 90' lang='lat' dir='ltr'>dicebat,</span> <span class='ocrx_word' id='word_1_678' title='bbox 1637 5123 1762 5179; x_wconf 90' lang='lat' dir='ltr'>nondum</span> <span class='ocrx_word' id='word_1_679' title='bbox 1788 5124 1868 5181; x_wconf 89' lang='lat' dir='ltr'>venit</span> 
     </span>
     <span class='ocr_line' id='line_1_52' title="bbox 222 5205 1869 5283; baseline 0.004 -20"><span class='ocrx_word' id='word_1_680' title='bbox 222 5209 300 5263; x_wconf 80' lang='lat' dir='ltr'>tetur</span> <span class='ocrx_word' id='word_1_681' title='bbox 312 5205 548 5276; x_wconf 63' lang='lat' dir='ltr'>recusamque</span> <span class='ocrx_word' id='word_1_682' title='bbox 557 5207 685 5264; x_wconf 89' lang='lat' dir='ltr'>innuitur</span> <span class='ocrx_word' id='word_1_683' title='bbox 695 5211 762 5281; x_wconf 84' lang='lat' dir='ltr'>quia</span> <span class='ocrx_word' id='word_1_684' title='bbox 771 5212 819 5282; x_wconf 91' lang='lat' dir='ltr'>qui</span> <span class='ocrx_word' id='word_1_685' title='bbox 830 5213 1021 5269; x_wconf 86' lang='lat' dir='ltr'>solemnitates</span> <span class='ocrx_word' id='word_1_686' title='bbox 1062 5220 1173 5283; x_wconf 89' lang='lat' dir='ltr'>tompus</span> <span class='ocrx_word' id='word_1_687' title='bbox 1195 5214 1295 5268; x_wconf 85' lang='lat' dir='ltr'>domus</span> <span class='ocrx_word' id='word_1_688' title='bbox 1317 5213 1428 5270; x_wconf 88' lang='lat' dir='ltr'>Domini</span> <span class='ocrx_word' id='word_1_689' title='bbox 1455 5211 1634 5275; x_wconf 78' lang='lat' dir='ltr'>edificanda,</span> <span class='ocrx_word' id='word_1_690' title='bbox 1657 5211 1800 5281; x_wconf 84' lang='lat' dir='ltr'>profertur</span> <span class='ocrx_word' id='word_1_691' title='bbox 1824 5229 1869 5269; x_wconf 76' lang='lat' dir='ltr'>ra·</span> 
     </span>
     <span class='ocr_line' id='line_1_53' title="bbox 221 5290 1868 5373; baseline 0.002 -22"><span class='ocrx_word' id='word_1_692' title='bbox 221 5290 335 5351; x_wconf 83' lang='lat' dir='ltr'>Domini</span> <span class='ocrx_word' id='word_1_693' title='bbox 344 5307 401 5347; x_wconf 89' lang='lat' dir='ltr'>non</span> <span class='ocrx_word' id='word_1_694' title='bbox 416 5291 443 5349; x_wconf 95' lang='lat' dir='ltr'>in</span> <span class='ocrx_word' id='word_1_695' title='bbox 461 5292 598 5349; x_wconf 85' lang='lat' dir='ltr'>fermento</span> <span class='ocrx_word' id='word_1_696' title='bbox 611 5297 725 5353; x_wconf 75' lang='lat' dir='ltr'>malitiae</span> <span class='ocrx_word' id='word_1_697' title='bbox 739 5305 768 5354; x_wconf 92' lang='lat' dir='ltr'>et</span> <span class='ocrx_word' id='word_1_698' title='bbox 782 5301 915 5370; x_wconf 81' lang='lat' dir='ltr'>nequitia</span> <span class='ocrx_word' id='word_1_699' title='bbox 929 5301 978 5356; x_wconf 86' lang='lat' dir='ltr'>sad</span> <span class='ocrx_word' id='word_1_700' title='bbox 993 5302 1022 5356; x_wconf 93' lang='lat' dir='ltr'>in</span> <span class='ocrx_word' id='word_1_701' title='bbox 1063 5300 1175 5371; x_wconf 80' lang='lat' dir='ltr'>sponsio</span> <span class='ocrx_word' id='word_1_702' title='bbox 1191 5302 1310 5357; x_wconf 88' lang='lat' dir='ltr'>Domini.</span> <span class='ocrx_word' id='word_1_703' title='bbox 1324 5303 1397 5373; x_wconf 82' lang='lat' dir='ltr'>Ergo</span> <span class='ocrx_word' id='word_1_704' title='bbox 1409 5318 1500 5372; x_wconf 87' lang='lat' dir='ltr'>neque</span> <span class='ocrx_word' id='word_1_705' title='bbox 1511 5308 1623 5371; x_wconf 88' lang='lat' dir='ltr'>tempus</span> <span class='ocrx_word' id='word_1_706' title='bbox 1634 5309 1677 5355; x_wconf 88' lang='lat' dir='ltr'>est</span> <span class='ocrx_word' id='word_1_707' title='bbox 1687 5306 1719 5356; x_wconf 88' lang='lat' dir='ltr'>ut</span> <span class='ocrx_word' id='word_1_708' title='bbox 1729 5316 1776 5356; x_wconf 83' lang='lat' dir='ltr'>vos</span> <span class='ocrx_word' id='word_1_709' title='bbox 1786 5299 1868 5357; x_wconf 87' lang='lat' dir='ltr'>habi·</span> 
     </span>
     <span class='ocr_line' id='line_1_54' title="bbox 221 5378 1869 5461; baseline 0.005 -26"><span class='ocrx_word' id='word_1_710' title='bbox 221 5378 327 5448; x_wconf 80' lang='lat' dir='ltr'>aaymis</span> <span class='ocrx_word' id='word_1_711' title='bbox 341 5379 511 5439; x_wconf 81' lang='lat' dir='ltr'>sinceritatis</span> <span class='ocrx_word' id='word_1_712' title='bbox 525 5388 555 5437; x_wconf 91' lang='lat' dir='ltr'>et</span> <span class='ocrx_word' id='word_1_713' title='bbox 569 5383 693 5441; x_wconf 82' lang='lat' dir='ltr'>veritatis</span> <span class='ocrx_word' id='word_1_714' title='bbox 707 5388 803 5443; x_wconf 86' lang='lat' dir='ltr'>studet</span> <span class='ocrx_word' id='word_1_715' title='bbox 812 5389 962 5453; x_wconf 87' lang='lat' dir='ltr'>celebrare,</span> <span class='ocrx_word' id='word_1_716' title='bbox 975 5389 1021 5445; x_wconf 89' lang='lat' dir='ltr'>hic</span> <span class='ocrx_word' id='word_1_717' title='bbox 1063 5389 1129 5444; x_wconf 87' lang='lat' dir='ltr'>tetis</span> <span class='ocrx_word' id='word_1_718' title='bbox 1143 5390 1173 5445; x_wconf 86' lang='lat' dir='ltr'>in</span> <span class='ocrx_word' id='word_1_719' title='bbox 1187 5390 1349 5460; x_wconf 86' lang='lat' dir='ltr'>compositis</span> <span class='ocrx_word' id='word_1_720' title='bbox 1361 5397 1389 5444; x_wconf 90' lang='lat' dir='ltr'>et</span> <span class='ocrx_word' id='word_1_721' title='bbox 1404 5390 1511 5444; x_wconf 88' lang='lat' dir='ltr'>ornatis</span> <span class='ocrx_word' id='word_1_722' title='bbox 1526 5389 1739 5461; x_wconf 63' lang='lat' dir='ltr'>domibusque</span> <span class='ocrx_word' id='word_1_723' title='bbox 1753 5405 1812 5445; x_wconf 88' lang='lat' dir='ltr'>non</span> <span class='ocrx_word' id='word_1_724' title='bbox 1823 5406 1869 5444; x_wconf 83' lang='lat' dir='ltr'>sc·</span> 
     </span>
     <span class='ocr_line' id='line_1_55' title="bbox 221 5466 1868 5545; baseline 0.007 -24"><span class='ocrx_word' id='word_1_725' title='bbox 221 5466 287 5529; x_wconf 83' lang='lat' dir='ltr'>talis</span> <span class='ocrx_word' id='word_1_726' title='bbox 296 5473 388 5537; x_wconf 84' lang='lat' dir='ltr'>potest</span> <span class='ocrx_word' id='word_1_727' title='bbox 402 5485 562 5527; x_wconf 85' lang='lat' dir='ltr'>sermonem</span> <span class='ocrx_word' id='word_1_728' title='bbox 576 5473 625 5531; x_wconf 91' lang='lat' dir='ltr'>Dei</span> <span class='ocrx_word' id='word_1_729' title='bbox 641 5473 774 5545; x_wconf 85' lang='lat' dir='ltr'>recipere.</span> <span class='ocrx_word' id='word_1_730' title='bbox 787 5495 800 5529; x_wconf 79' lang='lat' dir='ltr'>r</span> <span class='ocrx_word' id='word_1_731' title='bbox 812 5478 855 5532; x_wconf 84' lang='lat' dir='ltr'>Ad</span> <span class='ocrx_word' id='word_1_732' title='bbox 869 5477 1022 5533; x_wconf 85' lang='lat' dir='ltr'>Zorcbabei</span> <span class='ocrx_word' id='word_1_733' title='bbox 1062 5479 1121 5533; x_wconf 89' lang='lat' dir='ltr'>lum</span> <span class='ocrx_word' id='word_1_734' title='bbox 1135 5478 1170 5532; x_wconf 88' lang='lat' dir='ltr'>ad</span> <span class='ocrx_word' id='word_1_735' title='bbox 1187 5495 1269 5535; x_wconf 87' lang='lat' dir='ltr'>usum</span> <span class='ocrx_word' id='word_1_736' title='bbox 1285 5485 1361 5544; x_wconf 82' lang='lat' dir='ltr'>aunt,</span> <span class='ocrx_word' id='word_1_737' title='bbox 1382 5479 1431 5534; x_wconf 83' lang='lat' dir='ltr'>sed</span> <span class='ocrx_word' id='word_1_738' title='bbox 1446 5479 1481 5535; x_wconf 91' lang='lat' dir='ltr'>ad</span> <span class='ocrx_word' id='word_1_739' title='bbox 1495 5479 1618 5535; x_wconf 79' lang='lat' dir='ltr'>delicias.</span> <span class='ocrx_word' id='word_1_740' title='bbox 1635 5478 1672 5535; x_wconf 82' lang='lat' dir='ltr'>m</span> <span class='ocrx_word' id='word_1_741' title='bbox 1685 5477 1777 5535; x_wconf 90' lang='lat' dir='ltr'>dicitis</span> <span class='ocrx_word' id='word_1_742' title='bbox 1791 5494 1868 5535; x_wconf 89' lang='lat' dir='ltr'>uon-</span> 
     </span>
     <span class='ocr_line' id='line_1_56' title="bbox 221 5554 1872 5641; baseline 0.008 -31"><span class='ocrx_word' id='word_1_743' title='bbox 221 5554 312 5611; x_wconf 85' lang='lat' dir='ltr'>diium</span> <span class='ocrx_word' id='word_1_744' title='bbox 324 5556 459 5613; x_wconf 87' lang='lat' dir='ltr'>Saiathiel</span> <span class='ocrx_word' id='word_1_745' title='bbox 472 5559 572 5615; x_wconf 86' lang='lat' dir='ltr'>ducem</span> <span class='ocrx_word' id='word_1_746' title='bbox 584 5562 667 5630; x_wconf 83' lang='lat' dir='ltr'>Juda,</span> <span class='ocrx_word' id='word_1_747' title='bbox 680 5564 756 5618; x_wconf 90' lang='lat' dir='ltr'>etad</span> <span class='ocrx_word' id='word_1_748' title='bbox 770 5565 867 5620; x_wconf 83' lang='lat' dir='ltr'>lesum</span> <span class='ocrx_word' id='word_1_749' title='bbox 882 5567 1022 5621; x_wconf 82' lang='lat' dir='ltr'>tiliumlo-</span> <span class='ocrx_word' id='word_1_750' title='bbox 1062 5566 1130 5622; x_wconf 91' lang='lat' dir='ltr'>dum</span> <span class='ocrx_word' id='word_1_751' title='bbox 1144 5582 1205 5620; x_wconf 88' lang='lat' dir='ltr'>esse</span> <span class='ocrx_word' id='word_1_752' title='bbox 1220 5572 1332 5641; x_wconf 88' lang='lat' dir='ltr'>tempus</span> <span class='ocrx_word' id='word_1_753' title='bbox 1346 5572 1376 5622; x_wconf 88' lang='lat' dir='ltr'>ut</span> <span class='ocrx_word' id='word_1_754' title='bbox 1393 5583 1457 5623; x_wconf 88' lang='lat' dir='ltr'>mea</span> <span class='ocrx_word' id='word_1_755' title='bbox 1469 5568 1574 5639; x_wconf 43' lang='lat' dir='ltr'>domus,</span> <span class='ocrx_word' id='word_1_756' title='bbox 1591 5560 1754 5634; x_wconf 79' lang='lat' dir='ltr'>aedificetur,</span> <span class='ocrx_word' id='word_1_757' title='bbox 1769 5566 1799 5621; x_wconf 89' lang='lat' dir='ltr'>in</span> <span class='ocrx_word' id='word_1_758' title='bbox 1810 5583 1872 5639; x_wconf 65' lang='lat' dir='ltr'>qu2</span> 
     </span>
    </p>
   </div>
   <div class='ocr_carea' id='block_1_12' title="bbox 0 0 1932 6098">
    <p class='ocr_par' dir='ltr' id='par_1_15' title="bbox 0 0 1932 6098">
     <span class='ocr_line' id='line_1_57' title="bbox 0 0 1932 6098; baseline 0 0"><span class='ocrx_word' id='word_1_759' title='bbox 0 0 1932 6098; x_wconf 95' lang='lat' dir='ltr'> </span> 
     </span>
    </p>
   </div>
  </div>
 </body>
</html>
