3818 6104
135 243 187 304 887
340 246 530 303 sermome
548 246 793 303 estensem.
814 246 927 303 episc.
947 244 1028 301 OPP.
1049 242 1142 300 PARS
1159 244 1183 304 1.
1202 258 1239 287 ·-·-
1258 244 1445 307 comus.
1465 248 1560 307 Brun.
1718 246 1773 309 888

169 373 719 440 intueminiautemquantussithic,cui
729 373 1056 440 deeimasdedithquam
1075 386 1093 423 e
1110 369 1227 424 meliore
1249 369 1474 429 benedictionem
1492 375 1632 446 percepit.
1652 375 1774 432 Proinde

135 465 167 517 dc
177 464 326 530 precipuis
339 461 479 514 Abraham
493 461 665 527 patriarcha.
675 461 819 515 Convertit
828 477 932 515 sermo·
973 460 1064 529 maior
1077 474 1110 512 ac
1129 459 1229 513 melior
1243 466 1285 513 est
1304 464 1389 532 typus
1402 461 1519 529 Christi,
1534 479 1623 534 quam
1636 462 1713 516 illius
1727 461 1772 533 qui

135 566 200 605 nem
210 565 291 603 suum
304 549 339 601 nd
350 565 397 601 eos
408 548 455 617 qui
464 547 621 617 gloriantur
630 564 660 601 se
671 549 931 604 tiliosesseltbrahre
973 547 1173 617 promissiones
1187 548 1222 602 de
1237 548 1347 604 Christo
1360 549 1492 605 habebat.

136 646 164 695 et
172 636 466 706 nobilitntcmgeneris
477 635 512 688 ub
522 636 569 688 illo
577 636 679 690 ducere
690 653 720 691 se
726 637 932 707 jactant.Unde
1007 637 1040 690 Et
1060 637 1105 689 hic
1123 638 1234 703 quidem
1253 642 1399 692 subcuntes
1418 640 1544 693 liomines
1561 641 1685 694 decisam
1704 643 1771 695 αισι·

136 731 166 783 in
186 726 336 797 Evangelio
357 724 476 778 Domino
492 740 555 777 eum
570 741 732 794 preponere
746 727 928 787 conabantur,
969 727 1062 791 piant,
1081 725 1121 776 ibi
1142 729 1234 777 autem
1249 731 1428 789 contestatur,
1440 731 1491 795 qui
1501 731 1580 782 uiuit.
1593 728 1658 792 Mic,
1672 727 1768 798 inquit,

135 825 198 872 cum
219 816 345 870 dicerent
361 831 366 865 z
384 815 519 880 h'unquid
535 818 565 866 tu
580 817 671 881 maio-v
689 831 715 869 cs
734 817 815 869 Patre
838 821 931 870 nostro
971 812 1076 866 hocest
1087 813 1117 866 in
1127 815 1259 883 presenti
1270 816 1371 869 seculo
1382 817 1426 870 vel
1436 817 1466 871 in
1478 817 1587 887 templo
1599 816 1676 887 quod
1686 816 1769 875 sdhst

134 904 299 961 Amabam?
314 903 403 966 (ioan
420 901 467 968 ιν.)
484 901 521 955 Ut
540 917 607 971 ergo
623 901 735 956 iliorum
749 903 932 958 confunderet
972 898 1073 964 stabat,
1090 902 1241 956 morientes
1256 903 1394 970 homines,
1410 905 1461 959 tilii
1482 896 1614 959 videlicet
1636 905 1713 970 Levi,
1726 905 1767 976 qni

134 991 306 1064 superbiam,
316 990 467 1061 Apostolus
482 990 551 1043 dixit
566 1009 572 1041 z
588 991 741 1045 Intuemini
753 996 782 1045 et
795 992 932 1047 attendite
972 988 1104 1043 mortales
1118 1006 1151 1043 80
1165 990 1326 1045 moribundi
1339 998 1415 1056 suni·
1427 993 1552 1048 decimet
1566 993 1720 1064 accipiunt,
1733 993 1766 1049 ihi

134 1083 416 1152 diligenterquentus
430 1078 515 1132 tuerit
527 1078 572 1132 hic
585 1080 789 1134 Melchisedech
802 1081 931 1135 sacerdos
972 1082 1078 1139 autem,
1093 1077 1121 1131 id
1132 1084 1176 1132 tsi
1189 1077 1219 1132 ih
1240 1079 1296 1133 alia
1314 1081 1445 1145 vitc‚=vcl
1463 1081 1525 1135 loco
1543 1079 1595 1135 ubi
1617 1081 1722 1136 dicitur
1736 1081 1764 1137 ds

133 1170 184 1225 Dei
196 1168 311 1233 summi,
327 1168 373 1222 cui
387 1167 510 1221 decimas
524 1166 602 1221 dedit
616 1167 757 1222 hbmhnm
772 1168 931 1240 patriarcha
972 1163 1084 1218 Christo
1105 1184 1111 1219 :
1136 1167 1176 1220 Tu
1194 1184 1220 1221 es
1239 1170 1362 1223 sacerdos
1381 1172 1412 1222 in
1431 1174 1578 1235 cunnum,
1599 1175 1762 1225 contestatur

134 1259 168 1314 de
181 1256 338 1329 praecipuis,
361 1256 448 1309 idest
469 1255 505 1309 de
525 1255 688 1310 melioribus
702 1257 808 1327 spoliis.
824 1257 931 1321 Quibus
973 1252 1047 1306 Deus
1067 1253 1152 1308 Peter
1171 1272 1236 1309 cum
1251 1258 1425 1326 juramento,
1456 1257 1524 1327 quia
1543 1257 1614 1311 vivit
1632 1257 1760 1313 Christus

133 1345 224 1403 verbis
238 1345 298 1400 vuit
311 1343 468 1408 ostendere,
484 1343 599 1413 maioris
617 1344 763 1414 dignitatis
777 1352 805 1400 et
816 1347 932 1401 honoris
972 1341 1052 1395 Unde
1066 1342 1135 1396 dicit
1149 1344 1300 1399 psalmista
1316 1363 1322 1399 :
1337 1347 1451 1400 iurauit
1461 1347 1600 1401 Dominus
1614 1351 1640 1401 et
1654 1362 1710 1402 non
1719 1362 1760 1415 ps·

133 1436 220 1490 fuisse
229 1433 431 1488 Melchisedech
443 1449 528 1503 quarn
540 1432 733 1498 Abraham,ac
744 1450 795 1505 per
807 1435 858 1488 hoc
869 1451 930 1488 me·
972 1431 1069 1484 nitebit
1083 1446 1156 1496 eum,
1178 1437 1207 1487 tu
1226 1449 1253 1487 8⁸
1272 1436 1395 1488 sacerdot
1413 1439 1446 1488 t'h
1464 1439 1603 1488 &lethum
1620 1435 1758 1489 wosnich

131 1521 347 1594 jusetsenctius
356 1519 720 1575 ioresscerdotiumchristi
729 1522 931 1591 quamludaeo·
972 1519 1098 1572 ordinem
1109 1521 1300 1575 Melchisedech
1315 1524 1398 1589 (Psat.
1413 1525 1478 1590 ccx).

133 1628 209 1673 rum,
223 1610 302 1681 quasi
317 1608 423 1663 diceret
438 1620 443 1654 τ
462 1607 552 1671 Quem
568 1625 616 1662 vos
628 1609 853 1663 excellentiorem
869 1626 929 1664 om·
1007 1606 1040 1660 Et
1052 1612 1084 1660 ut
1093 1611 1134 1660 ilc
1146 1609 1252 1663 dictum
1262 1613 1309 1676 sit,
1321 1626 1372 1678 per
1383 1611 1526 1665 Abraham
1535 1616 1562 1665 et
1572 1613 1636 1666 Leni
1644 1615 1692 1680 qui
1700 1612 1756 1665 dcci·

133 1699 216 1754 nibus
243 1695 404 1753 hominibus
431 1696 585 1757 estimatis,
615 1696 659 1750 hic
684 1697 808 1752 decimus
828 1696 1032 1787 obtulithas
1055 1699 1167 1764 accepit,
1189 1697 1220 1751 in
1238 1698 1303 1751 tiliis
1322 1698 1389 1764 suis,
1411 1699 1454 1752 vel
1470 1699 1580 1769 accepit
1599 1698 1755 1755 hacteuus!

132 1786 346 1851 Melchisedech,
362 1785 408 1855 qui
424 1784 455 1838 iu
468 1785 559 1855 figure
571 1784 676 1839 Christi
689 1786 840 1855 praecessit.
972 1782 1106 1838 fatribus
1120 1786 1189 1845 suis,
1204 1787 1356 1841 meinaim
1369 1793 1408 1840 est
1421 1787 1665 1855 eMelchisedech,
1680 1789 1754 1843 mnu

168 1878 202 1932 iit
217 1877 328 1944 quidem
346 1876 377 1928 de
393 1875 459 1940 filiis
479 1874 542 1927 dcci
561 1875 743 1927 sacerdotium
758 1877 930 1942 accipientes,
972 1874 1045 1925 eni-m
1062 1876 1094 1925 in
1110 1875 1221 1939 liciniis,
1234 1875 1288 1928 hoc
1306 1881 1350 1929 est
1368 1877 1521 1946 propagine
1540 1876 1668 1943 seminis,
1679 1878 1755 1945 patris

132 1967 297 2019 mandatum
306 1963 931 2030 hahcictdeeimassumercapopulosecundum
972 1965 1031 2014 crat
1049 1962 1111 2015 Levi
1126 1963 1236 2030 quarvdo
1247 1965 1365 2018 obviavit
1375 1968 1401 2018 ei
1411 1966 1617 2020 Melchisedech.
1628 1964 1755 2028 Quomodo

134 2057 228 2121 legem,
242 2053 270 2105 id
280 2056 328 2116 est,
341 2066 359 2103 a
371 2051 510 2117 fratribus
521 2053 589 2114 suis,
602 2066 761 2118 quanquam
770 2056 795 2104 et
803 2051 855 2118 ipsi
863 2053 932 2107 ecie-
973 2047 1039 2102 dicit
1053 2049 1118 2103 Levi
1133 2050 1304 2106 decimatum
1314 2068 1332 2105 a
1342 2053 1556 2120 Melchisedech,
1571 2069 1637 2108 cum
1647 2054 1755 2108 nondun

105 2139 108 2144 '
132 2145 192 2196 rint
202 2141 344 2194 delumbis
356 2140 480 2192 Adraha.
491 2139 581 2192 Tanta
591 2144 643 2200 est,
655 2138 757 2209 inquit,
769 2140 932 2195 excellentis
972 2144 1055 2191 natus
1070 2144 1152 2201 esset,
1170 2139 1325 2210 presertim
1343 2157 1407 2196 cum
1427 2147 1454 2196 et
1474 2142 1550 2196 iilius
1564 2142 1620 2197 snit
1632 2141 1755 2196 naturulis

133 2227 337 2291 sacerdotii,ut
345 2225 433 2279 etiem
441 2225 495 2296 ipsi
504 2226 552 2295 qui
562 2226 692 2280 eumdem
704 2226 860 2282 habuerant
869 2245 931 2299 pro-
971 2224 1080 2280 Jacob?
1105 2227 1208 2298 Utique
1226 2244 1283 2282 non
1305 2235 1349 2284 est
1366 2230 1396 2284 in
1415 2246 1445 2283 se
1471 2230 1639 2308 decimotus,
1665 2230 1711 2284 scd
1730 2229 1754 2284 ix

133 2317 302 2389 genitorem,
318 2321 347 2370 et
360 2314 396 2368 ab
409 2330 465 2368 unc
480 2319 560 2384 patre
574 2315 777 2370 descenderunt
792 2335 798 2370 :
815 2322 931 2387 propter
972 2314 1127 2380 Abraham,
1151 2316 1186 2371 de
1210 2318 1291 2388 cujus
1317 2319 1451 2388 progenie
1469 2319 1629 2376 descendit.
1652 2317 1754 2382 Quando

133 2405 303 2462 excellentie
319 2403 452 2459 meritum
474 2419 529 2473 quo
550 2403 680 2457 meliores
702 2411 783 2458 erant
797 2404 930 2461 iratribus
972 2402 1045 2455 cuim
1054 2402 1196 2457 Abtuhum
1209 2405 1755 2471 decimasobtulihhielchisedoehvissill·

132 2494 202 2559 suis,
215 2497 312 2564 utpote
322 2495 426 2555 heron,
438 2491 486 2562 qui
496 2491 570 2546 inter·
580 2491 654 2545 vivos
665 2497 694 2545 et
703 2498 828 2547 mortuos
839 2498 926 2557 stans,
970 2505 1068 2544 cernes
1087 2491 1137 2544 tilii
1158 2494 1220 2563 ejus
1234 2493 1394 2549 dederunt:
1416 2501 1589 2567 quapropter
1607 2495 1674 2549 dicit
1691 2496 1754 2564 iipo·

131 2584 203 2639 iram
213 2582 324 2637 Domini
335 2581 464 2652 placavit,
478 2580 628 2635 sacerdotii
637 2580 801 2651 dignitatem
812 2582 929 2653 adipisci
970 2577 1069 2645 siclae,
1083 2580 1151 2649 quis
1164 2581 1230 2635 Levi
1247 2582 1295 2652 qui
1310 2582 1432 2637 decimes
1442 2583 1552 2654 accepit
1564 2584 1595 2637 in
1609 2583 1673 2638 siliis
1684 2583 1755 2637 suist

131 2676 316 2736 mererentur,
328 2685 361 2723 sc
370 2674 518 2740 propterea
528 2661 582 2723 n'isi
596 2669 800 2724 Melchisedech
812 2672 928 2741 majoris
970 2666 1102 2721 [rutubus
1116 2670 1184 2732 suis,
1199 2670 1355 2725 decimatus
1377 2678 1421 2726 est
1442 2688 1493 2742 per
1506 2671 1651 2727 Abraham
1665 2671 1717 2726 sive
1731 2670 1756 2725 ir

130 2760 277 2830 dignitatis
291 2765 366 2813 esset
379 2774 462 2828 quam
479 2757 631 2822 Abraham,
647 2772 825 2829 nequequam
839 2758 929 2815 Abra·
970 2753 1126 2809 Abraham.
1143 2756 1250 2820 Quibus
1271 2756 1363 2813 verbis
1377 2758 1549 2825 declaratur,
1564 2761 1633 2832 quia
1647 2759 1699 2815 nisi
1716 2773 1755 2813 ss·

129 2850 196 2904 ham
210 2848 374 2918 alienigene
390 2847 512 2901 decimas
525 2846 658 2905 dedisset.
674 2847 748 2901 sicut
761 2850 855 2902 Aaron
869 2864 929 2902 nra·
970 2842 1126 2897 ccrdctium
1147 2844 1350 2899 Melchisedech
1376 2846 1426 2917 qui
1448 2846 1478 2901 in
1501 2848 1596 2918 figura
1620 2846 1756 2902 sacerdotii

127 2937 197 3007 jocis
214 2936 308 2991 meriti
322 2936 376 2990 tuit
390 2948 474 3006 quam
489 2935 590 2989 fratres
601 2935 677 2989 illics
691 2935 864 3007 reliquarum
879 2937 930 2990 tri-
970 2929 1074 2984 Christi
1093 2933 1243 3001 praecessib
1268 2934 1385 3004 m⁸i⁰ii⁸
1399 2934 1547 3005 dignlfflfis
1561 2942 1648 3003 θὸδθῑ,
1661 2950 1755 3007 ¹¹⁶th

129 3025 228 3080 buum.
253 3024 329 3079 Dicit
348 3040 426 3094 ergo,
450 3030 479 3077 et
503 3024 615 3094 quidem
634 3024 668 3078 de
687 3023 752 3078 tiliis
771 3025 837 3079 Levi
855 2997 1055 3089 acci-Ocnum
1066 3019 1209 3075 Abraham
1221 3037 1375 3093 omnesque
1390 3023 1440 3077 iiiii
1454 3025 1517 3094 ejus
1531 3024 1627 3079 abillo
1637 3006 1753 3080 decimati

131 3111 926 3184 pientmsacecdotium,sicutaccepithsronetfiliiejus,
969 3114 1072 3161 essent·
1085 3108 1754 3168 Dumchitnsacerdotiumeseccrdotiodecimt·

130 3200 296 3255 mandatum
311 3206 340 3252 et
354 3205 523 3269 preceptum
544 3199 649 3254 habent
668 3201 821 3254 secundum
837 3201 927 3271 legem
970 3202 1025 3257 tur,
1040 3196 1154 3266 maioris
1166 3197 1312 3268 dignitatis
1326 3215 1415 3254 unum
1430 3201 1520 3256 altero
1532 3202 1698 3257 ostenditur.

130 3305 243 3343 sumere
257 3287 380 3341 decimas
398 3305 416 3341 c
437 3287 550 3357 populo,
566 3289 645 3356 quasi
666 3289 796 3343 meliores
814 3290 879 3355 iltis,
899 3296 929 3345 et
1003 3284 1035 3340 Si
1053 3300 1115 3352 cruc
1134 3291 1335 3342 consummatio
1351 3304 1401 3356 per
1419 3292 1607 3344 sacerdotium
1621 3293 1751 3346 tuitionis

129 3377 183 3431 hoc
193 3393 210 3429 e
220 3375 353 3430 iratribus
365 3375 433 3436 suis,
444 3391 507 3429 cum
517 3391 606 3428 unum
617 3377 803 3447 camdemque
812 3377 928 3433 hsbuis-
969 3378 1028 3426 erat
1041 3376 1168 3442 (philistii
1182 3378 1258 3428 ‘iiim
1268 3378 1319 3429 διὸ
1333 3380 1390 3444 ipso
1406 3382 1490 3445 lehem
1504 3380 1631 3449 “miili
1641 3378 1750 3449 iiim

130 3471 194 3520 sent
202 3464 419 3536 progenitorem,
424 3465 505 3534 juxta
514 3463 745 3535 quodApostolus
754 3466 926 3533 manifestat,
970 3461 1748 3531 hucnecessariumsuitsecuudumordinemdiclchicsdech

130 3554 226 3610 dicens
241 3572 246 3606 ι
264 3554 432 3624 Quanquam
447 3558 476 3606 et
487 3552 540 3623 i'psi
560 3551 661 3606 lintres
675 3552 741 3607 Levi
756 3553 875 3609 exierint
892 3555 927 3610 de
968 3551 1058 3603 ulium
1065 3553 1473 3619 exsurgereeaccidotemetnon
1481 3558 1635 3611 secundum
1642 3556 1747 3610 ordines

130 3643 234 3699 lumbis
250 3642 377 3697 hbralue.
968 3639 1060 3692 Aaron
1072 3640 1143 3693 dici?
1165 3642 1394 3696 Translatoenim
1403 3645 1565 3708 sacerdotio,
1578 3660 1675 3699 necesse
1682 3645 1744 3697 utut

165 3733 252 3802 duim
268 3737 359 3785 autem
375 3733 525 3799 petieratis,
542 3731 570 3784 id
585 3737 627 3786 est
641 3731 854 3796 Melchisedech,
871 3748 928 3787 non
969 3733 994 3781 ct
1011 3730 1076 3793 lepis
1091 3731 1239 3783 trucidatio
1251 3732 1309 3798 nat.
1325 3730 1396 3784 Hinc
1409 3731 1507 3803 incipit
1518 3734 1580 3803 jam
1594 3727 1744 3805 pleniusdii·

129 3826 339 3877 annuineratur
352 3822 385 3874 in
404 3823 451 3883 u'e,
472 3818 501 3873 id
520 3824 563 3874 est
580 3818 610 3874 in
629 3819 695 3874 tiliis
714 3820 787 3884 Levi,
809 3822 928 3875 decim
969 3815 1103 3870 scientias
1118 3817 1189 3871 Novi
1199 3819 1371 3872 Testamenti
1384 3820 1534 3875 ostendere
1548 3821 1683 3888 dioecesi
1695 3833 1741 3874 ccc·

129 3913 247 3978 sumpsit
261 3911 296 3963 ab
310 3909 462 3973 Abraham,
479 3913 503 3962 ct
518 3908 602 3971 lianc,
619 3908 647 3962 id
662 3913 706 3963 cst
715 3907 867 3971 hbrahsm,
879 3912 928 3978 qus·
969 3905 1131 3970 summano,
1143 3905 1172 3960 id
1181 3911 1226 3961 est
1233 3907 1368 3978 perfectio
1377 3908 1440 3962 vitre
1450 3908 1738 3980 aiquejuscincauom.

130 4000 243 4055 mucia
264 4000 486 4066 repromissiones
506 3997 541 4050 de
559 3996 629 4051 Filio
648 3997 708 4061 Dei,
731 3999 868 4051 benedicit
882 3998 928 4053 ille
968 4009 1020 4064 per
1037 3993 1224 4048 secerdotium
1245 3993 1401 4049 Leviticum
1418 3997 1483 4058 fuit,
1503 3998 1572 4067 quid
1585 3995 1738 4055 necesmhit

128 4086 344 4142 Melchisedech.
361 4086 412 4138 iiic
425 4084 549 4141 ostendit
563 4085 786 4140 incircumcisum
801 4087 928 4141 sacerdo⁴
967 4081 1056 4137 aliurn
1078 4098 1228 4154 exsurgere
1255 4084 1430 4139 sacerdotem
1455 4087 1615 4143 secundum
1637 4087 1736 4142 ordines

129 4178 198 4238 tem,
210 4173 373 4227 circumciso
388 4172 532 4226 sacerdote
546 4173 633 4227 multo
648 4189 709 4228 esse
722 4173 926 4229 sublimiorem.
968 4169 1192 4226 Melchisedech?
1204 4174 1276 4227 Nem
1286 4173 1354 4244 quie
1363 4174 1456 4228 Aaron
1465 4175 1592 4245 primurn
1602 4177 1734 4248 postlegur

130 4259 276 4322 Quomodo
295 4274 361 4328 ergo
380 4259 433 4312 hoc
454 4259 632 4312 ostenditur?
649 4260 760 4331 Utique,
782 4263 849 4334 quie
867 4263 926 4333 ipse
967 4258 1245 4316 datemsecerdotem
1255 4260 1342 4316 fuisse
1352 4262 1387 4316 de
1397 4262 1472 4317 tribu
1482 4264 1559 4331 Levi,
1568 4266 1637 4321 nuhi
1645 4262 1733 4319 dubim
1791 4314 1793 4329 ,

129 4345 195 4400 Levi
206 4360 240 4399 ex
250 4361 305 4415 quo
315 4345 488 4400 sacerdotale
499 4358 589 4415 genus
600 4353 693 4402 adum
705 4355 757 4409 est.
772 4350 926 4405 decimatus
968 4354 1020 4409 est,
1043 4348 1106 4403 ideo
1124 4349 1312 4404 secerdotium
1332 4366 1388 4422 quo
1412 4350 1526 4406 iunctus
1545 4357 1589 4407 est
1612 4351 1733 4408 invium
1791 4358 1793 4403 ζ

130 4440 174 4489 est
187 4449 204 4487 a
218 4432 424 4487 Melchisedech
435 4433 464 4486 in
477 4432 580 4487 lumbis
594 4437 779 4506 progenitoris
792 4439 844 4505 sui,
854 4441 926 4510 jern-
967 4436 1122 4491 nominavit
1134 4437 1335 4508 secerdotium,
1349 4439 1394 4494 vel
1406 4446 1493 4506 certe,
1509 4441 1558 4513 qui
1576 4442 1635 4513 ipse
1646 4434 1732 4497 inviis

130 4532 185 4595 que
198 4528 260 4581 erat
272 4521 415 4576 Abraham
430 4521 620 4587 circumcisus,
633 4525 750 4595 jamque
764 4528 927 4597 promissio·
968 4525 1034 4578 tiliis
1046 4525 1104 4579 suis
1115 4526 1231 4596 junctus
1244 4533 1289 4581 est
1302 4527 1363 4597 ipso
1377 4529 1544 4585 sacerdotio.
1560 4531 1633 4585 Nam
1642 4529 1732 4596 abnepc

129 4628 194 4668 nem
210 4628 228 4667 a
242 4612 299 4667 Deo
313 4617 459 4682 acceperet
473 4611 548 4681 quod
564 4611 593 4665 in
607 4612 714 4667 semine
734 4615 795 4684 ejus
812 4615 928 4669 benedi·
968 4618 1010 4667 tes
1021 4614 1097 4669 illius
1106 4622 1291 4685 susceperunt
1300 4615 1500 4687 iiiud‚Moyses
1506 4619 1731 4675 scilicetethsmt

128 4709 230 4759 centur
243 4718 342 4756 omnes
350 4706 459 4772 gentes,
472 4699 584 4771 quando
595 4700 759 4756 benedictus
772 4709 817 4757 est
831 4720 847 4756 a
862 4704 928 4758 Mel·
968 4717 1032 4755 curn
1047 4702 1162 4772 reliquis
1175 4702 1310 4758 hatribus
1325 4704 1384 4759 suis
1408 4720 1440 4759 ex
1462 4707 1566 4762 eedem
1587 4707 1667 4762 tribu.
1681 4704 1730 4759 ΝΜ

129 4791 276 4847 chisedech
289 4790 435 4847 sacerdote
456 4788 661 4855 incircumciso,
677 4790 747 4845 dans
766 4791 790 4845 ei
805 4791 927 4848 decimes
968 4790 1034 4845 Levi
1051 4791 1151 4861 genuit
1174 4792 1272 4852 Centh.
1296 4792 1386 4847 Caath
1409 4809 1476 4849 vero
1502 4797 1628 4863 hmrsm,
1645 4798 1730 4851 huilli

129 4879 216 4933 totius
228 4876 701 4949 praedae.Beuediccnsautemeum
712 4878 926 4947 Melchisedech,
968 4885 1065 4933 autem
1078 4880 1178 4950 genuit
1191 4881 1307 4952 Moysen
1327 4886 1356 4935 et
1376 4883 1481 4938 Aaron.
1498 4884 1620 4957 ideoque
1631 4883 1689 4939 dicit
1696 4891 1730 4950 ph
1789 4890 1793 4943 i

130 4964 201 5019 dixit
216 4966 292 5030 (Gan.
304 4972 357 5028 xvv)
372 4985 377 5019 :
395 4967 565 5022 Benedictus
580 4966 721 5020 Abraham
736 4967 794 5022 Deo
809 4969 926 5036 excelso,
968 4968 1065 5038 pulum
1081 4967 1133 5023 sub
1155 4969 1217 5040 ipso
1238 4969 1395 5025 sacerdotio
1417 4971 1510 5043 legem
1534 4974 1674 5047 accepisse,
1687 4964 1730 5039 ιιι·

131 5066 187 5122 quo
202 5057 374 5121 protegente,
388 5055 483 5109 hostes
494 5056 523 5109 in
537 5072 623 5110 manu
633 5056 693 5124 ejus
708 5057 842 5127 prostrati
850 5064 926 5126 sunt,
968 5055 1082 5128 Moyses
1095 5062 1124 5112 et
1144 5058 1238 5112 haren
1258 5059 1399 5130 principes
1417 5067 1501 5117 eraut
1519 5063 1575 5117 iilis
1593 5056 1730 5133 numnis·

133 5142 161 5192 et
174 5137 230 5190 alia
245 5152 308 5207 quse
322 5148 477 5209 sequuntur
494 5143 635 5198 incudem
654 5143 724 5197 loco.
967 5145 998 5199 in
1018 5146 1140 5217 populo,
1161 5146 1209 5216 qui
1228 5147 1317 5218 ipsam
1333 5148 1425 5219 legem
1446 5141 1730 5207 administracionis

166 5225 234 5281 Sine
244 5227 304 5277 alla
314 5230 387 5280 enirn
396 5231 693 5300 corrtrudicticnequod
700 5236 795 5286 ricinus
804 5238 842 5288 cst
851 5250 927 5288 ame·
967 5235 1043 5289 tribu
1058 5234 1224 5289 sacerdotali
1238 5241 1382 5290 exeuntes.
1391 5237 1465 5308 Ergo
1475 5240 1630 5295 sacerdotio
1640 5233 1730 5295 Levitis

133 5317 202 5371 licre
217 5314 395 5367 beaulicitur.
408 5316 492 5378 Quasi
507 5317 612 5373 diceret
627 5335 632 5368 :
649 5321 786 5376 Omnibus
800 5323 862 5377 luce
873 5325 928 5378 cla·
968 5323 1056 5378 multo
1075 5324 1230 5379 meliorest
1241 5325 1310 5379 ordo
1324 5325 1474 5381 sacerdotii
1488 5327 1688 5391 Melchisedech,
1699 5317 1731 5393 pi

129 5403 191 5460 rius
214 5402 335 5465 ridetur,
354 5403 429 5472 quod
455 5403 548 5459 minor
567 5423 584 5460 a
603 5409 708 5478 majore
735 5410 922 5469 benedicitur.
968 5421 1068 5485 typum
1080 5413 1197 5485 gerebat
1208 5414 1360 5470 sacerdotis
1373 5417 1461 5471 nostri
1475 5434 1481 5470 :
1496 5410 1732 5491 nequaquamasiffi

131 5493 212 5579 Unde
229 5489 372 5548 Abraham
391 5492 472 5568 quasi
498 5493 590 5549 minor
607 5512 625 5549 e
642 5497 845 5557 Melchisedech
863 5507 928 5558 tan·
967 5503 1085 5562 dixisset
1102 5503 1258 5561 secuudum
1276 5503 1406 5561 ordinem
1423 5505 1636 5581 Melchisedech,
1649 5506 1670 5563 si
1684 5495 1734 5559 hd
