3818 6104
151 213 204 272 921
503 215 692 304 uaeoslrto
708 219 746 271 ΙΝ
768 217 844 272 ΕΡΡ.
862 218 890 272 S.
909 218 1025 272 PAULI.
1046 252 1070 260 -
1090 217 1127 270 ΙΝ
1144 215 1253 269 aelst.
1271 213 1318 267 Ab
1335 211 1441 269 flaua.
1736 202 1789 261 9ἳῖ

150 355 211 395 non
226 341 330 397 meruit
344 342 527 397 eoshaeredes
541 342 691 397 sacerdotii
707 349 769 414 post
783 359 812 396 se
827 342 982 402 derelin·lt
1030 343 1225 397 Omniscetem
1235 331 1790 407 disciplinainpresentiquidcmoidctur

151 447 243 500 ‘luel‘
258 434 284 498 il
296 433 357 498 Rei·
375 441 405 500 ¹)-
992 449 1046 484 non
1062 448 1114 483 csse
1127 431 1234 497 eistadii,
1247 429 1291 481 scd
1302 428 1426 480 creareris
1434 442 1441 485 ;
1452 429 1543 501 pionica
1557 426 1649 475 autent
1664 421 1789 488 [ruciam

191 521 268 586 Quod
280 523 306 572 si
318 525 397 573 estro
419 520 597 588 disciplinam
612 523 686 586 estis,
703 524 783 588 crrjrcs
802 523 951 588 participer
989 522 1200 588 praesentissimus
1228 517 1384 569 eremitalis
1408 529 1457 582 prr
1471 528 1529 565 eam
1555 510 1785 578 reddcljustitia.

151 608 226 674 socii
240 614 306 662 sunt
320 624 414 662 orrrncr
424 606 488 661 boni
498 608 604 671 biii,rel
615 608 712 662 Patres
723 609 811 662 sancti
822 608 952 679 superius
993 608 1101 663 Orrnris.
1112 607 1213 677 inquit,
1223 603 1370 675 disciplina
1387 608 1443 655 tarn
1456 603 1580 655 humana
1591 615 1675 670 quam
1685 596 1789 662 divina,

151 694 315 760 memorati,
326 712 399 762 erqo,
410 697 566 750 adulterini
573 702 598 749 cl
610 714 662 750 reon
674 700 729 765 filli
738 701 807 751 estis.
819 697 951 765 Quisquis
992 702 1059 750 tunc
1077 696 1188 766 quando
1214 693 1341 754 discitur,
1355 707 1411 745 non
1432 689 1544 743 videtur·
1568 703 1629 742 esse
1643 685 1792 757 disciplina

156 788 239 836 extra
253 782 428 853 disciplinam
448 783 561 837 Domini
579 788 684 846 manet,
700 785 780 853 cujus
799 782 951 854 disciplinae
990 774 1793 855 gaudii,sedruoeroris.1deoauaemtraneomnemetdi-

152 870 307 941 participes
321 872 385 925 t'acti
401 877 468 925 sunt
481 888 579 926 omnes
594 871 658 925 boni
670 872 718 925 biii
735 872 904 943 pertinentes
915 871 951 925 ad
995 873 1087 926 vinnm
1102 878 1130 927 et
1145 872 1297 925 humanam
1315 866 1490 938 disciplinam
1507 864 1694 934 vocarit,quia
1707 861 1791 933 quid-

151 959 685 1024 hrereditatemroeIestem,adulterinus
695 961 769 1015 lilius
777 967 884 1027 estnec
893 977 952 1030 per·
994 962 1060 1032 quid
1076 960 1202 1023 discitur,
1217 956 1364 1028 disciplina
1383 961 1507 1008 vocatur.
1529 952 1635 1007 Idcirco
1651 952 1745 1006 nutem
1760 950 1790 1004 in

151 1048 228 1102 tinet
238 1049 272 1102 ad
286 1049 479 1103 hereditatem
491 1050 717 1120 paternamquia
727 1066 783 1105 non
794 1049 954 1104 estliliusii·
994 1049 1187 1121 praesentinon
1197 1047 1307 1101 ridetur
1316 1043 1463 1115 disciplina
1472 1041 1578 1113 gaudii,
1591 1041 1640 1096 sed
1650 1037 1789 1104 meroris,

151 1135 236 1191 berae.
253 1138 355 1192 Curetc
371 1155 405 1192 ne
420 1137 482 1192 sitis
505 1138 657 1193 adulterini
681 1138 740 1192 srlii.
759 1139 864 1193 Omnes
876 1138 951 1191 enim
994 1139 1125 1210 quoniam
1146 1136 1305 1206 flagellatur
1319 1132 1472 1203 saepissime
1485 1137 1513 1185 et
1528 1129 1740 1200 constringitur,
1755 1125 1789 1180 de

150 1225 281 1280 inlideles
295 1232 324 1280 et
336 1227 510 1297 negligentes
519 1227 751 1298 disciplinamque
765 1226 877 1281 Domini
888 1242 952 1279 con·
992 1227 1085 1299 quaid
1097 1217 1791 1296 agitursustinetlamam,patiturlrigusomnem·

150 1320 322 1378 temnentes,
336 1316 487 1370 adulterini
497 1322 526 1370 et
535 1333 590 1371 uon
604 1317 653 1371 biii
668 1319 950 1388 reputanturdlcindc
992 1333 1046 1386 que
1061 1314 1195 1369 laborem.
1220 1314 1257 1366 ht
1272 1325 1336 1364 vero
1350 1325 1413 1362 cum
1425 1307 1582 1378 pervenerit
1596 1307 1631 1361 ad
1644 1305 1791 1375 perlectio-

148 1410 245 1471 patrer
255 1406 366 1472 quidem
379 1405 526 1458 lrabrdmus
541 1408 702 1468 elucidares,
718 1412 742 1459 el
758 1408 950 1460 rererrbenmr
991 1421 1065 1468 neni,
1091 1403 1204 1473 gaudet,
1226 1400 1347 1459 lactatur,
1361 1396 1610 1466 gratissimamque
1627 1393 1787 1448 mercedem

150 1508 204 1546 eos.
221 1495 295 1546 lt'nm
313 1495 400 1546 rrrrdlo
410 1496 499 1560 irrepis
511 1495 755 1561 obtemperabimus
769 1497 849 1547 l’ulri
862 1498 949 1561 spiri·
991 1493 1099 1563 recipit,
1112 1493 1183 1544 sicut
1193 1487 1345 1560 Apostolus
1356 1483 1441 1537 dicit:
1455 1484 1566 1548 Postea,
1576 1480 1716 1553 inquiens,
1726 1497 1790 1534 cum

152 1586 282 1641 teneruit
296 1584 419 1634 cit-emus·
431 1580 567 1643 illeinde,
579 1582 713 1635 sulmudis
723 1582 953 1636 considerarede-
994 1580 1152 1651 pervenerit
1165 1579 1200 1632 ad
1217 1577 1328 1631 culmen
1343 1572 1532 1644 perfectionis,
1545 1571 1638 1625 reddit
1652 1571 1678 1625 ei
1690 1570 1788 1624 eadem

150 1667 332 1739 bemus,quia
345 1680 439 1740 patres
454 1668 602 1723 habuimus
616 1671 782 1732 eruditores,
799 1677 827 1724 et
837 1670 953 1724 timeba-
962 1694 983 1752 B
993 1669 1139 1740 disciplina
1155 1664 1365 1738 pacatissimum
1382 1661 1503 1714 fructum
1521 1660 1638 1730 justitia
1663 1676 1713 1730 per
1726 1675 1790 1712 eam

150 1772 217 1810 mus
232 1773 290 1822 eos,
306 1773 398 1811 nonne
415 1757 503 1811 multo
519 1758 607 1828 magis
622 1757 878 1829 obtemperabimus
893 1760 950 1813 Deo
992 1757 1160 1821 exercitatis,
1174 1756 1254 1809 idest
1267 1769 1316 1824 per
1331 1749 1457 1804 eamdem
1473 1750 1648 1820 disciplinam
1663 1746 1788 1820 probatis

149 1845 226 1916 patri
237 1845 399 1917 spirituum,
411 1847 570 1901 etriremus
585 1848 612 1901 in
627 1848 717 1917 gloria
727 1847 854 1902 aeterna?
868 1849 951 1902 Pater
992 1853 1076 1917 atque
1087 1844 1361 1916 perfectis.Fructum
1379 1843 1474 1893 autem
1492 1837 1700 1911 pacatissimum
1710 1839 1790 1890 vocat

150 1934 305 2005 spirituum
323 1935 364 1989 rel
374 1941 484 1989 creator
504 1936 673 2001 animarum,
690 1938 759 1991 lteus
774 1936 951 2008 omnipotens
990 1934 1182 2005 gratissimam
1194 1939 1279 2004 atque
1293 1932 1516 2004 acceptissimam
1531 1924 1788 1983 remunerationem

153 2028 206 2085 est,
225 2023 290 2093 quia
309 2025 403 2077 omnia
429 2025 534 2079 crearit
548 2025 668 2096 prirmnn
689 2043 721 2079 er
740 2026 835 2089 nihilo,
848 2025 950 2079 deinde
992 2039 1077 2093 quam
1097 2021 1255 2093 percipiunt
1269 2021 1297 2074 hi
1315 2022 1362 2093 qui
1390 2038 1440 2093 per
1463 2018 1590 2073 eamdem
1612 2012 1788 2084 disciplinam

149 2126 216 2165 vero
230 2127 263 2164 ex
278 2111 423 2166 elementis
437 2129 555 2183 corpora
571 2115 725 2177 hominum,
738 2115 950 2187 alienorumque
992 2116 1157 2164 exercentur·
1170 2116 1255 2180 atque
1271 2110 1433 2181 probantur.
1445 2107 1525 2162 Verbi
1538 2105 1631 2176 gratia
1646 2118 1652 2157 :
1667 2100 1788 2158 Romani

148 2199 329 2264 animalium,
341 2201 463 2255 aniruam
476 2218 539 2256 vero
551 2202 673 2256 bortrinis
688 2220 720 2257 ex
738 2205 826 2258 nihilo
836 2206 949 2272 creant,
991 2198 1196 2269 tironesque
1208 2198 1356 2270 disciplina
1366 2198 1407 2252 rei
1419 2196 1548 2251 militatis
1557 2198 1623 2249 sunl
1632 2189 1785 2255 θῑῦῑΰῑὶὶῑῒῑ,

148 2294 178 2342 et
207 2295 289 2343 creat
316 2290 416 2344 adhuc.
443 2291 505 2344 Non
524 2297 567 2345 est
594 2292 668 2345 enirn
689 2294 855 2362 putandum,
875 2296 950 2364 quod
992 2287 1082 2341 muita
1104 2288 1245 2341 contraria
1261 2287 1381 2358 primum
1397 2276 1568 2341 sustinentes
1589 2277 1788 2354 posteagarisi

151 2375 250 2430 anima
271 2392 336 2448 pars
355 2377 473 2432 Deitatis
487 2380 533 2441 sit,
551 2381 684 2450 quoniam
710 2381 805 2435 Deitas
826 2398 881 2435 nen
908 2389 951 2436 est
991 2382 1066 2442 sunt,
1083 2376 1274 2430 monarchiam
1290 2375 1377 2430 totius
1392 2375 1466 2429 orbis
1480 2372 1663 2445 possidentes.
1682 2368 1788 2424 Simili·

148 2469 257 2525 create,
274 2465 368 2518 enimn
380 2471 473 2520 autem
485 2476 578 2521 creata
594 2474 645 2522 est.
663 2468 769 2523 Idcirco
780 2474 874 2524 autem
887 2487 948 2524 om·
990 2471 1034 2519 ter
1048 2465 1261 2536 intelligendum
1274 2465 1308 2519 de
1323 2464 1366 2518 his
1376 2465 1423 2536 qui
1435 2465 1464 2517 in
1478 2461 1626 2532 disciplina
1636 2459 1730 2513 divina
1742 2457 1787 2511 al-

140 2552 320 2623 mipotentem
328 2554 942 2629 Deumcreatoremanimarumappellatnon
990 2555 1135 2624 lliguutur,
1148 2555 1195 2625 qui
1211 2553 1325 2625 praemia
1339 2559 1444 2607 aeterna
1463 2549 1602 2621 recepturi
1621 2554 1696 2612 sunt,
1714 2548 1788 2601 sicut

141 2658 307 2713 corporum,
324 2659 387 2697 curu
403 2644 528 2698 omniurn
556 2651 666 2699 creator
685 2648 730 2712 sit,
756 2648 822 2718 quia
844 2664 944 2718 corpus
984 2644 1073 2697 sancti
1089 2643 1218 2714 apostoli,
1228 2649 1366 2714 martyres
1382 2648 1410 2695 et
1425 2641 1554 2695 doctores
1567 2637 1704 2692 Ecclesiae⁴
1720 2638 1786 2690 Pre-

141 2736 274 2784 nostrum
290 2746 322 2784 ex
337 2731 444 2785 semine
458 2739 574 2802 paterne
585 2734 725 2805 simulque
737 2742 863 2789 materno
876 2751 944 2790 con·
982 2737 1046 2801 pter
1059 2734 1130 2801 quod
1141 2735 1267 2785 immissos
1280 2747 1379 2784 tirellus
1391 2737 1414 2783 cl
1429 2732 1519 2782 soluta
1538 2742 1628 2796 penna
1643 2726 1748 2791 eripite,
1761 2727 1786 2776 cl

141 2819 241 2874 licitur
254 2836 259 2871 :
271 2818 367 2872 anima
381 2836 445 2873 vero
455 2837 566 2892 semper
579 2838 596 2874 a
610 2823 668 2877 Deo
679 2840 711 2877 ex
725 2824 810 2878 nihilo
821 2831 942 2879 creatur.
983 2837 1091 2888 pressus
1111 2826 1194 2873 eccles
1209 2822 1291 2887 focile
1305 2820 1419 2888 pedibas
1435 2821 1540 2880 cestris,
1556 2821 1587 2870 nt
1602 2831 1657 2868 nort
1670 2812 1783 2867 claruit·

141 2909 184 2973 si,
198 2908 300 2978 inquit,
314 2914 407 2977 patres
416 2910 542 2964 carnales
554 2911 732 2975 timebamus,
745 2912 945 2984 aquibustem-
985 2926 1051 2964 cares
1061 2913 1122 2979 quis
1132 2914 1214 2973 erret,
1227 2912 1315 2976 irrepis
1326 2913 1418 2962 aulem
1429 2912 1553 2961 sereretur.
1563 2883 1785 2976 Propterquod?

142 2996 287 3068 poraliter
300 2996 508 3065 erudiebamur,
526 3006 557 3053 ut
570 2999 695 3054 haeredes
708 3002 819 3056 illorum
834 2968 969 3058 merea·C
988 2998 1054 3069 quia
1065 3007 1178 3070 propter
1188 2997 1367 3068 disciplinam
1383 2995 1520 3051 mercedis
1534 2993 1679 3066 praemium
1690 2991 1786 3046 reddi·

142 3101 211 3140 mur
226 3085 407 3156 lieri,quanto
417 3087 505 3157 magis
520 3088 646 3143 Creatori
660 3091 817 3144 animarum
829 3091 943 3144 obedire
984 3092 1040 3149 tur,
1063 3086 1256 3157 gaudiumque
1278 3084 1462 3155 subsequitur
1486 3101 1491 3135 :
1517 3083 1559 3137 rel
1583 3088 1733 3154 propterea
1754 3084 1787 3135 ut

139 3180 232 3244 atque
246 3172 440 3245 obtemperare
453 3175 598 3240 debemus,
614 3185 647 3231 ut
660 3192 723 3232 cum
746 3179 795 3233 illo
810 3179 838 3233 in
853 3179 944 3249 gloria
985 3175 1097 3247 possitis
1110 3175 1301 3229 hereditatem
1313 3190 1465 3244 supernam
1480 3189 1543 3227 cum
1555 3171 1636 3226 bonis
1646 3170 1711 3225 filiis
1721 3185 1786 3241 per·

140 3266 258 3318 ntem
271 3261 454 3317 beatitudinis
466 3264 599 3319 vivamus.
612 3267 669 3320 Nec
678 3268 855 3322 solummodo
869 3269 946 3322 dilic·
986 3265 1088 3335 cipere.
1101 3264 1235 3317 remissas
1259 3279 1360 3317 memus
1372 3280 1389 3315 n
1403 3261 1476 3315 bono
1491 3278 1584 3332 opere,
1602 3266 1630 3314 et
1644 3265 1787 3330 torpentes

142 3351 239 3405 rentio
254 3357 298 3405 est
312 3351 386 3405 inter
409 3368 457 3406 eos
478 3360 592 3424 propter
602 3355 798 3411 discretionem
815 3374 946 3428 persona·
987 3355 1043 3408 otio
1051 3346 1169 3424 pigritia
1182 3371 1187 3405 :
1202 3359 1232 3406 et
1242 3351 1334 3406 soluta
1344 3368 1437 3421 genua
1453 3351 1551 3420 erigite
1564 3350 1600 3402 ad
1615 3349 1687 3403 bona
1701 3363 1788 3420 opera

141 3455 219 3502 rum,
236 3439 303 3509 quia
313 3439 360 3493 isti
379 3441 494 3505 terreni,
513 3442 559 3496 ille
574 3449 617 3496 est
630 3444 759 3507 celestis,
785 3446 834 3498 sed
860 3446 945 3501 etiam
987 3443 1105 3514 agenda·
1125 3442 1178 3496 Per
1194 3442 1278 3513 pedes
1293 3448 1389 3495 autem
1410 3447 1552 3510 etgenua,
1568 3438 1702 3493 debemus
1717 3437 1788 3492 acci·

143 3528 208 3598 ipsa
224 3543 310 3582 causa
322 3528 475 3599 disciplinae
490 3537 574 3601 atque
593 3532 768 3586 eruditionis.
792 3535 854 3588 Non
869 3536 944 3589 enim
988 3549 1053 3603 pere
1069 3531 1142 3585 bona
1157 3547 1251 3602 opera,
1266 3530 1337 3584 sicut
1361 3535 1390 3584 et
1404 3547 1455 3601 per
1477 3544 1587 3592 uranus,
1603 3544 1653 3598 per
1672 3543 1787 3597 gressus

145 3616 181 3670 ad
197 3616 328 3670 eamdem
343 3633 467 3684 causam,
484 3620 526 3673 rel
539 3621 573 3673 ad
589 3636 634 3674 res
649 3621 789 3691 spiritales
801 3623 944 3687 erudiunt,
987 3625 1080 3673 autem
1091 3618 1264 3672 intellectum
1276 3618 1516 3686 intentionemque
1523 3616 1666 3679 urentis,et
1673 3619 1715 3667 est
1725 3630 1786 3667 sen·

143 3705 190 3759 sed
207 3704 243 3758 ad
254 3704 282 3758 id
299 3706 372 3776 quod
392 3707 432 3762 eis
448 3707 566 3774 videtur,
582 3709 654 3763 sicut
667 3711 816 3781 apostolus
827 3712 946 3766 manile·
987 3723 1034 3760 sus
1051 3725 1056 3757 :
1072 3707 1152 3759 Talia
1166 3723 1252 3776 opera
1270 3706 1426 3776 agile,quae
1443 3704 1597 3775 perlectum
1613 3700 1786 3754 intellectum

144 3798 212 3853 stat.
234 3792 354 3847 dicens:
382 3796 415 3848 lil
442 3799 487 3848 illi
507 3799 628 3864 quidem,
646 3802 739 3868 patres
754 3799 892 3862 carnales,
913 3816 945 3853 ex
988 3794 1114 3848 habeant
1128 3796 1201 3865 quod
1219 3795 1290 3848 bona
1310 3794 1465 3849 intentione
1480 3792 1558 3847 hant.
1575 3790 1668 3856 Recte,
1683 3789 1784 3861 inquit,

145 3897 267 3952 quorum
278 3881 508 3954 seminecorpora
517 3886 698 3956 sumpsimus,
713 3891 742 3939 in
754 3892 946 3955 tcrrrpercpan-
985 3883 1140 3947 ambulate,
1158 3901 1192 3936 ne
1210 3883 1375 3937 claudicatio
1390 3883 1452 3953 plus
1466 3886 1618 3945 accrescat,
1630 3878 1678 3934 sed
1693 3877 1786 3949 potius

145 3985 243 4023 corurn
258 3971 381 4035 dicerem,
397 3974 820 4028 secundamsuomvoluntalem
835 3977 945 4029 erudie-
986 3972 1022 4025 ad
1041 3977 1145 4026 statum
1166 3972 1343 4027 rectitudinis
1367 3974 1501 4044 erigatur.
1527 3968 1667 4024 Remissas
1686 3983 1786 4022 manus

147 4059 213 4114 lent
228 4075 278 4113 nos
294 4078 302 4112 .·
315 4060 361 4113 bic
373 4066 476 4122 sulcen,
486 4061 680 4116 Paterscilicet
690 4062 852 4134 spirituum,
864 4065 900 4116 ed
916 4064 944 4116 id
987 4066 1015 4114 et
1023 4076 1118 4129 genua
1131 4061 1223 4114 soluta
1236 4061 1349 4115 inundat
1364 4063 1482 4133 erigere,
1494 4064 1567 4119 sicut
1576 4070 1604 4118 et
1617 4063 1705 4118 isaias
1715 4075 1785 4132 prar-

145 4149 505 4217 quodalilccsleruditnos‚
517 4151 569 4205 hoc
579 4158 621 4204 est
631 4152 793 4205 adsalutem
804 4159 831 4206 et
841 4153 946 4207 utilita-
985 4149 1167 4219 cipit,dieens
1182 4171 1186 4204 :
1205 4150 1361 4218 Corrserlntc
1376 4155 1681 4221 rnorrnritl·.·r01nlas,el
1695 4168 1786 4220 perebo

144 4243 201 4291 mm
218 4238 455 4296 animaeuostrae:
476 4242 508 4291 in
524 4242 677 4308 recipiendo
697 4244 945 4308 sorcclificalioncm
986 4238 1088 4290 dclrilie
1104 4239 1227 4292 roborate
1244 4240 1312 4310 (isa.
1330 4255 1416 4310 xxxv,
1441 4242 1481 4311 3),
1504 4247 1605 4296 utnon
1625 4241 1786 4296 claudicans

144 4331 217 4393 dus.
239 4325 286 4379 Illi
302 4328 414 4396 quidem
431 4333 523 4398 patres
547 4330 674 4383 carnales
686 4330 722 4383 ad
744 4331 796 4384 hoc
812 4318 1051 4396 erudiuntliquis
1060 4331 1146 4390 erret,
1155 4326 1180 4380 id
1190 4333 1242 4393 est,
1257 4336 1287 4381 ut
1296 4344 1352 4383 non
1360 4330 1492 4384 haesitans
1504 4332 1565 4401 quis
1577 4331 1607 4385 in
1622 4331 1676 4385 hde
1692 4330 1787 4384 benis·

141 4429 203 4479 nos,
222 4420 256 4469 ut
270 4414 338 4484 ipsis
351 4416 440 4469 sinsus
451 4417 536 4470 utiles
550 4419 704 4473 secundum
718 4436 797 4473 suam
815 4421 948 4474 volunta-
989 4430 1044 4485 que
1059 4414 1190 4483 operibus
1205 4418 1333 4471 erretvia
1343 4419 1627 4490 rectitudini8,magis
1637 4425 1786 4474 autemsa-

137 4505 212 4565 tem,
230 4519 294 4573 quas
308 4503 337 4557 in
349 4504 479 4558 omuibus
489 4520 544 4558 uon
554 4511 597 4559 est
609 4505 686 4560 utilis
700 4525 706 4561 :
721 4507 797 4560 Deus
814 4524 877 4560 rere
889 4523 947 4560 om
989 4508 1097 4556 netura
1108 4503 1230 4574 peccatis
1241 4506 1379 4560 credendo
1390 4515 1464 4562 recte
1475 4509 1502 4562 in
1512 4509 1612 4571 Deum,
1623 4526 1659 4563 ac
1671 4509 1694 4564 si
1710 4509 1786 4562 dice·

136 4591 281 4662 bipotens
308 4591 341 4643 ad
369 4591 463 4644 omitia
477 4591 557 4646 utilia
572 4608 624 4647 nos
638 4593 772 4663 instituit,
794 4602 825 4647 ut
849 4594 949 4649 aniane
991 4598 1052 4649 ret:
1069 4593 1121 4656 Qui
1135 4609 1190 4646 nnn
1202 4598 1277 4648 recte
1292 4596 1390 4661 credit,
1409 4598 1560 4651 meiiusest
1578 4599 1687 4652 firmius
1701 4602 1729 4651 et
1743 4602 1785 4650 te·

133 4685 254 4735 nostem
273 4678 302 4732 in
317 4679 435 4734 salutern
451 4683 872 4753 consequamuretrecipiamus
886 4700 948 4737 san·
990 4681 1089 4735 nasius
1101 4682 1197 4735 credat
1209 4685 1716 4754 quatenusomnibusmedisineeniat
1729 4699 1786 4737 me·

131 4767 347 4823 ctificationem
364 4769 433 4837 ejus,
451 4768 622 4823 videlicetut
636 4771 724 4825 simus
739 4771 827 4825 sancti
844 4789 947 4826 secun·
990 4770 1109 4824 dicinam
1125 4771 1304 4826 animasum.
1321 4773 1371 4826 ilis
1383 4778 1480 4826 autem
1498 4772 1587 4826 verbis
1597 4772 1785 4826 haesitationes

128 4857 213 4912 dum
227 4857 378 4927 quemdam
395 4858 520 4922 modum,
537 4860 609 4913 sicut
624 4866 651 4913 et
676 4860 736 4930 ipse
760 4865 873 4914 sanctus
892 4869 945 4927 cst,
989 4875 1086 4912 eorum
1103 4859 1201 4930 tangit,
1214 4860 1249 4913 nd
1261 4862 1312 4915 hoc
1326 4866 1358 4914 ut
1372 4860 1433 4914 sine
1442 4861 1536 4931 aliqua
1545 4860 1719 4915 dubitatione
1727 4878 1786 4917 cre·

125 4942 225 5013 juxta
236 4943 312 5015 quod
326 4944 386 5015 ipse
402 4945 471 4999 dicit
489 4959 495 4993 :
518 4944 616 5000 Sancti
635 4953 723 5014 estete,
741 4952 808 5017 quia
821 4965 868 5015 epo
882 4966 948 5002 san·
988 4948 1088 5002 derent
1104 4948 1132 5001 in
1144 4950 1241 5002 ileurn.

131 5042 206 5089 ctus
221 5048 286 5085 sunt
297 5034 371 5101 (Leo.
392 5042 441 5102 xl).
462 5034 505 5088 hd
524 5035 585 5099 hoc,
604 5036 729 5106 inquam,
746 5053 796 5089 nos
813 5037 905 5090 erudit
919 5042 948 5091 et
1024 5039 1347 5107 Pacemsean'nu'm'cnm
1359 5040 1496 5104 carceribus,
1508 5038 1641 5095 subaudis
1657 5040 1746 5105 bonis,
1758 5046 1786 5096 et

134 5121 279 5192 castigat,
291 5127 324 5174 ut
338 5138 389 5176 nos
404 5123 508 5177 eiiiciat
521 5123 620 5194 dignos
629 5125 688 5178 suis
700 5125 948 5180 muneribusUna-
988 5129 1207 5179 soractimenium
1219 5130 1342 5194 sineque
1354 5143 1431 5181 ricrrro
1444 5130 1542 5182 ridebit
1554 5131 1648 5185 Deera.
1658 5129 1787 5187 Plurima

137 5225 268 5283 qumque
289 5211 394 5266 etenim
417 5229 487 5282 gens
502 5214 655 5268 secundum
671 5230 752 5269 suam
776 5217 946 5270 saluritatem
989 5215 1102 5284 quidem
1117 5221 1191 5278 sunt,
1208 5231 1269 5284 quae
1292 5215 1411 5269 foratam
1438 5217 1691 5291 discretionemque
1714 5221 1787 5275 chri·

137 5299 221 5354 tilios
237 5299 342 5365 erudit,
353 5301 671 5357 sicutconsuetudoiuit
685 5303 949 5358 Romanorumsuos
990 5303 1141 5357 stianitatis
1162 5304 1324 5369 ostendunt,
1347 5306 1396 5361 sed
1411 5307 1474 5377 plus
1490 5308 1619 5363 erunibus
1638 5326 1671 5363 ac
1686 5311 1787 5363 melius

142 5388 223 5443 tilios
236 5388 392 5442 erudirem
407 5405 438 5444 re
449 5389 566 5444 militari
580 5397 610 5444 et
620 5390 780 5446 Graecorum
795 5392 895 5447 litteris
907 5393 948 5446 in·
989 5391 1134 5445 charitatis
1154 5398 1258 5446 mutuae
1275 5393 1391 5448 allectus
1401 5402 1428 5448 et
1442 5412 1504 5466 pax,
1522 5412 1583 5466 quse
1599 5396 1723 5450 onmium
1739 5398 1787 5449 ho·

144 5478 271 5532 stituere
284 5493 360 5532 suos.
988 5480 1097 5540 miutun
1107 5481 1192 5535 corda
1206 5482 1356 5537 consociat.
1366 5485 1542 5555 Quapropter
1556 5486 1624 5540 dicit
1631 5485 1692 5555 ipsa
1707 5482 1787 5538 Veri·
