3818 6104
156 278 208 367 aa
362 302 551 361 aamours
570 278 815 360 antanasrar.
835 304 948 360 uerso.
969 302 1049 359 err.
1070 280 1164 362 rans
1181 307 1205 366 r.
1225 337 1261 368 ,-
1279 285 1466 370 eomranr.
1486 312 1580 371 aran.

127 446 131 457 ·
154 418 305 505 Apostolus
314 430 399 485 dicit:
410 448 422 482 u
433 429 577 499 Quotquot
584 428 716 497 baptizati
727 428 795 483 estis
804 429 834 483 in
840 429 952 485 christo
960 429 1137 500 Alaquearia
1153 437 1249 487 nostra
1263 437 1435 511 cypressina,
1455 458 1466 489 r
1484 437 1551 509 quia
1563 434 1682 494 videlice

154 505 232 586 iesu,
247 520 277 575 in
291 508 381 573 morte
394 518 483 587 ipsius
496 516 627 587 baptizati
642 516 718 571 estis.
735 536 748 570 r
993 517 1121 572 doctores
1135 521 1330 590 ppaedqcatjone
1344 542 1397 580 sua
1407 526 1558 580 Ecclesiam
1570 508 1682 581 massini

192 630 203 662 r
221 596 306 681 Cypri
328 624 390 662 curn
406 607 504 669 nardo,
521 605 626 659 nardus
640 610 669 658 et
690 622 797 670 crocus,
815 607 910 662 listula
923 613 953 661 et
992 605 1088 660 fistula
1101 624 1168 678 ergo
1181 616 1208 662 et
1222 610 1400 667 cinnamomo
1415 614 1545 668 universa
1560 614 1640 685 ligna
1653 614 1682 670 Li

154 701 360 757 cinnamomum
371 716 433 754 curn
446 685 582 752 universis
598 697 681 766 lignis
698 698 951 772 libani.rCyprus
992 692 1074 746 horto
1090 695 1217 751 Ecclesiae
1236 710 1437 765 memorantur,
1464 702 1532 773 quia
1549 701 1609 756 sire
1628 701 1682 777 bui

153 790 237 847 arbor
257 796 300 844 est
321 786 484 848 aromatica,
509 800 605 838 semen
627 785 719 839 simile
744 784 882 841 coriandri
899 789 951 843 ha·
991 782 1140 851 patientes,
1156 784 1213 838 sire
1230 786 1343 855 perlecti
1359 788 1464 859 quique
1475 786 1606 844 doctores
1616 804 1682 844 erm

151 862 231 955 bens.
247 877 274 932 id
289 883 332 931 est
346 875 439 936 aihum
452 881 480 928 et
495 872 683 934 sublucidum,
695 875 841 945 quodoleo
851 878 949 946 coqui·
990 869 1053 923 dern
1070 871 1174 926 habent
1186 876 1216 926 in
1242 874 1374 937 Ecclesia,
1390 883 1419 931 et
1439 878 1569 932 eamdem
1592 858 1682 933 beaEt

150 954 207 1032 tur,
224 965 329 1039 atinde
344 962 519 1035 exprimitur,
533 961 607 1032 quod
621 978 723 1032 cyprus
736 970 858 1025 vocatur,
874 967 949 1020 unde
989 967 1160 1030 exspectant.
1183 982 1194 1013 r
1216 963 1330 1034 Myrrha
1351 971 1380 1018 et
1393 966 1456 1020 aloe
1470 982 1533 1020 cum
1548 966 1682 1022 omnibu,

150 1055 259 1127 regium
270 1059 444 1124 unguentum
458 1055 582 1120 paratur.
591 1047 760 1118 Legimusin
773 1050 948 1122 Exodoquod
989 1048 1150 1119 unguentis.
1174 1068 1187 1100 r
1204 1052 1318 1122 Myrrha
1333 1051 1418 1106 arbor
1433 1056 1476 1106 est
1491 1054 1574 1122 cujus
1590 1036 1682 1109 susem

150 1144 254 1199 manna
267 1148 329 1197 erat
344 1139 424 1211 quasi
445 1153 542 1192 senten
557 1136 650 1190 album
673 1137 822 1196 coriandri.
839 1141 949 1212 Cyprus
989 1135 1100 1203 dicitur,
1123 1144 1208 1193 tantae
1231 1140 1351 1200 virtutis,
1368 1146 1400 1194 ut
1425 1142 1561 1212 quidquid
1586 1142 1622 1196 de
1637 1142 1674 1197 eo

150 1238 258 1305 ergoet
272 1246 377 1297 manna
391 1243 476 1283 unam
490 1224 837 1295 habentsignilrcationem
861 1230 950 1301 Signi.
990 1220 1085 1285 luent
1105 1224 1140 1280 ab
1154 1227 1231 1280 omni
1246 1228 1393 1297 putredine
1408 1235 1436 1282 et
1450 1229 1593 1283 vermibus
1612 1246 1682 1285 seru

149 1308 236 1379 licant
249 1321 323 1375 enim
343 1317 463 1389 gratiam
481 1315 632 1378 calestem,
647 1321 782 1384 tanquam
798 1332 901 1372 manna
916 1319 950 1372 de
990 1309 1096 1366 lausum.
1113 1314 1182 1368 Aloe
1204 1315 1288 1369 arbor
1307 1322 1350 1370 est
1372 1318 1529 1372 suavissimi
1545 1318 1654 1385 odoris,
1673 1334 1682 1373 ε

150 1396 308 1466 caelestibus
324 1405 490 1460 venientem.
510 1403 620 1474 Cyprus
632 1419 698 1473 ergo
716 1403 744 1457 in
759 1404 840 1460 horto
855 1406 950 1461 Eccle-
991 1398 1048 1452 vire
1071 1401 1264 1477 thymiamatis
1287 1404 1424 1459 altaribus
1448 1406 1604 1461 adoleatur.
1621 1406 1682 1461 llslr

150 1500 199 1553 siae
220 1496 355 1553 nascitur,
371 1509 434 1547 cum
450 1492 546 1546 fideles
560 1491 664 1562 quique
679 1492 816 1547 docentur
828 1495 948 1565 gratiam
990 1503 1101 1542 succum
1116 1491 1333 1548 amarissimum.
1345 1494 1521 1548 resistentem
1535 1494 1681 1565 putredini

150 1587 290 1643 ⁰⁰³¹&oeOE
313 1579 598 1652 ⁰¹1¹1libl¹⁸lllaefssrler
613 1588 642 1641 at
660 1597 711 1650 per
731 1580 808 1641 illam
825 1584 947 1643 salutem
990 1576 1090 1630 mrbus.
1112 1578 1184 1633 Hinc
1196 1585 1225 1633 et
1238 1580 1267 1633 in
1283 1581 1412 1650 passione
1428 1580 1539 1636 Domini
1558 1581 1682 1638 Nicoden

149 1690 272 1747 Spem·
285 1674 374 1747 ΝΘΦΟ
389 1669 466 1731 essim.
479 1668 538 1729 ⁶⁰1⁸
550 1667 843 1734 virtutibus,sedrota
855 1673 948 1742 gratia
988 1664 1087 1718 tulisse
1101 1666 1205 1721 dicitur
1217 1668 1368 1722 mixturam
1388 1671 1509 1740 myrrha
1524 1677 1553 1725 et
1567 1672 1682 1749 aloesq

148 1764 200 1820 Ilei
214 1761 316 1819 salvari
329 1766 430 1830 potest.
442 1757 555 1811 Nardua
567 1762 652 1827 typus
666 1764 710 1818 est
725 1758 875 1815 Dominicae
887 1778 948 1830 pas-
958 1733 981 1793 B
990 1752 1053 1807 brus
1066 1762 1190 1809 centum.
1208 1755 1261 1810 Per
1279 1757 1329 1810 has
1341 1774 1408 1828 ergo
1422 1758 1535 1813 arbores
1550 1760 1682 1830 designa

147 1851 242 1907 sionis.
262 1849 341 1907 Unde
353 1854 382 1921 et
395 1846 485 1903 Maria
499 1844 587 1898 nardo
602 1844 702 1916 pistica
720 1852 848 1917 caputet
863 1850 947 1918 pedes
987 1841 1031 1895 nis
1045 1842 1217 1898 continentia
1239 1850 1267 1898 et
1289 1846 1464 1901 castimonia.
1483 1848 1554 1901 Nam
1571 1848 1682 1919 putredr

146 1942 213 2011 lesu
227 1940 315 1997 unxit.
327 1936 439 1993 Nardus
451 1951 518 2004 ergo
532 1934 561 1987 irr
576 1934 657 1987 horto
671 1934 798 1991 Ecclesiae
813 1943 865 1991 est.
881 1954 946 1995 curo
986 1929 1056 1983 riam
1072 1932 1144 1984 solet
1156 1932 1314 2004 designare,
1328 1935 1409 2003 juxta
1426 1935 1498 2005 quod
1520 1936 1682 2007 Propheta«

146 2029 235 2087 sancti
249 2028 353 2099 quique
368 2023 533 2083 memoriam
549 2022 701 2084 [lominica
715 2023 854 2092 passionis
865 2042 946 2095 rene.
986 2017 1104 2072 busdam
1119 2020 1208 2073 dicit:
1227 2039 1240 2072 o
1256 2020 1495 2093 Computruerunt
1510 2024 1645 2093 jumenta
1664 2024 1682 2081 ir

145 2126 255 2181 rantur,
269 2116 351 2185 eique
363 2112 470 2183 gratias
483 2117 581 2181 agunt,
598 2112 672 2180 quod
687 2111 827 2173 intantum
844 2129 891 2169 eos
901 2115 944 2171 di·
985 2123 1049 2160 core
1061 2124 1120 2179 suo,
1139 2128 1150 2158 r
1169 2106 1203 2162 In
1223 2108 1304 2163 horto
1319 2127 1386 2180 ergo
1402 2110 1529 2167 Ecclesia
1543 2118 1611 2167 sont
1627 2130 1682 2186 myr

146 2204 255 2268 lueriis
266 2208 303 2259 -ui
318 2218 368 2272 Plo
380 2215 478 2259 torum
496 2201 587 2275 salute
601 2205 630 2260 et
643 2198 810 2257 liberatione
823 2209 943 2259 mortem
984 2194 1056 2260 aloe,
1073 2196 1124 2249 hoc
1138 2203 1189 2255 est,
1208 2203 1315 2251 mentes
1330 2200 1455 2254 coelestes
1473 2206 1502 2253 et
1522 2201 1615 2255 omnis
1630 2200 1682 2257 orie·¹

144 2290 307 2361 susciperet·
322 2307 335 2339 <‹
350 2286 461 2346 Nardua
475 2292 504 2339 et
518 2302 616 2343 crocus
643 2304 657 2337 a
674 2287 778 2349 Crocus
790 2290 884 2343 aurosi
899 2307 943 2345 ω.
984 2282 1027 2336 nis
1040 2282 1344 2345 immunesaudientes
1354 2286 1389 2341 ab
1399 2288 1572 2359 Apostol0:e
1584 2289 1682 2346 Paean

144 2380 213 2439 loris
232 2377 317 2433 habet
330 2376 441 2440 uorem,
463 2373 581 2443 ideoque
602 2373 742 2442 siguificat
763 2375 940 2439 charitatem,
983 2371 1053 2425 mini
1066 2389 1129 2426 cum
1143 2373 1273 2428 omnibus
1286 2384 1314 2429 et
1333 2377 1538 2442 castimoniam,
1555 2378 1618 2432 sine
1633 2395 1682 2450 qur

144 2469 223 2526 Sicut
237 2467 312 2525 enim
327 2480 428 2541 aurum
449 2463 524 2518 inter·
546 2463 641 2517 onmia
661 2463 775 2527 maulia
794 2466 942 2536 pretiosius
983 2457 1087 2513 videbit
1098 2463 1195 2518 Deum.
1209 2480 1221 2514 r
1236 2481 1247 2511 r
1260 2463 1330 2517 Cum
1344 2464 1473 2519 omnibus
1485 2466 1583 2536 primis
1596 2482 1682 2539 ungu·

143 2563 194 2617 θὸῒ,
210 2557 250 2611 iifl
263 2555 386 2611 Charilstss
400 2553 475 2608 inter
489 2568 587 2612 omnus
601 2551 718 2609 virtutes
733 2553 885 2622 primatum
898 2567 941 2617 ter
982 2546 1078 2601 Prima
1090 2556 1233 2619 unguenta
1249 2551 1316 2620 quid
1333 2552 1433 2606 melius
1446 2569 1530 2623 quarn
1545 2554 1674 2611 charitas

141 2653 200 2712 net,
214 2646 323 2700 dicente
336 2641 470 2713 apostolo
483 2659 513 2693 :a
529 2641 611 2693 Nunc
624 2647 717 2694 autern
734 2649 849 2697 manent
860 2643 940 2711 fides,
981 2636 1107 2704 gunturl
1121 2637 1156 2711 dc
1170 2654 1225 2707 qua
1235 2641 1384 2709 Apostolus
1399 2640 1483 2694 dicit:
1503 2660 1514 2690 r
1530 2642 1631 2696 adhuc
1645 2658 1682 2698 es

141 2751 216 2807 spes,
228 2733 359 2797 charitas,
374 2731 465 2800 major
478 2736 573 2783 autem
589 2727 686 2791 hiscat
701 2729 832 2787 charitas·
844 2749 857 2783 r
870 2732 940 2789 Cum
981 2722 1081 2777 liorem
1097 2724 1169 2778 viam
1183 2726 1260 2779 robis
1274 2727 1447 2794 demonstro,
1459 2746 1471 2777 ι
1484 2728 1630 2785 acdeinde
1643 2746 1676 2786 :a

141 2824 230 2881 nardo
245 2839 311 2893 ergo
325 2836 423 2877 crocus
437 2819 466 2871 in
480 2817 562 2872 horto
580 2816 707 2873 Ecclesia
726 2818 860 2882 nuscitur,
876 2836 941 2882 cum
981 2811 1044 2880 8⁰5⁸
1054 2812 1167 2883 (inquit)
1179 2812 1323 2867 hominum
1333 2814 1682 2887 loquaretangelornm,e

143 2912 270 2971 membra
287 2909 404 2970 Christi,
416 2908 468 2967 hoc
482 2914 534 2969 est,
554 2906 650 2961 fideles
660 2906 765 2976 quique
774 2907 940 2965 charitatem
981 2905 1038 2953 tem
1053 2906 1148 2954 autem
1163 2917 1218 2956 non
1234 2902 1363 2964 habeam,
1377 2903 1447 2956 nihil
1463 2904 1529 2957 milri
1543 2894 1672 2975 prodere,

141 3001 192 3057 Dei
201 3008 230 3055 et
242 2997 360 3069 proximi
374 2995 524 3050 esllcuciter
533 3001 629 3049 tenere
640 2995 755 3048 student
778 2996 882 3050 Crocus
892 3013 940 3059 au·
947 3041 968 3103 C
982 2989 1124 3058 myrrham
1139 2997 1168 3043 et
1180 2991 1261 3045 aloen
1274 2990 1346 3045 berre
1360 2992 1452 3060 prima
1466 3001 1612 3062 unguenta
1627 3012 1682 3067 pou

140 3095 199 3143 iem
213 3088 303 3142 fertur
313 3084 418 3154 ignims
427 3082 518 3137 febres
532 3081 708 3150 retrigerarr.
721 3082 761 3137 sic
770 3099 835 3145 vera
845 3084 937 3147 chari.
979 3075 1045 3146 quia
1060 3084 1122 3147 post
1136 3079 1229 3132 carnis
1242 3079 1444 3132 continentiam
1463 3081 1587 3135 succedit
1602 3100 1671 3139 rara

140 3181 184 3231 tas
199 3176 326 3229 arrlorem
343 3170 571 3240 concupiscentia
586 3170 726 3223 saecularis
741 3171 896 3241 refrigerat,
909 3178 937 3229 et
978 3171 1022 3218 tas
1037 3183 1097 3235 qua
1111 3165 1185 3219 Deus
1201 3175 1251 3229 est,
1264 3167 1328 3237 quia
1346 3168 1419 3221 Deus
1431 3184 1517 3239 super
1530 3172 1628 3225 omnio
1642 3170 1682 3227 dil

140 3264 317 3320 dilectionem
333 3258 384 3318 Dei
396 3266 424 3311 et
439 3257 555 3328 proxirrri
569 3257 597 3309 in
613 3264 706 3310 mento
720 3259 855 3313 accendit.
867 3281 878 3310 r
890 3261 936 3314 l'i-
977 3253 1075 3323 Neque
1089 3257 1164 3308 enim
1180 3256 1220 3308 illi
1235 3257 1282 3326 qui
1299 3257 1441 3309 mundana
1462 3258 1614 3313 dilectione
1636 3268 1682 3316 teu

139 3351 214 3408 alula
228 3355 256 3405 et
270 3348 490 3405 cinnamomum.
514 3364 528 3393 u
542 3345 649 3398 Fistula
665 3345 754 3400 brevis
773 3352 816 3403 est
836 3349 935 3403 orbus.
977 3340 1028 3394 hoc
1038 3343 1138 3412 estqui
1148 3343 1336 3412 voluptatibus
1344 3351 1372 3397 et
1385 3343 1521 3399 illecebris
1533 3346 1628 3402 adhue
1637 3348 1682 3405 del

140 3441 213 3503 cula,
226 3454 287 3510 quae
301 3442 330 3491 et
343 3435 419 3488 casia
429 3439 551 3498 vocatur,
567 3433 669 3486 cortice
682 3451 833 3504 purpureo.
845 3435 937 3506 Signi.
978 3436 1034 3487 tur,
1051 3431 1137 3500 hujus
1152 3431 1298 3485 charitatis
1313 3432 1461 3502 participes
1477 3449 1537 3487 esse
1552 3444 1682 3505 possunt,

139 3531 205 3583 lrcat
224 3533 336 3582 sanctos
359 3524 387 3578 in
411 3523 544 3583 Ecclesia,
571 3522 731 3576 humilitate
752 3531 781 3576 et
803 3524 939 3593 patientia
1015 3537 1028 3569 <r
1052 3519 1124 3572 Fons
1152 3519 1307 3573 hortorum.
1330 3526 1431 3590 puteus
1455 3538 1594 3591 aquarum
1615 3526 1682 3582 viver

138 3617 300 3691 praecipuos.
317 3628 455 3685 pauperes
474 3609 600 3664 videlicet
619 3610 730 3680 spiritu,
751 3627 870 3681 quorum
895 3619 938 3668 est
979 3606 1142 3675 quessuunt
1155 3607 1261 3678 impetu
1274 3608 1434 3663 deLibano.
1454 3610 1550 3663 »Fons
1560 3612 1680 3670 hortoru

137 3721 254 3775 regnum
263 3702 406 3756 roelorurn.
418 3700 579 3768 Purpureus
589 3704 682 3751 autem
695 3710 787 3752 cortex
798 3698 937 3769 significat
977 3701 1020 3747 ast
1034 3695 1176 3765 prirrritira
1192 3696 1321 3750 Ecclesia.
1334 3714 1395 3766 quoe
1406 3698 1531 3751 veritatis
1540 3701 1682 3756 scientiar

137 3791 349 3847 sirrrilitudincru
373 3788 511 3859 passionis
535 3786 647 3848 thr-isti,
665 3803 749 3857 quarn
773 3788 814 3843 illi
836 3790 883 3860 qui
907 3791 936 3845 in
976 3782 1003 3834 id
1021 3784 1209 3838 cstEcclesias
1225 3802 1274 3855 per·
1287 3785 1446 3839 universum
1460 3789 1596 3842 rnundurn
1610 3790 1682 3847 disse

136 3899 202 3937 vera
212 3879 371 3935 humilitate
382 3877 547 3942 fundantur,
558 3875 587 3929 in
600 3875 682 3929 corde
692 3891 804 3947 semper
813 3878 935 3951 retinen.
976 3877 1020 3924 tas
1034 3871 1142 3943 irrigat,
1160 3873 1221 3942 ipsa
1235 3880 1278 3926 εει
1297 3880 1324 3927 ει
1341 3879 1440 3944 puteus
1455 3891 1593 3945 aquarum
1612 3878 1682 3934 river

136 3977 179 4026 tes
197 3967 301 4024 imitari
321 3969 462 4039 satagunt.
479 3964 694 4019 cinnamomum
715 3971 744 4017 et
762 3963 823 4035 ipsa
844 3964 935 4021 brevis
976 3960 1042 4030 quia
1056 3961 1173 4014 scientia
1190 3961 1324 4021 ueritatis,
1340 3979 1401 4031 quae
1414 3971 1456 4016 est
1472 3964 1603 4026 Ecclesia,
1616 3967 1680 4040 inq

136 4064 178 4119 est
191 4055 349 4115 arbuscula,
364 4054 410 4107 sed
429 4052 507 4106 mirre
526 4052 636 4105 virtutis
651 4057 680 4105 et
694 4052 798 4113 odoris,
815 4052 934 4125 ideoque
976 4048 1040 4101 dam
1055 4050 1135 4120 quasi
1150 4050 1212 4103 lrms
1226 4067 1268 4104 est
1290 4049 1337 4103 ubi
1362 4059 1447 4120 patet,
1469 4052 1496 4105 in
1512 4053 1682 4123 quibusdem

135 4132 289 4218 profectum
305 4142 454 4210 designant
474 4139 650 4198 humilitatis,
667 4154 729 4208 quae
743 4145 770 4193 el
789 4156 839 4210 per
853 4142 933 4195 lrstu.
974 4145 1076 4209 puteus
1086 4139 1133 4192 ubi
1149 4140 1227 4205 latet,
1239 4140 1312 4193 etad
1328 4140 1465 4210 liquidum
1477 4142 1523 4195 ubi
1540 4145 1646 4216 percipi
1661 4162 1680 4200 ῃ

134 4220 416 4307 lamdesignantur.F
418 4227 502 4280 istula
511 4244 576 4296 orgo
587 4233 615 4280 ει
624 4228 833 4282 cinnamomum
844 4230 872 4283 in
882 4230 933 4284 Ec·
973 4232 1038 4281 test.
1055 4229 1127 4281 Nam
1142 4228 1217 4281 inter
1231 4228 1336 4282 fontem
1352 4235 1381 4282 et
1395 4237 1508 4298 puteum
1532 4230 1584 4286 hoc
1598 4234 1682 4290 distat

134 4320 220 4376 clesia
233 4323 310 4378 sunt,
325 4332 389 4369 cum
409 4314 498 4367 saneti
514 4314 564 4367 Dei
579 4314 766 4368 humilitatem
781 4323 810 4369 et
824 4317 933 4387 patien·
973 4316 1038 4370 lons
1052 4322 1081 4369 et
1105 4317 1132 4369 in
1150 4315 1205 4369 imo
1220 4323 1249 4370 et
1270 4317 1298 4369 in
1320 4317 1469 4386 superlicio
1489 4325 1572 4374 terrae
1586 4322 1682 4379 dicitur

134 4408 202 4461 tiam
213 4414 245 4481 et
256 4406 286 4459 in
297 4404 381 4458 corde
391 4401 527 4455 veraciter
537 4409 642 4465 tenent,
653 4402 757 4456 etforis
767 4403 830 4458 aliis
839 4412 931 4460 osten·
943 4393 965 4450 D
975 4410 1076 4474 puteus
1097 4421 1161 4458 vero
1175 4421 1286 4476 semper
1300 4412 1344 4458 est
1362 4406 1391 4459 in
1410 4406 1473 4460 imo.
1492 4407 1615 4465 Ecclesia
1631 4428 1682 4487 erg

134 4496 215 4553 dunt.
233 4480 312 4559 Quod
328 4496 422 4545 autern
438 4490 531 4543 fistula
548 4488 733 4544 rubicundum
749 4491 834 4546 habet
848 4494 932 4548 corti·
973 4499 1017 4545 est
1030 4505 1057 4545 et
1073 4500 1183 4563 puteus,
1199 4495 1266 4564 quia
1281 4496 1415 4566 mysteria
1430 4496 1478 4550 llei
1497 4496 1525 4550 in
1542 4499 1682 4568 quibusda

132 4601 203 4651 cem,
219 4585 427 4638 cinnamomum
442 4594 506 4632 vero
528 4576 669 4631 cinereum
693 4578 779 4633 habet
798 4581 930 4647 colorem,
974 4580 1025 4634 luti
1040 4581 1102 4635 lons
1124 4582 1204 4636 farcile
1218 4582 1376 4653 capiuntur,
1392 4583 1421 4637 in
1441 4584 1607 4654 quibusdam
1625 4604 1682 4645 verr

131 4675 273 4756 significat
284 4673 351 4744 quia
365 4669 453 4725 sancti
464 4667 514 4723 Dei
529 4672 634 4738 quanto
646 4667 709 4737 plus
722 4685 860 4723 memores
870 4687 932 4741 pas·
973 4667 1136 4723 dit'llcultate
1147 4677 1280 4740 tanquam
1291 4688 1370 4743 aquae
1384 4680 1467 4743 puteo
1480 4676 1678 4733 extrahuntur.

131 4754 217 4821 sionis
232 4759 428 4832 Redemptoris
442 4757 495 4820 sui,
509 4762 589 4811 tanto
603 4755 631 4808 in
647 4755 735 4809 oculis
749 4756 806 4810 suis
820 4757 931 4813 viliores
972 4757 1094 4811 viventes
1115 4759 1177 4829 ipsa
1199 4761 1333 4831 mysteria
1348 4748 1535 4832 designantur*
1550 4765 1682 4836 Scriptur

132 4859 160 4908 ει
174 4852 361 4923 despectiores
374 4853 449 4905 sunt,
465 4846 662 4901 dicentescum
675 4843 835 4899 Abraham:
854 4848 931 4902 «Lo-
972 4847 1037 4917 quia
1057 4847 1085 4901 in
1105 4864 1135 4901 se
1159 4849 1299 4903 colestem
1323 4850 1427 4904 babent
1451 4852 1591 4907 virtutem.
1612 4858 1652 4910 At
1673 4874 1682 4912 r

132 4956 203 5013 quar
216 4939 251 4992 ad
266 4938 416 4992 Dominum
427 4952 531 4999 meum,
541 4932 669 5005 quamvis
679 4934 732 4986 sim
743 4934 813 4988 cinis
824 4941 854 4989 et
867 4935 929 5011 pul·
971 4935 1098 4990 cisternae
1111 4947 1255 5006 vocantur,
1266 4938 1293 4992 id
1308 4945 1351 4993 est
1364 4940 1541 4995 collectiones
1554 4959 1682 5013 aquarurr

132 5028 189 5095 ris3
205 5048 216 5078 ι
229 5032 255 5081 ει
271 5043 334 5081 curn
349 5024 401 5079 lob
414 5042 419 5076 :
434 5047 447 5075 ιι
460 5023 565 5078 ldcirco
581 5039 626 5078 me
641 5023 826 5093 reprehendo,
839 5030 868 5078 ει
877 5041 929 5095 ago
970 5029 1100 5078 cumenta
1116 5025 1319 5088 hereticorum,
1332 5029 1367 5082 de
1378 5028 1478 5098 quihus
1490 5030 1628 5086 Dominus
1638 5050 1682 5106 per

131 5114 325 5188 poenitentiam
340 5114 369 5167 in
380 5112 470 5166 favilla
486 5119 514 5165 et
528 5112 631 5169 cincre.
651 5132 662 5162 r
678 5130 692 5162 s
708 5112 777 5166 Cum
792 5112 929 5167 univorsis
971 5112 1101 5183 phetam:
1117 5133 1129 5166 a
1143 5116 1187 5169 Με
1201 5115 1413 5187 dereliquerunt
1433 5119 1539 5173 sontem
1554 5135 1636 5191 aquae
1651 5124 1682 5179 ,p

130 5203 214 5277 lignis
227 5201 333 5256 Libani.
352 5200 466 5269 »Ligna
481 5198 577 5253 Libani
600 5201 807 5271 pulchritudine
821 5210 850 5256 et
864 5219 928 5272 pro·
970 5202 1101 5256 loderunt
1121 5203 1173 5257 sibi
1197 5204 1342 5267 cisternas,
1367 5207 1503 5261 cisternas
1526 5209 1681 5282 dissipatas

130 5291 246 5347 caritate
260 5304 292 5343 ac
306 5286 406 5342 robore
428 5286 620 5357 praeeminent,
637 5288 755 5360 ideoque
770 5288 929 5360 significant
969 5290 1112 5345 continere
1133 5308 1188 5345 non
1209 5296 1301 5347 valent
1319 5311 1416 5365 aquas.
1439 5316 1452 5347 u
1476 5296 1524 5350 llae
1537 5298 1660 5356 lluentes
1679 5326 1682 5355 r

129 5382 300 5457 doctoreset
314 5374 451 5448 perfectos
471 5389 597 5445 quosque
615 5375 643 5429 in
662 5377 794 5440 Ecclesia,
810 5377 845 5433 de
864 5378 927 5450 qui.
968 5379 1061 5434 quum
1075 5381 1180 5457 impetu
1196 5382 1231 5436 de
1245 5383 1359 5445 Libano¹
1373 5385 1425 5438 hoc
1440 5390 1491 5445 est,
1503 5395 1620 5442 manant
1629 5389 1682 5447 M

128 5456 186 5551 bue*
196 5465 325 5549 superius
344 5464 444 5547 domus
459 5461 588 5516 Ecclesia
602 5462 705 5532 legitur
718 5466 799 5528 lacta,
817 5468 927 5545 dicente
968 5471 1019 5531 sia,
1032 5486 1093 5539 qua
1105 5469 1201 5524 abluta
1212 5477 1255 5525 est
1269 5479 1296 5525 et
1306 5473 1457 5528 candidata
1472 5472 1682 5544 baptismalem

127 5546 225 5618 eadem
235 5544 793 5623 Ecdeaiaz'lig'uadomorumnostrarum
801 5557 924 5624 cedrina,
967 5558 1108 5629 operibus,
1127 5559 1202 5630 quod
1220 5559 1343 5616 Libanus
1360 5546 1573 5634 interpretatur,
1592 5550 1638 5622 Ee
1649 5568 1682 5624 qq
