3818 6104
142 256 197 314 455
351 256 542 313 HAYMONIS
561 258 806 314 HALDERSTAT.
827 255 939 313 EPiSC.
961 255 1041 313 OPP.
1061 259 1154 316 PARS
1173 261 1195 315 1.
1216 288 1248 301 -·
1269 260 1457 318 COMMEN'I'.
1478 261 1571 318 DIBL.
1724 259 1776 319 bbb

135 382 516 437 conmaeoseacitatisuntet
525 384 808 440 inflammatiinvidiae
819 383 937 440 facibus.
950 385 1081 442 hneficia
1096 385 1252 456 largissime
1266 386 1373 441 tribuit·
1384 388 1455 441 Nam
1471 392 1600 442 mortuos
1613 387 1726 441 illorum
1736 402 1783 440 sa-

135 469 283 539 Erponeas
295 486 361 538 ergo
373 470 527 540 Apostolus
539 473 612 542 quod
625 474 741 534 dixerat,
751 488 806 526 non
815 477 938 542 gentem,
981 475 1109 528 scitarit:
1127 475 1251 528 diversas
1274 475 1453 528 infirmitates
1476 475 1642 530 morborum
1664 473 1783 529 curarit.

133 557 236 617 infert:
253 561 286 613 in
300 564 407 624 perstem
422 562 609 627 insipientem,
625 562 654 614 id
669 568 721 623 est,
735 560 808 613 idola
821 577 871 630 pro
883 560 940 615 Deo
981 563 1137 617 esurientes
1147 569 1176 615 et
1187 563 1328 616 famelicos
1340 561 1459 632 panibus
1469 563 1528 616 suis
1541 562 1783 632 pariamultaqu,

135 663 200 700 vero
215 647 364 709 colentem,
378 649 407 699 in
421 649 496 700 iram
509 664 553 700 eos
563 653 684 710 mittam,
697 648 830 703 subaudis
840 655 939 702 contra
980 648 1197 703 innumerabilia
1209 651 1281 703 bona
1291 650 1331 703 eis
1346 649 1494 720 impendit,
1507 649 1613 719 quibus
1622 665 1732 718 semper
1741 647 1783 717 ih

136 735 209 788 hanc
217 739 329 803 gentem
345 734 533 803 insipientem.
544 737 611 798 Quae
623 753 685 790 cum
696 737 792 791 luisset
804 753 891 806 usque
902 739 938 791 ad
978 739 1206 792 contradixerunt
1219 738 1345 791 dicentes
1357 738 1392 791 de
1406 737 1455 792 iiio
1468 757 1474 789 :
1491 740 1527 792 ln
1540 739 1686 792 Beelzebub
1698 741 1783 811 pri-

134 823 284 878 adrentum
307 821 410 875 Christi
431 823 577 892 iusipiens.
596 825 657 893 ejus
677 825 731 878 lide
750 824 848 892 potita,
864 826 939 880 iacta
978 829 1034 894 cipe
1054 829 1254 880 demoniorum
1274 828 1348 893 ejicit
1369 826 1507 879 damonia
1528 826 1637 889 (Marti.
1652 825 1712 894 ιιι),
1727 840 1783 887 εδ

134 914 177 962 est
191 908 311 978 sapiens.
335 908 439 963 Contra
461 926 546 979 quarn
564 912 625 979 jam
647 912 805 965 credentem
821 912 851 965 in
866 913 937 966 iram
978 915 1039 967 lion
1061 919 1099 967 est
1119 914 1163 966 ln'c
1184 913 1262 965 lsomo
1281 928 1298 964 a
1318 913 1380 978 Deo,
1404 915 1473 980 quio
1491 914 1638 966 sabbatum
1657 929 1711 965 non
1728 930 1783 989 Q

134 995 528 1066 mittunturludaei,nonquod
536 998 610 1051 Deus
618 999 825 1053 aemulationem
833 1000 936 1053 etiram
977 1004 1059 1056 alodii
1079 1004 1168 1058 lJoon.
1187 1004 1235 1062 rxl.
1253 1000 1316 1054 Sive
1334 1000 1419 1054 etiam
1436 1015 1538 1053 manus
1552 998 1698 1070 expandit,
1711 998 1783 1081 dx.

134 1086 163 1139 in
174 1085 228 1139 illis
239 1090 380 1156 operetur,
394 1084 442 1137 sed
455 1085 529 1154 quod
545 1084 680 1139 beneficia
694 1102 820 1156 suaque
833 1085 935 1140 ludaeis
976 1109 1024 1144 eas
1038 1092 1068 1145 in
1083 1107 1165 1144 cruce
1182 1089 1260 1159 ailgi
1275 1088 1411 1160 permisit.
1424 1089 1474 1143 Est
1484 1103 1598 1159 quoque
1607 1095 1721 1142 consuet
1730 1110 1783 1169 Q

135 1173 348 1244 displicuerunt,
369 1173 403 1225 ad
429 1189 459 1225 se
478 1173 618 1226 conversis
636 1172 767 1242 gentibus
782 1174 931 1242 largiatur,
976 1186 1087 1250 parrum
1095 1184 1127 1233 ut
1135 1178 1296 1249 expandant
1304 1177 1529 1247 brachiaquibus
1537 1177 1698 1230 carissimos
1706 1177 1740 1239 R
1745 1173 1783 1255 ’,ᾗ

135 1263 232 1316 Potest
247 1266 274 1315 et
285 1260 359 1330 quod
373 1260 450 1319 dicit,
463 1260 492 1313 in
505 1276 561 1314 non
571 1265 696 1330 gentem,
705 1260 787 1315 aliter
797 1261 933 1330 intelligi:
977 1268 1180 1337 amplexentur,
1191 1266 1258 1320 etin
1268 1264 1407 1334 gremium
1419 1280 1501 1318 suum
1512 1261 1722 1318 collocent:sie
1738 1277 1780 1336 pst

134 1350 260 1406 Gentiles
272 1348 405 1402 increduli
421 1355 488 1401 ante
504 1354 663 1418 perceptam
679 1348 763 1402 sidem
776 1365 845 1418 gens
860 1365 937 1402 voca·
976 1354 1071 1407 minus
1083 1352 1194 1406 Judaeos
1204 1350 1358 1421 amplexari
1368 1350 1466 1414 uoluit,
1478 1356 1508 1404 et
1521 1349 1551 1402 in
1565 1348 1629 1403 sinu
1639 1364 1693 1402 suae
1710 1361 1770 1418 epp.

134 1438 256 1492 bantur:
272 1443 402 1507 percepta
418 1441 512 1490 autem
527 1437 620 1506 gratia
634 1437 709 1501 fidei,
727 1453 781 1491 non
793 1438 852 1506 jam
867 1453 936 1506 gens
977 1442 1068 1495 ritatis
1083 1442 1205 1497 trahere.
1222 1439 1317 1492 dicens
1333 1456 1338 1490 :
1358 1436 1557 1492 Paenitentiam
1573 1436 1656 1507 agite,
1671 1451 1761 1510 appm.

138 1533 283 1589 vocantur,
294 1526 342 1579 sed
358 1525 408 1579 Dei
426 1525 545 1595 populus
557 1532 584 1577 et
599 1525 676 1595 plebs
690 1526 877 1596 appellantur,
893 1524 937 1578 di·
977 1528 1124 1602 pinquabit
1134 1527 1207 1582 enim
1221 1543 1338 1596 regnum
1350 1525 1482 1580 coelorum
1495 1524 1602 1594 (Mareu,
1613 1527 1713 1584 raised
1724 1532 1753 1586 iffi

140 1620 221 1668 cente
235 1613 354 1668 Domino
370 1629 420 1682 per·
435 1611 612 1665 psalmistam
629 1630 634 1664 :
650 1615 769 1679 Populus
785 1629 863 1681 quern
880 1629 938 1666 non
978 1633 1090 1688 semper
1110 1614 1280 1670 studuerunt
1301 1612 1503 1678 contradicere,
1518 1612 1643 1666 dicentes
1659 1629 1665 1661 :
1679 1613 1748 1668 itan.

134 1705 246 1770 copnooi
260 1704 371 1754 servivit
382 1701 450 1754 inihi
461 1701 546 1770 (Psoi.
564 1708 644 1761 xviri.
655 1700 734 1755 Unde
745 1699 810 1754 aiibi
821 1702 939 1769 Aposto-
947 1722 969 1781 B
978 1724 1040 1761 inin
1051 1707 1126 1759 hanc
1135 1705 1208 1757 unde
1218 1706 1253 1755 sit
1263 1703 1355 1767 (loon.
1370 1701 1418 1769 rx).
1433 1701 1512 1754 Solet
1525 1699 1612 1753 etiam
1625 1701 1705 1753 uutnr
1714 1717 1744 1754 er·

133 1791 177 1844 lus
191 1808 197 1841 ἰ
213 1789 303 1851 Scitis,
320 1788 421 1858 inquit,
432 1792 499 1856 (11th
510 1806 572 1842 mern
584 1794 674 1855 dentes
686 1792 786 1848 essetis,
796 1790 833 1842 ad
846 1792 933 1841 tt'mtt·
973 1796 1089 1852 tendere
1099 1808 1210 1859 manus,
1218 1795 1251 1845 ut
1260 1788 1444 1843 delectatusis
1452 1789 1501 1858 qui
1511 1787 1743 1842 nutriturrenieudo

134 1881 210 1933 locro
224 1885 303 1930 mule
315 1883 399 1945 prout
413 1878 598 1942 ducebamini,
612 1876 708 1938 eratis,
722 1882 816 1930 euntes
833 1879 857 1943 (1
870 1876 929 1931 Gor.
975 1885 1009 1938 ad
1021 1899 1082 1938 enm
1094 1881 1184 1934 discat
1194 1878 1358 1932 ambulare:
1373 1884 1402 1930 et
1411 1876 1532 1947 populus
1544 1873 1741 1930 israeliticusud·

132 1970 191 2035 xri).
213 1966 291 2030 Quod
309 1966 363 2019 tale
384 1972 428 2018 est
441 1981 473 2018 ac
488 1965 511 2017 si
527 1965 632 2019 diceret
648 1985 654 2019 :
672 1966 693 2019 F
695 1966 776 2019 uistis
791 1964 933 2036 quendam
975 1971 1089 2025 modum
1100 1967 1216 2022 claudus
1227 1972 1298 2031 erat,
1314 1964 1380 2035 quia
1388 1980 1503 2034 gressm
1518 1963 1599 2018 bone
1606 1961 1741 2033 operationis

132 2060 242 2125 gentes,
257 2054 305 2108 sed
317 2054 377 2122 jam
392 2069 448 2106 non
463 2053 531 2106 estis
543 2059 652 2122 gentes.
664 2055 696 2109 ln
710 2054 783 2107 hanc
797 2070 863 2124 ergo
876 2070 933 2108 non
972 2062 1031 2130 jam
1050 2074 1106 2112 non
1122 2054 1253 2117 habebat,
1270 2054 1306 2108 ad
1323 2069 1405 2123 quam
1421 2052 1559 2106 Dominus
1572 2049 1742 2122 quodammodo

135 2150 247 2211 gentem
265 2142 427 2194 irascuntur
441 2139 529 2193 Judaei
543 2140 647 2194 invidia
664 2141 747 2195 ducti·
976 2163 1078 2202 manus
1090 2141 1224 2214 expandit
1239 2145 1270 2195 ut
1283 2140 1318 2194 ad
1333 2156 1363 2194 se
1378 2140 1486 2193 veniret
1499 2139 1567 2194 dum
1582 2139 1665 2193 dixit:
1679 2137 1741 2190 lenite

167 2231 256 2284 isaias
268 2235 359 2282 autem
375 2230 457 2281 audet
473 2233 496 2280 el
510 2229 576 2282 dicit
590 2247 598 2281 :
611 2229 673 2282 Non
690 2229 749 2284 sine
761 2230 869 2283 ratione
880 2230 933 2284 hoc
974 2237 1010 2288 ad
1021 2251 1073 2299 rire,
1083 2249 1174 2287 ornnes
1184 2233 1234 2298 qui
1245 2230 1411 2283 laboratiset
1421 2230 1532 2281 onerati
1541 2225 1740 2292 edisseruerat·

132 2318 249 2372 verbum
271 2316 345 2387 quod
368 2321 411 2370 est
430 2316 524 2376 audet,
550 2317 644 2386 posuit
668 2318 829 2387 Apostolus.
845 2318 933 2372 isaias
974 2327 1047 2377 ciam
1057 2339 1102 2375 vos
1111 2316 1343 2386 (dictitamuscd
1353 2316 1412 2383 ille,
1423 2315 1560 2385 neglectis
1569 2315 1628 2385 eJ‘us
1637 2314 1740 2368 donorum

131 2405 232 2477 spiritu
251 2402 414 2474 prophetico
430 2403 562 2472 repletus,
579 2402 687 2457 sciebat
705 2420 734 2457 se
750 2410 934 2458 contemnen-
973 2410 1127 2472 beneficiis,
1142 2423 1256 2479 gressus
1271 2411 1347 2458 retro
1359 2405 1389 2457 in
1403 2403 1599 2458 infidelitatem
1611 2400 1723 2458 retrorsit.

131 2494 198 2548 dum
217 2492 359 2555 aludaeis,
377 2498 405 2544 et
419 2491 504 2544 etiam
519 2507 597 2544 serra
614 2491 708 2561 lignea
724 2493 886 2555 secandum,
903 2499 932 2548 et
1280 2493 1398 2547 CAPUT
1416 2491 1465 2546 xl.

136 2587 233 2636 tamen
246 2581 339 2642 audet,
352 2580 379 2634 id
395 2585 437 2634 est
451 2579 585 2633 audacter
599 2580 668 2633 dicit
681 2597 713 2634 ex
729 2597 848 2650 persona
857 2581 936 2636 chri-
1012 2589 1077 2641 Dico
1089 2602 1169 2653 erpo:
1180 2583 1316 2651 ll'unqnid
1329 2580 1435 2649 repulit
1449 2583 1520 2636 Deus
1529 2584 1661 2651 populum
1668 2592 1739 2633 mura:

136 2670 182 2735 sti,
194 2686 248 2724 non
264 2669 418 2722 formidans
432 2668 543 2723 Judaeos
557 2667 692 2722 rebelles:
708 2670 836 2723 lnecntus
847 2686 935 2724 suma
976 2675 1110 2729 subaudis
1126 2690 1158 2726 ex
1173 2676 1243 2737 toto,
1259 2671 1344 2724 Absit.
1362 2670 1433 2723 narn
1451 2674 1476 2722 et
1495 2686 1542 2736 epo
1561 2671 1679 2724 israelita
1689 2679 1739 2727 nin,

130 2776 186 2814 non
194 2760 436 2827 querentibusme,
442 2759 539 2825 polam
549 2763 670 2824 apparui
676 2758 933 2824 lu'squr'mcnonin-
974 2781 1006 2816 ec
1015 2765 1119 2816 sesninc
1128 2760 1280 2821 Abrabam,
1291 2759 1323 2811 de
1334 2759 1408 2810 tribu
1420 2759 1579 2824 denjcrnin,
1588 2756 1634 2826 qui
1645 2770 1689 2808 non
1698 2765 1740 2805 suu

131 2849 318 2916 iereopobont.
332 2847 491 2901 Gentilibus
506 2863 562 2899 non
575 2845 765 2916 quarentibus
777 2845 931 2912 Christum,
974 2851 1113 2922 repulsus,
1127 2847 1175 2903 sed
1192 2863 1254 2901 cum
1271 2845 1333 2899 aliis
1349 2861 1399 2909 per
1415 2844 1499 2898 fidem
1515 2843 1619 2898 Christi
1634 2843 1737 2897 saluatus.

131 2937 179 3006 qui
193 2953 283 3005 neque
298 2936 378 3005 legis,
395 2952 486 3004 neque
500 2935 701 3005 prophetarum
718 2934 829 3004 aliquod
846 2933 933 2989 habe·
975 2939 1004 2993 Si
1015 2939 1089 2992 enim
1100 2954 1133 2992 ex
1147 2941 1207 2990 toto
1217 2934 1368 3005 repulisset
1379 2933 1513 3003 populum
1525 2949 1606 2987 suurn
1622 2929 1740 2992 israeiut

131 3025 199 3078 bant
209 3025 418 3087 documentum,
427 3025 484 3076 sire
496 3023 719 3092 promissionem,
730 3023 764 3076 de
775 3040 807 3077 eo
820 3023 879 3092 ipsc
887 3040 935 3093 ap·
975 3041 1030 3079 non
1043 3025 1174 3080 salvaret.
1188 3022 1236 3093 qui
1247 3022 1282 3075 de
1294 3036 1391 3075 eorum
1402 3019 1534 3090 prosapia
1544 3018 1673 3089 originem
1682 3015 1738 3069 duco.

129 3111 233 3181 paruit.
248 3111 297 3163 ille
308 3127 443 3179 apparere
459 3110 573 3173 dicitur,
587 3112 635 3181 qui
647 3127 703 3164 non
714 3116 872 3180 separatur,
884 3111 932 3165 sed
1010 3115 1070 3168 il'on
1088 3114 1190 3180 repulit
1206 3112 1277 3164 Deus
1296 3111 1397 3177 plebem
1421 3124 1500 3161 suam
1520 3123 1605 3176 quarn
1625 3102 1739 3174 praeut

129 3197 222 3252 subito
236 3205 265 3250 ct
287 3198 428 3267 insperate
443 3199 527 3257 venit,
544 3197 618 3251 sicut
640 3199 773 3268 apparuit
795 3199 932 3253 Dominus
974 3200 1153 3256 Praescientia
1167 3195 1440 3269 praedestinationem
1457 3195 1599 3266 praecedit,
1611 3200 1740 3248 elnonem

132 3285 251 3340 Abrahae
266 3302 329 3339 cum
344 3301 399 3339 non
415 3291 586 3356 speraretur,
602 3291 631 3339 et
645 3286 717 3340 sicut
733 3287 864 3357 apparuit
881 3304 932 3341 an·
974 3289 1021 3343 nia
1031 3305 1093 3358 qua
1104 3287 1297 3358 praesciuntur,
1310 3283 1564 3356 praedestinantur:
1580 3287 1739 3337 verumtamen

127 3375 208 3445 gelus
222 3374 361 3428 Zachariae
378 3393 383 3427 :
399 3375 439 3427 sic
455 3373 591 3427 Dominus
606 3375 687 3427 lesus
699 3375 832 3444 apparuit
843 3377 933 3444 genti·
974 3376 1287 3447 quaepraedestinantur,
1298 3373 1392 3427 omnia
1403 3372 1600 3443 praesciuntur.
1611 3371 1738 3424 Hocauteu

128 3462 192 3528 bus,
201 3462 415 3533 predicantibus
429 3462 572 3533 apostolis,
585 3468 613 3515 et
627 3462 838 3517 coruscantibus
850 3464 932 3518 mira·
974 3466 1001 3519 in
1017 3467 1087 3530 loco,
1103 3462 1279 3535 praescientia
1301 3479 1351 3533 pro
1366 3459 1612 3531 predestinatione
1625 3455 1737 3527 assipitti·

132 3553 291 3616 saliacum
317 3569 372 3606 non
396 3558 605 3622 exspectaretur
626 3551 660 3604 ab
682 3550 745 3604 iliis.
770 3552 840 3604 Nam
858 3552 932 3622 quod
972 3571 1022 3625 per
1044 3553 1118 3624 quod
1139 3551 1262 3607 ostendit
1282 3551 1402 3614 nullum,
1418 3550 1475 3603 sive
1497 3566 1531 3603 ex
1548 3545 1737 3602 Judaeissinu

130 3641 191 3710 ipse
206 3640 235 3694 in
251 3641 383 3711 apostolis
398 3639 559 3711 apparuerit
580 3637 723 3709 gentibus,
739 3644 859 3693 testatur
873 3639 932 3694 suis
971 3641 1102 3713 gentibus
1117 3639 1357 3712 praedestinatum,
1371 3652 1432 3690 esse
1447 3637 1602 3707 repulsum.
1617 3629 1738 3689 Praesdun·

131 3727 317 3783 sermonibus.
330 3729 393 3781 Ecce
408 3745 454 3794 epo
468 3731 604 3781 uobiscum
620 3744 682 3780 sirm
698 3730 825 3781 onrnibus
838 3730 931 3782 diebus
971 3737 1019 3785 tur
1029 3730 1104 3784 enim
1117 3730 1191 3783 bona
1200 3734 1229 3782 et
1240 3728 1314 3781 mala
1323 3742 1340 3779 a
1350 3726 1417 3786 Deo,
1429 3721 1737 3795 praedestinanturautett

131 3832 214 3883 resque
229 3817 265 3867 ad
277 3819 541 3869 consarcinationem
554 3818 647 3869 saculi
659 3817 764 3875 tiballi,
779 3831 853 3874 xxix!
878 3817 932 3871 Per
972 3818 1147 3873 solummodo
1158 3817 1239 3871 bona.
1251 3816 1285 3869 Et
1298 3815 1350 3868 hoc
1360 3814 1447 3868 distat
1460 3813 1535 3866 inter
1547 3801 1737 3883 praedestinalit-

130 3903 287 3958 doctrinam
297 3903 371 3956 enim
379 3905 529 3968 caelestem,
539 3911 624 3975 etper
633 3904 831 3958 miraculorum
838 3905 929 3974 signa,
970 3922 1033 3960 nem
1050 3912 1077 3959 et
1091 3904 1229 3975 gratiam:
1243 3902 1310 3974 quia
1323 3900 1533 3972 praedestinatio
1547 3905 1591 3954 est
1604 3886 1737 3968 preparabit

131 4009 193 4064 quae
208 3993 326 4064 apostoli
341 3992 538 4063 operabantur,
555 3993 685 4064 apparuit
699 3993 826 4047 Christus
840 3993 930 4064 genti·
969 3994 1174 4065 gratiae‚gratia
1186 3998 1280 4046 autem
1289 3993 1348 4061 jam
1359 3988 1736 4062 ipsadonatiomuncrumpr

131 4081 193 4148 bue,
210 4082 341 4152 quoniam
360 4082 420 4152 ipse
442 4081 645 4153 cooperabatur
665 4083 706 4136 eis
721 4088 749 4136 et
763 4082 930 4153 loquebatur
969 4083 1051 4137 tuita.
1065 4085 1107 4136 rin
1121 4084 1241 4143 nescitis,
1253 4080 1281 4133 id
1297 4085 1341 4133 est
1353 4078 1480 4149 nunquid
1491 4075 1637 4147 ignoratis,
1649 4064 1737 4143 quiad-

128 4170 929 4242 parcrailiorum.DicitnamqueEvangelium,quodpro-
970 4161 1736 4240 rilSrriplurainElia,‹peterrerrdmodunsinterpelletiittttll

67 4313 70 4317 Α
127 4258 193 4312 fecti
202 4257 424 4328 praedicaverunt
430 4257 532 4328 ubique
541 4260 833 4328 Dominocooperante
839 4266 929 4314 etser-
968 4262 1114 4314 adeersum
1127 4261 1213 4313 Israel
1224 4277 1232 4310 :
1245 4258 1349 4312 Contra
1360 4272 1406 4310 eos
1416 4253 1555 4308 videlicet.
1568 4252 1615 4323 qui
1628 4247 1735 4304 erucem

129 4346 443 4408 monemconilrmante,
452 4346 735 4415 sequentibussignis.
743 4338 960 4416 acquiramini]
971 4347 1100 4401 tribubus
1109 4351 1223 4417 propter
1237 4343 1424 4398 idololatriam
1436 4341 1636 4396 interfecerunt
1644 4336 1735 4392 curaret

128 4436 173 4491 his
184 4434 232 4506 qui
243 4451 287 4488 me
296 4450 352 4487 nou
363 4433 584 4502 interrogabant.
593 4434 671 4504 Saepe
681 4434 931 4502 legiturDeusom·
969 4437 1053 4491 unius
1066 4435 1117 4490 Dei
1131 4434 1199 4488 veri.

127 4525 259 4596 nipotens
270 4539 286 4576 a
297 4521 929 4594 sanctisinterrogalus,sicutalioysedlbra-
1004 4527 1128 4586 Domine,
1144 4523 1290 4592 prophelae
1306 4527 1366 4576 tuos
1381 4521 1549 4575 occiderunt.
1571 4518 1630 4573 Hoc
1640 4515 1667 4569 in
1679 4507 1708 4565 lib

127 4616 204 4675 ham,
225 4612 355 4668 Samuele
370 4615 398 4665 et
421 4610 538 4676 casteria,
554 4617 584 4664 at
597 4610 716 4679 gentiles
735 4628 790 4665 non
806 4612 929 4666 interro-
970 4615 1077 4683 Regum
1094 4613 1148 4678 (lli
1160 4613 1221 4679 llep.
1244 4625 1313 4674 aru,
1330 4611 1359 4664 ll
1373 4614 1440 4663 Par.
1459 4614 1526 4673 ariri
1542 4607 1649 4678 plenius
1662 4607 1735 4656 aaut·

128 4703 234 4775 gabant
247 4704 337 4757 Deum
356 4719 361 4753 :
378 4700 426 4755 sed
442 4699 625 4753 consulebant
639 4698 713 4752 idola
732 4706 760 4753 et
774 4701 924 4757 daemouia.
970 4709 1028 4764 tur,
1044 4702 1184 4772 quomodo
1199 4700 1294 4754 Achab
1305 4707 1334 4754 et
1343 4698 1454 4753 lezabel
1467 4714 1530 4752 cum
1546 4697 1598 4751 sibi
1612 4683 1736 4750 revestit·

163 4794 204 4846 Ad
230 4794 316 4846 lsrael
344 4797 438 4845 cutem
462 4791 530 4843 dicit
556 4788 631 4842 idem
650 4785 740 4842 isaias
759 4806 790 4842 ex
811 4805 931 4858 persona
971 4791 1122 4863 prophetas
1138 4789 1249 4844 Domini
1266 4789 1427 4843 occiderunt
1444 4805 1449 4840 :
1467 4789 1574 4840 altorio
1589 4792 1635 4839 tuo
1650 4769 1736 4847 salivit·

128 4879 232 4934 Christi
248 4899 253 4932 :
271 4882 335 4934 Toto
349 4881 392 4934 die
407 4880 529 4948 expandi
542 4893 642 4930 marries
658 4893 732 4930 :ireos
747 4880 784 4930 ad
795 4882 930 4947 populum
972 4885 1039 4934 rrrrrt
1050 4879 1146 4941 decem
1159 4877 1260 4944 tribus,
1271 4877 1346 4948 apud
1355 4893 1426 4946 quos
1438 4875 1506 4930 talia
1517 4873 1630 4936 fiebant,
1641 4861 1739 4942 quiritur

128 4983 184 5020 :ron
208 4969 369 5032 credentem,
394 4970 439 5021 sed
462 4967 693 5022 contradicentem
721 4969 803 5021 milri.
828 4968 929 5021 Totum
971 4970 1012 5023 los
1027 4984 1127 5021 aureos
1142 4967 1170 5021 in
1186 4968 1247 5021 Dan
1262 4966 1333 5019 etin
1348 4965 1444 5019 Rethei
1460 4980 1476 5017 a
1491 4962 1637 5018 Jeroboam
1650 4956 1681 5013 ad
1691 4946 1738 5006 td0·

128 5053 203 5106 diem
214 5054 336 5124 appellat
346 5060 435 5108 totum
445 5055 716 5126 ternpusDominicae
726 5053 930 5126 predicationis
971 5056 1073 5111 randos
1089 5060 1264 5126 acceperant,
1285 5055 1386 5108 altaria
1406 5048 1653 5122 hierosolymitani
1668 5031 1740 5132 tempii

129 5141 263 5211 usquead
276 5142 432 5210 passionem
450 5143 532 5196 illius.
544 5144 596 5208 Qui
609 5144 738 5198 videlicet
751 5161 852 5198 manus
865 5160 930 5199 suas
971 5161 1026 5197 non
1038 5144 1220 5208 suffoderant,
1233 5149 1259 5197 et
1271 5142 1373 5196 idcirco
1383 5141 1570 5210 intelligimus
1580 5138 1652 5209 quod
1661 5130 1741 5199 inipso

130 5230 165 5284 ad
179 5228 307 5282 eumdem
321 5229 454 5297 populum
469 5232 602 5295 extendit,
614 5233 680 5303 quia
693 5250 810 5287 munera
825 5233 929 5287 beneis-
970 5232 1066 5287 decem
1087 5231 1224 5286 tribubus.
1244 5231 1322 5285 Licet
1335 5230 1448 5301 quidam
1463 5230 1565 5284 altaria
1579 5228 1632 5282 diis
1642 5217 1742 5311 gentium·

128 5319 235 5373 ciorum
249 5316 530 5384 suorumiargissima
541 5318 664 5375 bonitate
676 5323 811 5377 exhibuit.
822 5324 928 5393 Expan·
969 5323 1149 5376 aedificarent.
1162 5326 1243 5374 erant
1255 5326 1348 5373 tamen
1361 5319 1408 5389 qui
1423 5318 1481 5372 Deo
1495 5315 1676 5372 aedificabant.
1687 5299 1744 5364 etih

128 5408 171 5464 sio
182 5405 256 5460 enim
270 5404 605 5469 manuum,donationem
623 5425 769 5465 munerum
787 5412 926 5482 designat.
969 5409 1163 5469 immolabant,
1177 5425 1232 5462 non
1243 5408 1390 5462 audientes
1400 5407 1441 5460 ire
1451 5406 1481 5460 in
1489 5405 1646 5460 Jerusalem
1658 5400 1747 5474 propttt

17 5501 20 5506 “
106 5558 110 5565 ,
126 5501 162 5558 a:
171 5495 219 5552 ille
229 5493 333 5550 dicitur
343 5507 443 5547 manus
455 5493 621 5565 expandere,
633 5497 680 5565 qui
690 5498 871 5567 poscentibus
881 5498 924 5554 be
969 5515 1049 5571 reges
1063 5497 1150 5553 israel
1165 5497 1339 5566 idololatras,
1353 5496 1401 5568 qui
1414 5495 1478 5552 illos
1490 5512 1509 5552 a
1521 5494 1629 5567 templo
1639 5490 1751 5559 nano
