3818 6104
124 303 184 363 937
439 345 445 355 .
553 302 744 361 expostulo
759 302 799 359 lN
812 301 1076 360 arocmvrslh.
1092 329 1127 344 -
1141 300 1345 358 Pamsarlo.
1716 304 1770 366 938

162 430 391 498 hopoaaternves,
398 429 511 498 fratres,
519 428 927 496 atsafferatisoerbumsolatii.
938 425 1113 498 Animulque
1127 424 1271 482 blanditur
1280 426 1330 492 eis,
1342 426 1410 483 dum
1422 427 1624 486 honorabiliter
1636 446 1684 487 ecs
1698 432 1771 488 salu·

129 519 242 573 Etenim
254 534 305 587 per
322 520 420 587 paucis
441 520 540 587 scripsi
559 519 642 573 uobis.
658 517 733 571 Nota
750 516 824 588 quod
838 520 928 571 totam
976 519 1178 586 coepulonus
1192 515 1449 571 animadverterent
1460 534 1490 573 se
1504 518 1582 590 diligi
1597 519 1632 574 ab
1645 520 1703 587 illo,
1716 537 1773 577 non

129 607 287 681 Epistolam
299 623 387 662 unum
397 606 512 662 verbum
524 605 676 678 appellavit
686 622 738 660 nec
750 605 838 660 dixit:
853 606 931 676 Rogo
975 603 1011 658 ad
1026 603 1147 668 oculum,
1163 604 1213 658 sed
1227 608 1256 658 et
1276 620 1308 659 ex
1322 610 1382 660 toto
1400 606 1503 661 mentis
1516 608 1626 664 ellectu.
1640 610 1774 666 satutant

130 693 935 768 vosutsulleratispatientierverbumadmonitionis,quia
975 709 1020 747 am
1038 693 1070 746 cic
1086 694 1170 747 ltalia
1187 694 1299 760 fratres.
1324 694 1505 766 Apertissime
1523 697 1567 752 his
1588 697 1678 752 verbis
1694 697 1774 754 nobis

131 786 329 860 pusillanimes
346 792 441 852 erant3
458 784 507 840 sed
519 786 631 840 uerbum
642 787 746 848 solatii,
760 783 813 837 hoc
824 790 868 838 est
877 798 936 836 ver·
976 780 1144 853 innuitquia
1158 781 1253 836 Romae
1263 782 1335 836 hane
1345 782 1492 854 epistolam
1505 785 1658 856 scripserit,
1671 804 1732 858 quae
1744 787 1774 842 in

130 874 201 930 bum
224 874 434 940 consolationis,
450 871 622 944 verbumque
641 871 858 927 adhortationis.
873 871 936 926 Non
976 868 1092 940 regione
1106 867 1204 923 italica
1217 869 1272 923 sita
1285 874 1337 934 est,
1351 876 1380 925 et
1391 871 1464 927 sicut
1477 863 1773 946 doctoribus'videtur,

133 963 213 1020 enim
233 963 333 1035 scripsi
347 962 424 1018 vobis
438 964 537 1028 multa,
551 961 601 1016 sed
619 978 717 1033 pauca,
738 961 775 1015 ad
790 976 936 1031 compara·
977 959 1129 1013 incarcere
1143 963 1205 1013 erat
1218 963 1285 1014 tunc
1299 960 1443 1032 temporis.

133 1053 243 1109 tionem
250 1052 364 1108 illorum
374 1068 435 1124 quae
444 1050 521 1106 vobis
531 1049 696 1117 dicerem,si
706 1064 935 1122 presensessem,
1014 1047 1187 1102 Gratiarum
1201 1049 1329 1102 erunibus
1344 1050 1424 1104 vobis.
1445 1051 1541 1106 Amen.
1557 1050 1657 1106 Gratia
1670 1051 1776 1107 dicitur

136 1141 242 1198 timens
258 1141 336 1197 vobis
351 1142 428 1197 oneri
445 1157 514 1196 esse.
977 1135 1067 1207 gratis
1077 1135 1152 1190 data.
1164 1135 1268 1190 Gratia
1278 1141 1373 1190 autem
1384 1138 1498 1192 nornine
1508 1138 1777 1196 debemushicacci·

170 1233 448 1300 Oopaoscitesratrem
459 1234 587 1284 nostrum
599 1230 770 1283 Timotheum
778 1229 937 1281 cirninum.
979 1239 1046 1295 pere
1055 1224 1139 1278 tidem
1149 1223 1559 1295 perlectamcumcxseoutione
1567 1228 1704 1284 bonarum
1712 1245 1776 1301 ope·

136 1320 303 1377 Timotheus
316 1318 496 1391 «coepiscopus
510 1324 572 1374 erat
585 1316 658 1372 beati
672 1315 807 1388 Apostoli,
819 1319 848 1370 et
861 1314 940 1385 adiu·
979 1329 1053 1379 rum,
1064 1313 1259 1368 remissionem
1271 1329 1382 1386 quoque
1392 1321 1580 1386 peccatorum,
1591 1334 1676 1388 quam
1690 1319 1777 1390 perei-

136 1415 184 1464 tor
203 1408 232 1464 in
252 1408 461 1480 praedicatione,
478 1424 561 1479 quem
576 1406 644 1462 dicit
661 1405 808 1461 dimissum
824 1421 841 1459 a
856 1420 895 1468 se,
911 1409 940 1458 et
980 1401 1063 1477 piunt
1073 1400 1155 1456 electi
1168 1407 1296 1474 tempore
1308 1402 1495 1474 baptismatis,
1506 1406 1611 1461 donum
1622 1407 1706 1462 etiam
1718 1407 1779 1480 Spi-

138 1499 174 1552 ad
190 1497 418 1570 pradicationem
430 1497 577 1563 directum,
590 1495 646 1551 sive
656 1493 785 1558 htbenis,
794 1493 843 1548 ubi
858 1492 938 1547 illum
979 1491 1052 1546 ritus
1060 1489 1160 1553 sancti,
1169 1491 1243 1562 quod
1253 1491 1337 1546 datur
1347 1498 1404 1547 tam
1416 1493 1444 1548 in
1455 1493 1624 1565 baptismate
1631 1512 1715 1568 quam
1727 1512 1779 1569 per

139 1586 288 1642 dimiserat
298 1585 431 1641 sortassin
441 1584 601 1657 Apostolus.
613 1584 710 1638 Potest
720 1582 806 1638 etiam
819 1579 940 1651 intelligi
980 1579 1189 1650 impositionem
1197 1595 1298 1635 manus
1304 1581 1577 1654 episcoporumque
1588 1585 1683 1640 omnia
1690 1586 1781 1656 gratis

140 1676 216 1748 quod
228 1675 257 1730 in
268 1692 379 1732 carcere
389 1680 526 1741 retentus,
537 1677 605 1728 tunc
618 1671 702 1727 luerit
711 1671 853 1726 dimissus.
872 1669 945 1727 dum
982 1684 999 1722 a
1013 1667 1071 1722 Deo
1081 1668 1194 1723 dantur.
1207 1669 1277 1724 Orat
1289 1686 1356 1740 ergo
1366 1671 1515 1742 Apostolus
1525 1678 1556 1726 ut
1567 1672 1622 1726 ista
1631 1675 1727 1728 omnia
1739 1674 1781 1729 illi

140 1782 202 1835 quo,
216 1764 246 1818 id
260 1771 303 1820 est
316 1781 379 1820 cum
388 1764 545 1826 Timotheo,
557 1766 582 1817 si
595 1764 711 1816 celerias
723 1762 828 1815 venerit
840 1760 877 1813 ad
886 1775 942 1834 uos,
953 1747 1086 1828 Bquibos
1100 1757 1238 1812 scribebat
1253 1759 1438 1830 possiderent.
1454 1759 1575 1815 Oremus
1584 1767 1613 1816 et
1622 1778 1673 1816 nos
1686 1762 1783 1817 Domi-

141 1856 236 1909 aecem
257 1871 312 1909 aas.
332 1839 540 1909 hiansuetiores
559 1869 607 1908 eos
625 1851 686 1906 vult
704 1851 833 1918 reddere,
849 1849 945 1904 dicens
984 1861 1053 1900 num
1077 1845 1123 1917 pia
1147 1846 1360 1918 supplicatione,
1381 1855 1520 1918 quatenus
1543 1866 1594 1921 per
1614 1851 1781 1922 sullragium

141 1960 172 1998 se
187 1949 319 2014 paratum
331 1943 367 1997 ad
381 1960 429 1997 eos
443 1943 548 1997 venire.
984 1934 1595 2005 egregiisuihpostolihorumnumerumnos
1606 1955 1780 2010 possessores

177 2032 304 2088 Salutate
314 2049 406 2086 ornnes
412 2035 569 2101 prepositos
579 2036 679 2086 cestros
689 2035 713 2084 ct
722 2045 815 2084 omnes
825 2033 941 2083 sanctos.
983 2022 1014 2076 in
1028 2025 1159 2095 praesenti
1173 2024 1287 2092 elliciat,
1298 2025 1439 2097 iidemque
1451 2042 1537 2098 quam
1550 2027 1648 2082 docuit
1661 2029 1783 2100 integer·

142 2121 224 2177 Sicut
237 2120 408 2191 generaliter
423 2119 553 2174 omnibus
568 2118 693 2173 liebraeis
710 2118 782 2172 hanc
797 2115 944 2188 epistolam
984 2112 1056 2167 rime
1075 2113 1277 2179 custodientes,
1299 2113 1437 2185 bonisque
1460 2117 1591 2186 operibus
1606 2127 1782 2185 exornantes,

141 2209 306 2280 scripserat,
322 2209 362 2263 ita
371 2208 541 2279 generaliter
550 2223 649 2262 omnes
658 2208 750 2262 salute
760 2205 854 2276 vigere
864 2210 946 2276 opta·
987 2201 1023 2255 ad
1033 2203 1300 2273 contemplationem
1310 2219 1439 2275 supernae
1448 2204 1570 2273 visionis,
1581 2206 1693 2262 Christo
1703 2207 1784 2273 duce,

142 2299 202 2363 bet,
213 2314 272 2352 non
280 2299 370 2352 solum
380 2298 521 2368 prelatos,
530 2296 580 2351 sed
591 2296 676 2351 etiam
688 2309 786 2349 omnes
795 2292 945 2365 subjectos,
987 2287 1148 2362 pertingere
1162 2306 1331 2347 mereamur.
1348 2292 1452 2348 Amen.

140 2385 504 2460 quossauctosvocat,quia
512 2382 758 2440 sanctiluerantin
766 2380 946 2453 baptismate,

1432 2550 1799 2568 m

699 2565 1262 2815 HfflNIS

714 2899 1058 2959 HALBERSTATENSIS
1077 2901 1241 2957 EPISCOPI

259 3067 677 3256 llltshltlh
735 3069 796 3253 ll
851 3066 1267 3256 llttllhlll
1322 3071 1382 3254 l.
1440 3068 1690 3257 ttllhl

748 3354 931 3451 LIBRI
968 3352 1204 3451 SEPTEM

220 3537 316 3609 (Juxta
330 3537 481 3594 editionem
496 3538 591 3595 datam
607 3537 729 3595 Colonia
744 3553 819 3593 anno
840 3535 918 3606 1531,
935 3536 1012 3610 apud
1025 3535 1206 3605 Eucharium,
1222 3541 1390 3608 procurante
1406 3534 1556 3592 Gadeirido
1571 3534 1732 3607 liitterpio.)

495 3789 940 3927 HAYMONIS
1000 3790 1458 3928 PRAEFATIO.

188 4089 325 4161 Legimus
345 4089 376 4144 in
395 4088 588 4146 Ecclesiastica
602 4087 720 4144 historia
736 4085 849 4142 beatum
869 4085 986 4148 ioan-G
998 4085 1123 4157 phetiam
1143 4091 1171 4141 et
1190 4103 1252 4140 eam
1272 4103 1335 4159 quae
1353 4089 1477 4144 revelata
1495 4095 1538 4145 est
1561 4097 1626 4148 saite
1644 4093 1797 4149 adventum

155 4195 219 4234 nem
240 4195 259 4233 a
280 4179 440 4234 Domitiano
459 4178 627 4251 impiissimo
643 4179 754 4232 Caesare
773 4176 803 4231 in
821 4175 957 4230 Pathmos
996 4173 1118 4232 nomini.
1130 4180 1237 4247 quanta
1249 4175 1384 4231 distantia
1400 4184 1443 4233 est
1457 4179 1531 4234 inter
1545 4198 1657 4237 servum
1667 4188 1696 4238 et
1710 4182 1798 4237 domi·

154 4264 279 4321 insulam
303 4267 474 4338 relegatum,
500 4266 598 4322 exsilio
625 4266 816 4337 deportatum,
842 4263 957 4319 metallo
997 4280 1076 4331 num,
1088 4263 1163 4318 inter
1172 4264 1263 4335 legem
1277 4270 1305 4319 et
1315 4265 1507 4338 Evangelium,
1524 4269 1598 4326 inter
1607 4272 1697 4326 Deum
1709 4277 1737 4327 et
1750 4273 1800 4327 ho·

155 4352 325 4409 damnatum
343 4354 378 4410 ob
396 4353 615 4427 insuperabilem
629 4351 771 4424 Evangelii
785 4352 958 4425 praedicatio-
999 4352 1122 4407 minem:
1136 4353 1202 4424 quia
1214 4354 1289 4425 quod
1299 4354 1341 4409 illi
1351 4356 1504 4412 cernebant
1514 4374 1532 4413 a
1544 4360 1627 4430 longe
1637 4366 1797 4430 venturum,

157 4459 233 4511 nem,
246 4449 281 4499 ut
293 4443 335 4498 ibi
349 4443 466 4500 forsitan
478 4448 586 4499 secreta
599 4458 783 4508 marmorum,
794 4443 838 4497 vel
852 4448 958 4496 terram
998 4441 1051 4497 hoc
1060 4441 1113 4496 iste
1125 4443 1185 4512 jam
1201 4458 1233 4496 ex
1245 4448 1325 4514 parte
1341 4445 1464 4500 maxima
1475 4446 1579 4502 lactum
1590 4455 1618 4503 et
1629 4449 1798 4521 inpraesenti

157 4532 279 4599 foderet,
295 4538 344 4588 aut
358 4533 403 4588 his
418 4531 557 4588 similibus
572 4530 717 4602 preceptis
737 4529 891 4585 deserviret
904 4531 958 4585 im·
999 4530 1157 4587 laciendum
1188 4533 1321 4589 ostendit.
1350 4536 1423 4590 Nam
1452 4536 1525 4591 sicut
1552 4537 1650 4592 beatus
1674 4539 1797 4592 ioannes

157 4620 322 4692 penalibus,
333 4621 407 4676 sicut
418 4621 538 4692 legimus
548 4620 654 4673 iactum
665 4619 694 4673 in
704 4618 882 4690 passionibus
892 4636 958 4674 san·
1000 4619 1125 4690 baptista
1140 4620 1243 4676 idcirco
1258 4623 1349 4692 major
1366 4623 1625 4679 habeturomnibus
1641 4626 1794 4697 prophetis,

158 4716 270 4765 ctorum
293 4717 461 4782 martyrum.
487 4709 540 4765 Ubi
565 4714 669 4780 quanto
693 4707 783 4779 magis
807 4709 959 4780 putabatur
1000 4708 1156 4780 quiaquem
1168 4709 1208 4763 illi
1219 4711 1572 4783 praedixerunt,istcdigito
1583 4713 1796 4780 demonstravit,

158 4798 259 4854 vinciri
273 4798 400 4855 custodia
413 4799 548 4864 humana,
563 4803 643 4852 taam
658 4797 747 4868 magis
761 4799 960 4853 metasbuma·
1000 4796 1082 4852 itaet
1100 4799 1159 4852 haee
1178 4799 1326 4869 prophetia
1345 4802 1435 4870 major
1453 4807 1496 4855 est
1514 4801 1642 4856 omnibus
1659 4820 1665 4855 ε
1683 4801 1748 4873 quia
1762 4821 1796 4859 ea

159 4887 260 4943 nitatis
272 4887 483 4952 transcendens,
496 4886 601 4941 meruit
614 4886 707 4941 videre
721 4887 856 4942 caelestia.
867 4888 902 4943 Et
914 4886 960 4942 cui
1001 4901 1063 4957 qum
1079 4885 1195 4956 antiqua
1208 4886 1358 4941 revelanda
1372 4887 1499 4958 praedixit
1512 4889 1670 4961 prophetia,
1683 4891 1741 4946 haec
1750 4909 1797 4948 rc·

159 4981 239 5031 certa
252 4974 430 5047 negabantur
438 4974 530 5047 spatia
543 4981 684 5029 terrarum
699 4975 842 5041 excedere,
852 4979 961 5030 secreta
1000 4974 1091 5028 velata
1100 4974 1235 5032 ostendit.
1245 4973 1278 5028 ln
1289 4975 1340 5029 hae
1350 4991 1444 5030 autem
1453 4977 1621 5034 revelatione
1631 4978 1702 5035 nihil
1713 4981 1798 5037 hista-

159 5073 227 5121 sunt
240 5080 374 5120 concessa
387 5070 536 5136 penetrare
552 5064 685 5123 coelestia.
700 5064 734 5118 Et
748 5070 854 5136 quanto
868 5063 959 5135 magis
1000 5062 1089 5118 ricum
1104 5068 1147 5117 est
1161 5063 1362 5135 accipiendum,
1377 5065 1452 5136 quod
1465 5065 1527 5137 ipsa
1538 5066 1630 5133 verba,
1648 5070 1672 5124 si
1684 5070 1798 5127 subtili·

160 5154 313 5210 destitutus
327 5160 371 5209 est
384 5153 509 5209 humano
523 5153 634 5219 solatio,
651 5157 730 5209 tanto
744 5152 770 5207 ei
785 5153 876 5209 adsuit
890 5152 960 5207 divi·
1001 5157 1046 5206 ter
1055 5151 1251 5223 inspiciuntur,
1262 5151 1361 5206 docere
1375 5153 1539 5223 probantur.
1551 5157 1648 5229 Neque
1658 5159 1733 5214 enim
1745 5160 1799 5215 boa

160 5241 346 5315 num.1bique
355 5243 461 5298 meruit
471 5243 562 5297 videre
571 5242 645 5297 hanc
654 5242 829 5314 prophetiam
842 5242 962 5297 destatu
1002 5241 1063 5296 heri
1075 5246 1175 5311 potest,
1193 5245 1226 5294 ut
1236 5256 1323 5311 pauca
1333 5257 1348 5295 e
1358 5242 1454 5297 multis
1468 5244 1603 5312 dicamus,
1613 5249 1686 5318 quod
1698 5248 1800 5304 viderit

161 5331 308 5401 proesentis
332 5336 361 5386 et
385 5332 487 5387 suturae
506 5331 644 5392 Ecclesiae,
667 5348 728 5402 quae
746 5331 820 5385 inter
839 5330 962 5401 reliquos
1002 5330 1138 5383 veraciter
1152 5345 1238 5399 equos
1254 5328 1282 5382 in
1299 5328 1413 5396 visione,
1429 5349 1548 5402 quorum
1569 5353 1730 5392 ascensores
1746 5337 1798 5390 ha-

159 5420 233 5477 Novi
250 5420 425 5475 Testamenti
439 5420 526 5475 libros
540 5418 687 5492 prophetia
703 5419 873 5486 nominatur,
889 5390 994 5474 sicutD
1003 5420 1102 5473 berent
1115 5417 1215 5471 loricas
1227 5417 1323 5487 igneas
1334 5425 1362 5473 et
1372 5420 1567 5491 hyacinthinas
1577 5430 1606 5478 et
1619 5427 1795 5496 sulphureas.

160 5510 190 5564 in
205 5507 392 5580 sequentibus
404 5507 525 5563 dIcitur:
541 5511 638 5563 Beatus
658 5511 708 5576 qai
724 5511 787 5576 tepit
802 5509 884 5561 uerba
895 5522 962 5576 pro-
1002 5506 1068 5561 Tria
1081 5522 1203 5576 namquo
1215 5522 1320 5577 genera
1334 5508 1471 5565 visionum
1485 5517 1578 5581 patres
1591 5513 1679 5567 nostri
1698 5512 1799 5566 intelli·

157 5599 260 5669 phetie
269 5598 366 5667 bajas.
374 5595 429 5652 Sed
441 5601 521 5652 tanta
533 5595 889 5652 distantiaestinterbanc
900 5611 963 5667 pro·
1003 5595 1096 5668 genda
1115 5595 1268 5651 dixerunt:
1289 5596 1410 5668 primum
1429 5599 1536 5655 scilicet
1553 5601 1706 5671 corporale,
1726 5599 1800 5655 sicut

289 5696 426 5758 Parnon.
449 5690 568 5758 Clll'll.
1065 5791 1071 5801 ·
1430 5790 1438 5800 ¹
1641 5691 1682 5754 su
