3818 6104
130 250 179 306 'lli
290 246 294 251 ’
351 246 541 303 harmotus
556 245 800 303 HALBERSTAT.
817 243 934 303 EPISC.
955 242 1033 301 CPP.
1049 245 1142 300 PARS
1156 245 1179 301 1.
1196 273 1229 286 ·-
1246 243 1431 302 COMMENT.
1449 245 1544 303 uisu.
1700 250 1738 309 tlt

130 374 311 429 festivitatem
325 372 535 427 neomeniarum
550 375 578 425 et
588 371 799 435 sacrificiorum,
810 388 870 441 quae
885 370 927 424 di·
937 373 961 432 Α
972 369 1047 424 illius
1055 376 1121 424 sunt
1134 371 1244 425 luridati
1254 376 1283 425 et
1290 370 1416 442 stabiliti,
1427 371 1500 427 sicut
1511 372 1571 444 ipse
1582 372 1650 428 dixit
1659 393 1663 422 :
1672 376 1740 447 Super

130 462 344 516 videbantduos
361 461 489 533 populos,
517 461 627 515 Juuaeos
651 467 678 513 el
693 460 821 529 gentiles,
842 460 928 514 voluti
970 457 1170 526 hariepctram,
1187 458 1216 511 id
1231 464 1373 529 estsuper
1389 475 1434 512 me
1462 461 1599 526 adipeam
1620 461 1739 522 Ecclesiam

130 553 224 622 paries
239 551 338 604 dividit
358 567 390 603 ac
410 553 521 619 separat
545 548 614 601 duos
633 549 770 612 hominm,
787 549 844 601 sivo
859 548 928 602 duas
970 562 1060 599 irsoum
1075 547 1185 614 (Mol-th.
1198 550 1266 613 xvi),
1279 564 1340 617 quae
1352 553 1463 601 constat
1475 564 1509 602 ex
1521 549 1629 619 angelis
1641 551 1740 608 ethoui·

131 657 186 694 res.
200 640 234 693 Et
249 639 322 708 quod
340 638 410 691 dixit
417 642 563 705 parietem,
576 636 773 707 hocexposuit,
783 654 846 690 cum
860 637 930 690 dixit
970 633 1256 704 nibusjuscisumnis
1268 636 1343 689 enim
1355 635 1400 707 qui
1413 636 1497 690 fidem
1507 636 1613 690 Christi
1623 637 1741 702 habetn-

132 724 712 794 im'miciticscttcpcuimuudutorum‚quud
720 725 928 794 propterlegem
971 738 1021 791 per
1031 722 1121 792 ipsum
1138 730 1182 776 est
1195 723 1337 788 fundatus,
1347 727 1404 792 ipso
1416 728 1666 792 summounpulori
1676 728 1739 796 lapidi

132 821 160 866 et
170 813 374 866 observantiam
385 814 446 881 ejus
454 819 536 864 erant
544 811 929 868 inimicitiaeetcouteutiones
971 811 1160 865 Cluu'stoicsa.
1173 812 1318 874 Quomodo
1329 820 1372 865 est
1382 812 1512 866 Christus
1522 811 1739 872 etlundameutuu

131 903 283 956 interduos
295 901 426 970 populos:
440 899 670 969 quoniarnludaei
682 901 929 971 deputabantgen-
970 904 998 953 et
1012 916 1140 953 summus
1155 900 1243 970 lapis?
1270 900 1325 953 Per
1346 900 1398 954 hoc
1418 901 1493 970 quod
1517 899 1553 954 ah
1576 900 1624 956 illo
1637 901 1740 974 incipitur

132 991 194 1044 tiles
203 990 282 1060 quasi
294 988 519 1042 immundossed
535 989 614 1042 illum
624 989 822 1060 parietemsive
832 990 924 1045 inimi·
969 988 1048 1054 sides,
1061 994 1090 1042 et
1103 988 1210 1058 inipso,
1222 995 1250 1042 et
1260 987 1295 1041 ab
1305 989 1352 1042 illo
1365 987 1509 1060 perficitur
1520 996 1606 1060 atque
1615 992 1741 1062 completur

132 1081 227 1133 citiam
239 1081 281 1133 vel
292 1079 382 1147 leuem
394 1078 591 1131 mandatorum
607 1078 746 1133 destruxit
755 1078 849 1149 ipsein
861 1096 927 1150 pus·
969 1077 1030 1146 ipsa
1045 1077 1114 1130 fides
1128 1076 1247 1148 ideoque
1263 1094 1360 1131 omncs
1369 1078 1449 1132 electi
1463 1077 1492 1131 in
1503 1078 1566 1149 ipso
1576 1079 1739 1136 suntiuuduti.

132 1169 210 1223 sione
223 1186 284 1234 sua,
305 1168 417 1237 quaudo
432 1183 481 1238 pro
501 1166 631 1220 omnibus
646 1168 807 1221 immolatus
824 1173 875 1229 est,
889 1166 929 1221 sic
970 1168 1032 1235 lpse
1047 1168 1121 1219 enim
1137 1165 1216 1231 dixit,
1229 1182 1279 1236 pro
1295 1182 1328 1220 eo
1344 1166 1419 1237 quod
1430 1172 1473 1220 est
1490 1166 1519 1220 in
1534 1167 1606 1238 ipso.
1618 1169 1739 1238 Anguhris

131 1275 232 1312 vocans
257 1257 376 1327 gentiles
394 1255 429 1309 ad
456 1256 539 1308 iidem
558 1263 586 1308 et
610 1255 750 1309 redimens
772 1256 856 1309 veluti
879 1256 929 1309 Ju-
971 1253 1739 1327 etiamdicitur,quiasicutaugularislupisduosparietcs

132 1348 216 1414 dacus,
234 1352 262 1400 et
290 1346 404 1415 insuper
427 1344 455 1397 in
480 1343 598 1397 decretis
621 1344 763 1413 Evangelii
788 1343 932 1397 evacuavit
969 1342 1739 1414 jungit,itaChristusduospopulosinunitatefidcisue

134 1436 223 1505 legem
235 1435 264 1488 iu
277 1433 418 1504 mysteriis
430 1451 435 1485 :
446 1432 511 1503 quia
526 1448 581 1485 non
596 1432 819 1502 precipitneque
835 1433 930 1487 Judaeo
972 1431 1166 1501 conjungendo
1181 1433 1315 1486 continet.

134 1540 226 1594 noque
240 1523 339 1594 gentili
354 1523 454 1575 ollerre
463 1520 629 1575 sacrificium
641 1526 669 1574 et
683 1521 843 1574 circumcidi
857 1527 932 1592 post·
1009 1523 1101 1588 laquo
1114 1521 1225 1575 Christo
1240 1525 1330 1575 circatis
1344 1523 1488 1589 edificalia
1502 1521 1630 1577 Ecclesia
1642 1528 1740 1576 constru-

134 1628 217 1682 quam
234 1611 293 1682 ipse
315 1626 414 1680 passus
433 1614 483 1672 est,
511 1608 559 1678 qui
584 1609 932 1678 praessgurabaturinillis
973 1614 1017 1662 clu
1032 1615 1060 1662 et
1074 1609 1211 1663 aedificata
1230 1613 1324 1664 crescit
1336 1614 1367 1663 iu
1382 1615 1514 1679 tempium
1527 1617 1652 1664 sarcclum
1664 1615 1688 1664 iu
1702 1614 1740 1665 lio·

134 1699 287 1763 sacrificiis,
301 1703 331 1752 in
348 1714 544 1751 terruannorum
553 1698 703 1760 lcouu‘ucm,
715 1698 742 1751 id
751 1699 829 1752 estin
839 1699 962 1773 seipsoss
973 1701 1058 1750 uriaco.
1076 1698 1367 1769 lnquoChristo,quia
1377 1699 1503 1768 quotidie
1519 1716 1553 1753 ex
1567 1699 1740 1769 omnibusgeu-

134 1791 238 1858 sccicas
246 1786 500 1855 pocritaQuomodo
512 1786 651 1842 factusest
662 1787 668 1838 i
674 1804 721 1856 pso
732 1804 818 1840 novus
829 1787 931 1840 homol
971 1786 1045 1840 tibus
1059 1787 1094 1840 ad
1110 1788 1194 1840 fidem
1209 1787 1313 1841 Christi
1327 1787 1452 1848 veniunt,
1468 1788 1538 1842 sides
1552 1789 1650 1842 crescit
1664 1788 1687 1842 in
1697 1788 1740 1858 ipsa

134 1879 167 1932 lu
178 1880 230 1932 hoc
246 1878 319 1948 quod
332 1877 416 1929 homo
427 1876 578 1941 saclusest,
595 1882 678 1930 natus
696 1891 727 1928 ex
738 1876 854 1945 virgine,
870 1876 930 1930 siue
972 1874 1103 1934 Ecclesia,
1132 1892 1193 1945 quae
1217 1881 1260 1929 est
1281 1875 1419 1946 templum
1433 1876 1550 1941 Christi,
1567 1874 1738 1930 sicutulihirli·

134 1966 242 2020 semiue
264 1965 348 2023 virili.
367 1970 395 2018 ct
419 1972 600 2019 conversatus
625 1972 666 2019 est
691 1965 719 2019 iu
741 1965 844 2018 mundo
871 1965 931 2018 sine
972 1963 1069 2017 citur:
1092 1965 1233 2032 Terrrplum
1253 1966 1302 2018 Dei
1322 1969 1450 2018 salictum
1473 1973 1523 2027 cst,
1548 1966 1739 2033 quodetiam

134 2061 258 2127 peccato,
277 2054 350 2124 quod
366 2071 448 2107 neruo
460 2071 510 2106 nec
529 2061 612 2107 antea
627 2071 678 2107 nec
693 2059 790 2125 postea
810 2054 884 2117 fecit,
901 2059 931 2107 ul
974 2055 999 2120 (Ι
1011 2053 1072 2107 Cor.
1085 2059 1131 2121 ru).
1151 2052 1225 2107 Licet
1237 2052 1312 2107 enirn
1325 2053 1505 2124 omnipotens
1517 2053 1592 2107 Deus
1606 2070 1653 2124 per
1663 2052 1738 2106 diviui-

135 2145 325 2197 rccuuciliarct
344 2144 396 2195 lico
413 2141 489 2194 Patri
505 2144 597 2195 uiribus
612 2143 728 2213 populos
749 2159 799 2211 per
812 2159 930 2209 errarem,
972 2142 1039 2195 tatis
1054 2141 1208 2212 potentiam
1223 2142 1326 2212 ubique
1341 2143 1387 2207 sit,
1402 2147 1498 2196 tamen
1518 2143 1602 2196 aliter
1617 2141 1738 2196 habitatin

135 2231 239 2284 hocest
254 2230 468 2300 perpessionem
482 2231 572 2283 crucis
583 2248 649 2294 sum,
662 2234 693 2284 iu
704 2247 759 2284 reiro
775 2232 931 2300 cor·pore,id
974 2231 1078 2296 electis,
1094 2237 1178 2300 atque
1194 2231 1277 2285 aliter
1293 2231 1321 2284 iu
1333 2230 1469 2301 reprobis

136 2325 180 2374 est
195 2320 223 2372 in
238 2335 293 2371 uua
307 2317 438 2381 Ecclesia,
456 2318 483 2371 iu
499 2334 555 2372 uua
571 2319 635 2384 side,
648 2319 677 2371 iu
697 2335 752 2372 una
768 2320 900 2374 societate
923 2339 929 2374 :
1011 2321 1044 2373 lu
1057 2335 1109 2386 quo
1125 2319 1246 2382 Christo,
1265 2320 1350 2373 idest
1368 2319 1398 2372 in
1412 2321 1493 2390 cujus
1508 2319 1563 2374 side
1576 2325 1601 2373 ct
1613 2335 1654 2374 cos
1664 2319 1736 2372 coadi-

137 2408 177 2462 vel
193 2408 222 2461 in
238 2423 293 2460 uno
309 2423 434 2477 corpore,
448 2412 479 2460 ut
491 2423 588 2461 omnes
600 2424 632 2461 ex
647 2407 750 2463 iudaeis
760 2414 788 2461 et
801 2409 931 2478 gentibus
973 2411 1098 2475 ficauiiai
1114 2411 1145 2461 in
1164 2408 1354 2462 habitaculum
1370 2409 1428 2472 uei,
1446 2414 1478 2463 ut
1493 2409 1556 2463 sitis
1570 2405 1737 2479 templumlici

135 2497 290 2562 credentes,
317 2512 404 2549 ιιιιιιιιι
432 2512 532 2567 corpus
550 2498 611 2565 epus
636 2497 885 2564 sint-interficiens
903 2504 932 2553 et
973 2496 1026 2550 vivi
1042 2496 1241 2551 crescendode
1265 2496 1367 2551 virtute
1389 2496 1418 2551 in
1441 2497 1574 2552 virtutem
1592 2512 1597 2545 τ
1618 2501 1645 2551 et
1662 2496 1735 2549 hocin

135 2587 284 2641 destruens
299 2586 342 2639 vel
357 2601 503 2645 evacuans,
521 2588 701 2639 iuiuu'citium
732 2588 760 2639 in
780 2591 929 2655 scirictmso.
972 2585 1081 2654 Spiritu
1094 2592 1199 2652 sancto,
1217 2585 1302 2640 idest
1316 2585 1501 2658 pergratiam
1517 2586 1636 2658 Spiritus
1647 2583 1724 2639 sancti.

135 2675 226 2740 Quam
241 2674 418 2728 inimicitiam
435 2673 594 2727 destruxit?
605 2674 684 2728 illam
700 2691 760 2744 quae
778 2681 838 2728 erat
858 2675 932 2731 iuter

134 2764 245 2819 Judaeos
253 2770 281 2818 et
294 2764 413 2833 gentiles
429 2768 543 2833 propter
552 2763 791 2817 circumcisionem
808 2764 932 2818 etsacri·
1273 2728 1390 2784 CAPUT
1408 2727 1459 2785 HI·

136 2855 200 2909 sicia
212 2853 325 2923 legalia,
342 2858 408 2906 tuuc
425 2852 452 2906 in
473 2852 624 2923 semetipso
645 2853 799 2919 evacuavit,
821 2854 932 2923 quaudo
1008 2855 1098 2922 llup'us
1113 2857 1155 2908 rci
1168 2855 1272 2922 pratia,
1289 2853 1317 2907 id
1332 2859 1374 2908 cst
1388 2858 1540 2925 propterea
1553 2855 1619 2925 quia
1632 2871 1673 2909 ros
1690 2851 1735 2908 estis

135 2943 293 3013 passionem
308 2941 482 3004 sustinendo,
499 2959 560 3011 quae
575 2947 655 2995 erant
666 2941 695 2995 ia
710 2942 860 3013 mysteriis
878 2943 932 2997 im·
973 2941 1046 2996 cives
1071 2948 1232 2995 sanctorum
1255 2946 1284 2995 et
1304 2958 1389 3013 super
1411 2942 1554 2997 Christum
1570 2943 1634 2997 estis
1647 2940 1735 3005 fundati,

136 3030 221 3102 plerit
234 3030 261 3082 in
275 3029 401 3094 veritate,
426 3036 454 3082 et
476 3036 539 3099 post
561 3045 616 3082 non
636 3030 768 3101 praecepit
783 3031 875 3085 ollerri
889 2992 962 3086 velC
974 3047 1020 3096 cpo
1035 3032 1139 3083 Paulus
1154 3033 1262 3084 ciricius
1279 3047 1341 3084 sura
1354 3030 1460 3085 Christi
1473 3033 1538 3085 Jcsu
1551 3047 1605 3100 pro
1616 3033 1680 3085 uubis
1689 3046 1734 3098 peu·

135 3117 286 3172 observari.
975 3121 1055 3172 tibus.
1073 3120 1181 3172 Vinctus
1194 3136 1254 3171 sinu
1271 3119 1338 3173 dicit
1351 3120 1457 3174 catenis
1471 3126 1500 3174 et
1514 3120 1643 3174 astrictus
1652 3117 1735 3191 proila

171 3208 204 3259 Et
222 3209 330 3259 ueniens
344 3206 373 3259 iu
397 3203 533 3259 mundum
546 3222 596 3275 per
610 3205 811 3261 incarnationis
827 3212 932 3279 myste·
974 3207 1077 3262 Christi
1088 3214 1114 3261 et
1125 3207 1259 3279 provehis
1268 3208 1514 3280 gentibus,quibus
1529 3207 1736 3281 praedicoverbuu

138 3293 423 3362 rimmcruupclisum't
439 3310 489 3363 per
503 3295 628 3363 angelos,
643 3312 692 3366 per
706 3314 735 3350 so
751 3304 778 3350 et
792 3298 932 3367 apostolos
973 3296 1072 3351 salutis
1091 3297 1160 3363 :vel,
1179 3299 1286 3351 vinctus
1300 3314 1396 3352 amore
1417 3298 1534 3363 Christi,
1551 3315 1601 3370 pro
1616 3297 1736 3366 vobisgcu

134 3399 230 3453 pacem
245 3385 319 3436 cobis
337 3383 477 3453 gentibus,
492 3386 542 3450 qui
555 3387 631 3451 loupc
647 3387 779 3450 fairina
794 3388 862 3454 Deo,
875 3403 931 3440 uon
972 3385 1047 3439 libus
1059 3392 1158 3440 teneor
1172 3386 1338 3453 incarcere,
1355 3391 1545 3441 etastsensus
1562 3401 1568 3435 τ
1583 3388 1612 3442 Si
1620 3386 1735 3441 volumem

137 3469 208 3538 loco,
219 3471 266 3526 sed
279 3472 387 3532 merito,
398 3478 421 3525 ct
430 3489 525 3541 pacem
535 3473 587 3540 liis,
599 3472 677 3527 idest
686 3475 842 3545 Juclceisqui
851 3481 933 3531 erant
973 3475 1180 3545 permanerem
1191 3475 1343 3544 judaismo,
1357 3482 1385 3530 et
1400 3492 1416 3529 a
1431 3476 1629 3546 praedicatione
1645 3471 1735 3530 neminis

135 3578 222 3634 prope
233 3561 475 3633 percognitionem
487 3562 636 3632 ejusquam
645 3561 931 3639 habebant,quoniom
973 3564 1076 3617 Christi
1085 3564 1238 3634 quiescere,
1253 3580 1364 3634 possem
1374 3580 1436 3618 esse
1449 3564 1536 3627 dives,
1547 3570 1576 3618 et
1586 3564 1736 3636 magisterm-

133 3668 184 3722 ρει·
194 3656 285 3720 ipsum
292 3651 433 3705 Christum
441 3652 570 3704 habemus
587 3668 638 3705 nos
649 3653 727 3705 acribo
738 3653 832 3723 populi
843 3669 931 3707 acces·
972 3668 1144 3721 nagogarum
1159 3651 1304 3722 appellari.
1327 3651 1380 3706 Sed
1405 3651 1472 3722 quia
1492 3653 1635 3708 Christum
1648 3647 1735 3723 predico

135 3757 195 3794 sum
208 3741 243 3794 ad
255 3739 368 3794 Patrem
376 3742 406 3793 in
414 3757 470 3793 cum
478 3743 590 3807 spu'ritu,
606 3740 740 3795 subaudis
755 3744 929 3797 confitentes.
973 3740 1058 3804 vobis,
1079 3757 1153 3794 nuuc
1167 3740 1299 3795 astrictus
1315 3747 1414 3795 teneor
1427 3741 1460 3795 in
1476 3747 1602 3812 egestate
1615 3736 1736 3813 postuma·

135 3828 285 3883 perrenni
296 3830 929 3899 perChristumaccedimusaleeumPatrem,
973 3830 1734 3899 lauacriaudistisdispensationemsiveadministrationem

136 3917 201 3989 quia
218 3918 277 3988 ipse
293 3923 336 3971 est
351 3918 489 3971 mediator
504 3935 553 3988 per
567 3919 640 3988 quod
660 3919 743 3972 homo
758 3924 787 3973 et
799 3921 873 3974 Deus
888 3927 931 3975 est
970 3923 1068 3986 prolia
1082 3921 1131 3973 Dei
1149 3936 1207 3987 quac
1219 3921 1285 3973 dolo
1295 3925 1332 3973 est
1351 3921 1423 3973 acilii
1441 3924 1470 3974 iu
1488 3922 1575 3989 uobis,
1587 3922 1614 3976 id
1629 3919 1736 3975 cstiutc·

135 4011 161 4072 (Ι
176 4009 245 4061 Tim.
263 4014 303 4075 n).
324 4008 359 4061 Et
374 4024 423 4077 per
441 4008 520 4060 illum
537 4015 648 4062 nostras
667 4026 763 4078 preces
786 4010 820 4063 ad
841 4009 930 4064 Deum
971 4014 1058 4062 stram
1077 4009 1239 4062 utilitatem.
1257 4009 1286 4062 Si
1297 4013 1392 4063 taruen
1411 4009 1467 4063 isto
1492 4010 1521 4064 in
1543 4011 1603 4064 loco
1623 4006 1735 4081 potiuscst

134 4098 248 4154 Patrem
265 4096 455 4166 dirigimus‚ct
471 4113 520 4166 per
533 4096 930 4153 illumintroducimurincon-
971 4097 1138 4150 affirmativa
1150 4097 1308 4167 conjunctio
1319 4114 1403 4167 quum
1413 4088 1735 4163 dubitativa,etnihiluliui

135 4191 232 4256 spectu
245 4184 329 4247 illius,
340 4185 413 4237 sicut
424 4184 550 4237 illedixit
564 4205 569 4237 ε
586 4188 670 4239 Νειηο
681 4191 754 4240 cciiii
769 4190 805 4240 ud
819 4190 929 4242 Putrem
971 4192 1012 4238 cst
1026 4185 1080 4238 nisi
1093 4186 1184 4239 dicere
1202 4186 1294 4239 :Certe
1308 4185 1426 4239 audistis
1435 4185 1559 4240 cilicium
1569 4178 1738 4258 predicationi

136 4275 193 4326 uisi
202 4288 252 4338 per
266 4273 471 4337 vrrscqioouuuvl.
489 4273 610 4335 Fratres,
621 4278 682 4340 jorn
702 4292 757 4329 uon
768 4280 829 4329 estis
840 4278 929 4345 hospi·
971 4275 1230 4345 meae,quoddatum
1238 4275 1356 4329 cstmihi
1365 4276 1541 4347 pergratiam
1550 4277 1599 4330 Dei
1607 4275 1738 4330 adrastiam

137 4366 172 4414 tos
187 4364 210 4412 ct
226 4361 344 4424 adccrur,
360 4360 403 4412 vel
418 4360 561 4430 proselyti,
586 4362 627 4414 vel
643 4362 728 4417 alieni
750 4381 766 4418 a
789 4358 1274 4431 consortioDutilitateni.0aoaia2u
1289 4366 1440 4418 secundum
1452 4369 1646 4420 rcuclulioacru
1658 4360 1742 4418 Daue

135 4445 305 4515 Judaeoruru,
321 4465 369 4502 vos
383 4449 512 4518 gentiles,
535 4449 609 4504 sicut
628 4453 769 4522 quondam
784 4454 884 4521 fuistis,
899 4473 932 4511 eo
975 4459 1034 4506 lactu
1047 4454 1117 4506 acilii
1129 4454 1235 4519 suctum
1248 4459 1284 4506 cst
1295 4459 1514 4521 sacromentum,
1527 4449 1741 4525 sivemysteriuus

133 4538 217 4593 modo
228 4554 283 4610 quo
296 4537 425 4610 superius
436 4537 581 4609 paululum
591 4539 722 4607 diximus
735 4545 780 4595 sed
790 4547 852 4597 ostis
862 4548 931 4599 ciues
971 4545 1042 4596 sicul
1055 4558 1140 4610 supra
1164 4541 1193 4596 in
1218 4542 1270 4596 hac
1286 4541 1411 4614 Epistola
1433 4546 1534 4612 scripsi
1548 4543 1625 4598 vobis
1641 4535 1743 4598 rnorem

133 4629 745 4699 surtclcrumpatriarcharum,prophetarum
755 4632 931 4705 aliorumque
969 4636 1052 4699 prout
1070 4633 1177 4699 possitis
1189 4633 1343 4701 intelligere
1359 4633 1542 4700 prurientium
1558 4647 1646 4687 meum
1659 4633 1746 4692 inor·

131 4716 284 4788 justorum,
299 4723 323 4772 ct
338 4721 480 4772 clorrrcstici
504 4721 561 4773 Ilei.
578 4717 656 4773 Cives
677 4719 810 4774 dicuntur
825 4721 860 4774 ab
874 4739 932 4777 una
972 4724 1054 4774 sterio
1068 4720 1172 4774 Cluv'sti
1189 4722 1303 4786 lepentcs
1315 4720 1390 4774 dicta
1405 4737 1478 4775 maa.
1502 4719 1609 4776 Idcirco
1628 4721 1680 4775 hac
1695 4708 1748 4784 Epi·

133 4804 244 4861 civitate
260 4814 287 4860 et
298 4808 505 4874 communione,
523 4809 669 4862 domestici
685 4826 701 4862 a
715 4809 808 4875 domu,
825 4812 890 4882 quia
902 4812 932 4868 in
972 4810 1044 4863 stola
1055 4808 1185 4863 omnihus
1195 4807 1327 4880 Epistolis
1337 4809 1559 4880 penedifficilior
1569 4800 1749 4877 habetur‚qui⁸

133 4909 190 4948 uua
204 4893 286 4949 domo
299 4902 509 4952 conversantur.
522 4897 594 4966 Ergo
608 4897 726 4966 gentiles
742 4900 808 4953 socii
824 4907 889 4954 sunt
903 4906 932 4956 et
972 4898 1080 4953 obtinet
1093 4897 1124 4953 in
1138 4914 1167 4952 se
1181 4913 1284 4968 magua
1303 4902 1332 4952 et
1355 4899 1465 4953 occulta
1479 4900 1624 4970 mysterio,
1637 4895 1749 4964 unaque

135 4979 207 5035 cives
226 4989 397 5049 sanctorum,
417 4991 445 5041 et
459 4986 605 5040 domestici
621 4986 670 5040 Dei
692 5004 697 5038 :
716 4986 782 5056 quia
794 4987 830 5041 ad
846 5005 930 5043 uuam
972 5004 1100 5042 scriuone
1113 4988 1325 5058 comprehensa.
1338 4987 1378 5042 De
1388 5004 1443 5058 quo
1453 4993 1630 5043 sacramento
1643 4986 1751 5052 sivemy·

135 5069 273 5124 civitatem
298 5074 438 5128 coelestem
467 5076 642 5131 Hierusalem
659 5076 804 5146 pervenire
819 5083 931 5133 conten·
972 5076 1057 5130 sterio
1073 5076 1156 5141 dicat,
1174 5076 1248 5148 quod
1264 5076 1291 5131 ei
1311 5093 1361 5147 per
1375 5077 1575 5132 revelationem
1591 5069 1752 5134 usinum·

136 5156 215 5221 dunt,
233 5159 299 5213 etin
311 5177 368 5214 una
381 5162 465 5217 durno
476 5182 536 5235 qua·
550 5173 591 5220 est
602 5164 725 5220 Ecclesia
738 5165 798 5234 Dei,
810 5184 931 5224 commo·
971 5171 1075 5220 statum
1091 5170 1133 5218 cst
1146 5165 1233 5252 Paulo
1252 5165 1281 5219 in
1298 5165 1480 5235 sequentibus
1503 5167 1648 5238 panditur,
1660 5166 1703 5220 hoc
1712 5156 1751 5216 esi

133 5252 241 5303 rantur.
972 5255 1045 5327 quod
1057 5260 1156 5325 gentes
1165 5254 1192 5307 iu
1201 5254 1362 5308 societatem
1373 5252 1391 5307 J
1394 5255 1538 5310 udaeorum
1546 5256 1749 5311 essentiatum

169 5336 386 5404 superedificati
400 5356 481 5407 stipor
488 5341 704 5408 solidamentum
713 5350 929 5415 apostolururnct
970 5344 1030 5399 sine
1055 5344 1150 5414 aliqua
1170 5344 1336 5399 differentia.
1363 5344 1442 5399 Unde
1467 5350 1495 5399 et
1514 5345 1662 5416 sequitur:
1677 5335 1744 5410 Oscis

130 5427 332 5503 prophetorum
346 5428 764 5503 Fundamentumapostolorum
773 5448 802 5491 et
812 5435 929 5507 prophe·
969 5433 1103 5489 subaudis
1118 5439 1325 5488 sacramentum
1338 5433 1396 5488 sive
1410 5433 1578 5506 mysterium
1589 5434 1657 5490 mihi
1666 5431 1747 5487 racto

126 5523 229 5604 tarum
238 5515 419 5597 omniumque
429 5516 555 5576 fidelium
563 5520 690 5581 Christus
700 5523 858 5601 est,quiaiu
871 5523 928 5589 lide
967 5522 1745 5607 torneatNunquiduourevelatumestpatriurchisctpcr
