3818 6104
51 178 87 262 aa
559 181 769 266 susannam
790 184 829 240 m
849 182 939 253 ossa
957 182 1187 273 sacramen.
1444 199 1446 203 ·
1653 184 1689 245 ιε

88 306 201 370 «Quasi
216 307 276 361 vias
296 307 352 378 [lt.
368 305 446 376 uras]
462 304 492 360 in
507 306 618 360 deserto
640 306 733 361 inveni
747 308 882 373 lsrael,A
957 306 1090 379 Ephraim
1106 302 1209 366 utvidi,
1219 304 1311 376 'l'yrus
1319 312 1380 363 erat
1389 307 1508 364 fundata
1521 309 1551 364 in
1564 311 1689 382 pulchri·

53 396 132 468 quasi
145 397 240 466 prima
254 409 339 467 poma
353 392 516 449 ficulneae.»
544 394 576 449 ld
598 398 728 460 aeacum
753 390 851 450 omnes
891 397 998 451 tudine.
1041 396 1133 467 Tyrus
1158 395 1255 449 civitas
1270 401 1336 449 erat
1356 396 1458 450 nobilis
1480 403 1509 451 et
1536 400 1688 457 multarum

50 491 149 556 gentes
163 485 283 539 desertae
299 490 393 538 essent
411 496 428 536 a
448 483 515 546 Deo,
541 483 621 551 cujus
647 483 775 537 notitiam
795 497 851 536 non
893 484 1064 548 divitiarum,
1080 483 1109 537 ln
1126 481 1218 537 medio
1235 483 1321 537 maris
1334 483 1399 546 sita,
1416 498 1444 539 et
1458 486 1605 541 dicebatur
1628 472 1690 543 ειιε·Ι

52 574 204 637 habebant,
221 574 315 628 inveni
330 574 465 644 populum
481 570 576 634 lsrael,
589 574 669 643 quasi
682 572 754 625 viam
770 572 799 625 in
809 588 852 626 so·
892 573 1012 644 parium,
1028 572 1149 642 eoquod
1165 586 1262 625 omnes
1276 571 1313 624 ibi
1331 572 1523 628 invenirentur
1533 575 1635 630 divitiae
1654 574 1690 631 ad

51 663 181 724 titudine,
208 660 417 717 etsicutarlde
443 659 508 713 novi
533 660 639 714 tructus
655 660 760 713 inventi
775 676 851 713 com·
892 662 1051 720 emendum,
1076 659 1260 730 plurimisque
1297 661 1402 715 civibus
1428 662 1598 718 abundabat.
1614 665 1692 729 Qua'·

51 751 187 819 eduntur,
203 752 244 805 sic
266 750 397 815 omnibus
413 748 545 820 gentibus
567 747 671 802 relictis
686 749 715 802 in
729 748 849 810 deserto,
892 753 1007 820 propter
1018 748 1160 818 Ephraim,
1172 748 1198 801 id
1218 755 1260 801 est
1272 749 1368 802 decem
1384 749 1474 804 tribus
1498 752 1692 829 superbientes

50 839 213 909 hujusmodi
228 839 298 909 elegi
312 854 369 893 eos.
387 838 445 892 Hoc
461 844 504 890 est
515 836 588 890 eninr
605 838 679 907 quod
694 834 851 907 subjungit,
893 839 920 892 in
937 837 1116 891 multitudine
1130 835 1291 891 divitiarum
1303 845 1331 889 et
1345 839 1511 907 populorum
1525 838 1644 895 similem
1660 858 1691 898 sc

52 928 163 997 «quasi
179 928 272 998 prima
285 942 369 997 poma
394 926 530 988 liculnea,
549 925 712 979 »subaudis
732 924 853 995 quaeda·
892 927 966 996 Tyro
986 925 1102 995 putavit,
1124 922 1243 977 fundata
1260 924 1289 977 in
1314 925 1530 994 pulchritudine,
1543 929 1570 982 id
1594 936 1637 986 εει
1660 931 1691 988 ιιι

50 1015 191 1069 lectabilis
210 1023 254 1068 εει
269 1023 298 1069 ει
320 1032 382 1068 cum
398 1031 495 1068 amora
509 1014 661 1083 colligitur.
688 1031 702 1065 ε
723 1011 755 1067 ln
770 1028 853 1066 cacu-
893 1016 1000 1068 honore
1007 1019 1035 1066 ει
1049 1013 1148 1066 decore
1163 1011 1316 1065 multarum
1328 1012 1501 1069 divitiarum.
1518 1017 1552 1070 Et
1571 1023 1613 1072 est
1627 1034 1689 1076 aen-

51 1104 127 1158 mins
141 1103 205 1173 ejus
232 1103 288 1156 vidi
303 1107 398 1173 patres
414 1116 522 1156 eorum.
539 1121 553 1152 s
572 1102 626 1156 lloc
639 1105 692 1160 est,
713 1101 742 1155 in
770 1098 851 1154 initio
893 1120 958 1157 sus:
975 1103 1043 1156 Tam
1059 1101 1175 1172 pulcher
1190 1101 1379 1170 eratiinquitl
1393 1101 1535 1173 Ephraim,
1552 1103 1599 1175 qui
1616 1123 1690 1164 nunc

52 1190 140 1261 ipsius
158 1191 256 1261 populi
270 1191 363 1258 gratia
381 1188 578 1244 misericordiae
592 1205 661 1243 mee
676 1188 747 1258 elegi
762 1187 851 1242 hbra·
893 1194 1020 1246 desertus
1031 1196 1082 1255 est,
1095 1196 1122 1244 et
1142 1191 1181 1243 slc
1195 1189 1353 1244 vallabatur
1368 1191 1417 1246 Del
1432 1192 1545 1253 auxilio.
1558 1192 1689 1267 ut'l'yrns

52 1279 126 1343 ham,
147 1274 239 1344 Isaac,
253 1286 281 1332 et
295 1278 390 1339 Jacob,
407 1280 472 1355 quia
487 1279 555 1333 mihi
569 1280 743 1350 placuerunt,
761 1276 852 1332 adhae·
893 1279 942 1351 qui
954 1279 1025 1333 mari
1041 1278 1174 1347 cingitur,
1188 1283 1217 1330 et
1231 1277 1367 1346 procellas
1389 1292 1422 1330 ac
1443 1279 1571 1334 turbines
1592 1288 1692 1339 aento-

53 1374 146 1421 rentes
160 1368 219 1425 tide
235 1372 264 1421 et
286 1367 367 1421 bonis
390 1367 531 1438 operibus.
548 1364 651 1422 Videre
672 1369 718 1438 qui
741 1366 850 1438 pallei,
894 1367 1144 1423 rumcontemnit:
1171 1370 1200 1419 et
1223 1362 1295 1418 sicut
1315 1365 1406 1434 ‘llyrus
1428 1366 1519 1420 undas
1542 1369 1691 1427 adversum
1725 1417 1729 1425 .

53 1455 183 1515 misereri
198 1460 250 1508 est.
270 1473 281 1506 ι
298 1455 356 1525 Ipsi
371 1463 465 1509 autem
479 1455 656 1510 intraverunt
666 1453 701 1509 ad
716 1384 853 1527 beelphe-
895 1474 924 1511 se
950 1456 1127 1525 insurgentes
1152 1468 1207 1508 non
1233 1458 1334 1517 curat,
1360 1454 1401 1506 sic
1418 1453 1459 1509 illi
1487 1454 1536 1509 Dei
1573 1461 1692 1526 protecti

52 1556 112 1611 gor,
129 1560 143 1593 t
160 1543 189 1602 id
210 1548 253 1598 ast
273 1542 379 1597 idolum
400 1542 597 1606 Moabitarum,
624 1563 635 1594 ι
658 1548 686 1597 ει
703 1537 855 1596 abalienati
896 1545 1001 1600 auxilio
1017 1559 1066 1615 pro
1082 1543 1170 1597 nihilo
1202 1540 1341 1595 ducebant
1364 1556 1463 1595 omncs
1489 1544 1638 1600 adversum
1661 1564 1692 1604 se
1795 1600 1800 1608 ,

54 1639 149 1685 sunt»
171 1629 266 1694 idest,
283 1635 467 1686 recessemnt.
488 1650 501 1685 ι
518 1630 551 1686 ln
569 1628 742 1702 prolusione,
761 1648 773 1681 ι
790 1612 1081 1707 sub-Binsurgentes.
1098 1652 1110 1684 ι
1129 1631 1262 1703 Ephraim
1290 1631 1412 1684 adducet
1436 1632 1470 1688 ad
1484 1631 1691 1692 interfectorem

55 1719 134 1781 audit
158 1720 213 1787 wi,
242 1738 252 1771 ι
271 1725 299 1774 et
312 1720 379 1773 facti
394 1723 461 1773 suni
476 1717 689 1782 {abominabilem
706 1737 716 1769 t
733 1718 787 1773 hoc
800 1722 853 1784 est,
896 1725 968 1780 lilios
982 1741 1079 1778 suos.»
1096 1720 1306 1775 interfectorem
1317 1719 1506 1788 intelligamus
1513 1723 1693 1779 Azaelemre·

54 1809 211 1878 abjectione
224 1805 312 1878 digni
330 1824 343 1860 ε
359 1808 478 1863 Sicutea
493 1823 555 1878 quae
570 1807 739 1875 dilexerunt,
752 1824 765 1861 ε
774 1810 856 1878 iuxta
895 1829 959 1883 gem
976 1812 1073 1883 Syrie,
1091 1810 1138 1878 qui
1154 1807 1312 1862 Samariam
1330 1808 1414 1876 longo
1432 1810 1559 1878 tempore
1571 1811 1690 1879 obsedit,

55 1897 123 1951 illud
136 1897 213 1967 quod
229 1897 365 1967 scriptum
380 1900 424 1950 εει
444 1899 473 1949 in
496 1895 624 1967 psalmo:
644 1915 655 1947 ι
673 1894 785 1966 Similes
799 1893 855 1949 illis
897 1914 1041 1972 quousque
1055 1898 1128 1952 tame
1135 1901 1252 1966 cogente
1266 1895 1301 1948 ad
1316 1897 1504 1962 eumarirent‚
1520 1897 1691 1956 arbitrantes

56 1986 125 2039 bant
135 1985 187 2056 qul
201 1985 309 2038 facium
323 2000 365 2047 ea,
374 1991 403 2042 ει
412 1998 509 2039 omnes
524 1983 572 2056 qui
587 1984 731 2040 contldunt
742 1983 769 2038 in
785 1980 852 2048 ets»
897 1989 950 2043 sibi
964 1988 1062 2041 utilius
1076 2000 1138 2040 cum
1153 1985 1246 2054 gladio
1260 1983 1353 2037 subito
1377 1984 1477 2053 perire,
1494 2000 1579 2055 qaam
1607 1988 1692 2060 longa

57 2080 158 2128 utnon
173 2074 265 2127 solum
281 2073 444 2136 idololatrae,
458 2072 506 2127 sed
521 2073 605 2128 etiam
623 2075 683 2145 ipsa
696 2072 772 2127 idola
786 2085 856 2126 nun·
897 2074 1187 2145 inedia'l'mpologice
1204 2071 1326 2127 haretici
1336 2068 1534 2141 intelliguntur
1547 2073 1692 2155 Ephraim!

57 2168 204 2234 rapsatur.
221 2161 259 2215 Ut
270 2164 365 2216 autem
385 2160 420 2215 ad
434 2159 545 2235 fidelem
562 2157 695 2233 populum
712 2159 766 2215 ista
786 2158 856 2215 reie-
896 2182 959 2235 que
973 2163 1058 2218 veluti
1068 2158 1213 2216 instabiles
1222 2167 1252 2214 et
1265 2150 1359 2213 lasciii
1367 2160 1402 2213 de
1413 2160 1534 2217 Ecclesia
1545 2165 1691 2232 recedunt,

57 2241 163 2316 nnius,
177 2249 208 2303 in
226 2249 337 2303 deserto
352 2250 437 2327 hujus
452 2250 555 2316 saculi,
574 2246 607 2304 id'
623 2256 666 2304 est
681 2265 745 2304 cum
765 2247 856 2303 omnis
897 2260 926 2308 et
938 2251 1134 2323 glorianturin
1144 2249 1326 2303 multitudine
1341 2249 1474 2311 tiliorum,
1484 2264 1553 2332 quos
1568 2267 1692 2323 perpra-

58 2339 182 2392 mundus
196 2342 344 2392 teneretur
356 2338 385 2391 in
400 2342 522 2408 peccato,
539 2342 568 2392 et
580 2344 679 2417 gentes
692 2339 857 2409 ignorarent
896 2356 961 2396 vum
975 2342 1077 2411 dogma
1091 2339 1144 2394 sibi
1152 2337 1460 2409 generant,quibusque
1470 2338 1606 2395 Dominus
1621 2357 1696 2398 com·

59 2427 289 2498 Deam,primum
300 2425 473 2496 inapostolis
487 2429 516 2480 ει
530 2425 691 2497 apostolicis
701 2425 767 2480 viris
780 2422 856 2479 inve·
896 2430 1031 2494 minatur,
1048 2426 1157 2481 etiamsi
1184 2425 1300 2479 enutriti
1314 2423 1422 2478 luerint
1441 2427 1605 2495 puniendos,
1623 2445 1695 2501 quo·

59 2516 244 2570 nitDomiaus
258 2513 393 2585 populum
401 2513 593 2568 Christianam
608 2521 702 2568 mente
714 2512 802 2569 Deum
814 2510 854 2569 vi·
896 2519 970 2572 niam
986 2533 1018 2571 ex
1035 2511 1399 2582 iomicatlonasuntgenitl,
1415 2510 1477 2568 ideo
1489 2521 1517 2569 at
1527 2522 1620 2586 patres
1632 2520 1695 2575 abs·

59 2605 218 2668 dentem,et
227 2602 398 2658 dulcissimis
410 2618 506 2656 eorum
520 2604 639 2656 satiatus
651 2608 694 2657 est
706 2602 852 2659 fructibus.
897 2620 951 2675 que
966 2602 1061 2658 liberis
1073 2602 1239 2663 redduntur,
1251 2601 1317 2653 dum
1326 2601 1409 2654 simul
1419 2601 1547 2673 discipuli
1558 2622 1621 2660 cum
1633 2623 1696 2678 pra·

61 2691 302 2762 Sedhaereticiqui
312 2690 698 2746 sibinomenChristianitatis
708 2695 855 2763 usurpant,
896 2694 938 2746 ris
950 2697 1069 2762 pereunt
1084 2689 1239 2759 magistris,
1255 2689 1290 2744 de
1305 2687 1407 2758 quibus
1418 2696 1446 2745 at
1460 2691 1605 2748 subditur:
1623 2696 1694 2753 «ve

61 2780 284 2836 intraveruntad
299 2778 482 2849 Beelphegor,
500 2778 652 2834 servientes
664 2778 785 2835 libidini.
801 2778 858 2834 Ilii·
898 2782 938 2835 eis
957 2798 1020 2835 cum
1035 2793 1176 2834 recessero
1187 2776 1223 2830 ab
1239 2777 1289 2831 ais.
1308 2794 1319 2824 s
1333 2776 1479 2848 Simulque
1497 2781 1616 2850 replicat
1626 2798 1695 2853 qua·

61 2871 184 2924 ticileest
201 2869 288 2930 enim,
307 2872 338 2922 ut
352 2867 450 2927 beatus
465 2868 652 2940 Hieronymus
676 2870 752 2936 dicit,
769 2871 857 2925 haere·
899 2870 934 2924 lis
947 2870 1033 2924 fuerit
1051 2867 1194 2938 Ephraim,
1212 2865 1445 2937 quandoiinquiti
1456 2868 1556 2922 eratin
1572 2870 1695 2928 Ecclesia

62 2959 147 3012 ticum
172 2957 307 3027 reperire,
334 2957 382 3026 qui
407 2956 506 3027 diligat
520 2958 689 3023 castitatem,
711 2959 779 3012 licet
793 2975 855 3012 eam
865 2919 973 3013 cinter
986 2958 1079 3013 saculi
1093 2957 1177 3025 hujus
1192 2954 1387 3021 tentationem,
1405 2952 1582 3027 quasii'yrus
1592 2961 1695 3016 tunde·

64 3050 150 3119 soient
162 3063 212 3107 are
227 3046 371 3117 preferre,
397 3045 463 3115 quia
477 3045 554 3110 aliud
569 3046 695 3116 loquitur
713 3046 804 3111 labiis,
829 3064 858 3101 a·
898 3047 982 3101 batur
995 3045 1112 3100 mannis
1127 3043 1266 3106 flactibus,
1279 3049 1407 3101 ettamen
1419 3043 1603 3101 nihiladrersi
1614 3054 1695 3119 pote·

65 3137 119 3203 liud
136 3140 232 3201 parcat
246 3133 426 3201 conscientia,
447 3139 477 3199 et
497 3134 596 3204 implet
612 3150 707 3206 apere.
731 3136 811 3193 Unde
829 3141 859 3194 at
898 3136 1099 3197 ratsustinera,
1111 3132 1528 3204 quiahabebatlundamentum
1539 3136 1695 3207 christum,

65 3223 264 3293 abominabiles
277 3223 410 3290 existunt,
424 3223 491 3289 tacti
504 3222 653 3289 immundi,
667 3225 742 3281 sicut
756 3238 859 3294 eaque
899 3241 984 3295 super
995 3223 1069 3294 quod
1082 3222 1183 3276 domus
1193 3218 1329 3276 edificata
1344 3227 1500 3291 nonpotast
1514 3227 1697 3285 euertiNunc

65 3312 231 3381 dilexerunt.
899 3320 993 3368 autem
1012 3312 1087 3365 tilios
1101 3325 1168 3365 suos
1180 3311 1273 3366 educit
1287 3310 1323 3363 ad
1343 3309 1560 3376 interfectorem,
1576 3315 1628 3371 boc
1640 3324 1693 3385 est,

97 3419 109 3451 ι
128 3398 350 3473 Ephraimquasi
364 3398 559 3463 avisaroiarit.
579 3424 591 3446 υ
609 3400 668 3461 ilos
682 3399 858 3470 sstmoanlus
899 3403 934 3455 ad
944 3400 1147 3470 diabolum,qui
1163 3398 1450 3455 eternalitaranimas
1462 3416 1561 3470 pravas
1573 3400 1696 3473 iugulat.

67 3488 156 3554 decem
185 3486 313 3554 uibuum
339 3488 469 3553 veiocitcr
487 3494 592 3552 terram
611 3488 753 3558 propriam
777 3488 859 3547 amit-
900 3492 934 3544 Et
947 3490 1062 3560 pulchro
1072 3489 1176 3553 dicit«
1192 3488 1294 3548 educit,
1308 3506 1321 3539 a
1333 3487 1361 3540 id
1377 3494 1430 3556 εει,
1445 3489 1480 3541 de
1496 3490 1617 3545 Ecclesia
1631 3493 1699 3550 tacit

67 3581 129 3648 ιεεε,
144 3575 217 3641 abiit
226 3575 255 3640 in
271 3574 470 3646 captiuitatem.
481 3577 569 3640 hreni
588 3581 682 3637 autam
707 3577 859 3646 appellavit
899 3579 1006 3633 extrahi
1020 3578 1105 3631 toras.
1122 3574 1343 3630 Moraliterillios
1356 3575 1488 3647 Ephraim
1499 3592 1648 3647 possumus
1657 3581 1699 3636 di·

68 3681 124 3739 epm
135 3665 284 3737 propheta,
301 3669 333 3729 ut
347 3654 468 3730 asiacam
481 3663 510 3731 in
523 3663 691 3734 Babylonem
706 3666 859 3729 transitum
900 3684 962 3721 cere
977 3667 1160 3736 cogitationes
1174 3664 1318 3735 pessimas,
1344 3669 1371 3718 et
1399 3667 1540 3720 contraria
1565 3667 1699 3738 dogmata

69 3753 280 3819 demonstraret.
290 3771 302 3803 ι
314 3752 512 3819 Gloriaeorum
522 3758 664 3822 apartuet
673 3752 709 3811 ab
718 3759 798 3811 utero
805 3760 860 3810 eta
900 3754 1021 3817 veritati,
1040 3753 1209 3824 quaomnia
1225 3751 1363 3811 Dominus
1377 3751 1517 3819 interfluit,
1533 3770 1584 3809 nee
1598 3773 1698 3828 pecca·

71 3848 211 3917 concepta,
234 3840 394 3907 »sabana-
408 3841 536 3906 arolam.
553 3841 732 3902 Gloriabatur
741 3843 862 3912 populus
903 3849 979 3897 tores
994 3843 1065 3896 tales
1086 3837 1188 3896 liberos
1202 3840 1306 3896 babere
1319 3839 1432 3911 patitur,
1454 3847 1702 3911 quaaaetemaliter

71 3930 157 4003 decem
163 3929 863 3996 tribuuminmultitudinasrliorumetmultitudins
903 3931 1110 4002 derelinquens,
1121 3944 1184 3983 curn
1194 3930 1254 3984 suis
1264 3929 1356 3999 pravis
1368 3929 1546 3998 dogmatibus
1558 3932 1699 4003 stinlquis

73 4020 247 4086 exercituum,
265 4016 369 4085 etiueo
379 4033 409 4077 sa
425 4020 560 4089 maiorem
572 4018 863 4080 nbitretusssttuaa
903 4018 1119 4090 cogitationibus
1135 4018 1223 4087 punit.
1241 4014 1320 4075 Unde
1333 4022 1387 4071 ast:
1406 4012 1439 4072 In
1454 4019 1504 4071 ills
1518 4020 1700 4103 disperibunt

74 4107 475 4177 Quotuomliitiilffldectm
485 4107 864 4179 tribubusilleduohuspre*
904 4107 1312 4176 omnescogitationeseorum.

75 4195 289 4267 luitflabebant
301 4211 368 4266 ergo
380 4195 515 4265 piurima
526 4195 896 4305 antoninianas-san
941 4197 1011 4250 sna
1022 4193 1071 4260 aa,
1088 4195 1214 4257 nonina.
1232 4193 1391 4258 curuans
1405 4189 1519 4250 sarm
1532 4197 1573 4252 as
1588 4200 1698 4257 vulvam

76 4285 279 4357 lanquiamues
285 4283 387 4353 captiti
396 4283 473 4345 ducti
482 4289 610 4349 saniant
619 4285 862 4354 atiamintersacti,
904 4284 964 4338 sine
979 4283 1110 4337 libertast
1119 4283 1207 4338 ubera
1220 4279 1340 4339 arentia.
1357 4303 1369 4334 r
1384 4285 1426 4338 Na
1440 4285 1484 4339 his
1495 4299 1557 4356 quas
1567 4288 1642 4344 Deus
1648 4305 1700 4362 pro

78 4373 241 4439 ctsroiasit,
259 4379 312 4438 tioc
326 4377 380 4440 ssi,
395 4371 488 4438 subito
503 4371 596 4435 omnis
615 4387 713 4431 eorum
734 4373 865 4444 gloriatio
904 4372 1097 4431 benedictione
1105 4370 1261 4426 dedltmale
1269 4373 1459 4437 utamur‚stin
1477 4379 1618 4432 contrario
1628 4395 1704 4450 qute-

79 4460 239 4531 quantillis
249 4460 454 4532 gloriabantur,
463 4461 670 4523 recessitllnde
678 4468 706 4519 et
715 4463 863 4520 subditur:
906 4461 1703 4533 queabeodatasuntconvertamur,arpedltutauferan«

107 4568 119 4609 ε
134 4550 216 4617 Quod
229 4555 258 4619 et
269 4550 293 4604 si
307 4550 476 4615 enutrierint
489 4551 562 4613 tilios
576 4552 760 4623 somnusque
771 4553 866 4608 liberis
906 4557 954 4605 tur
970 4564 987 4603 a
1003 4547 1224 4620 nohislleniqua
1242 4564 1305 4603 cum
1330 4549 1410 4604 nobis
1426 4550 1523 4622 lingua
1538 4554 1605 4608 data
1618 4557 1655 4612 stt
1666 4560 1703 4614 qd

79 4652 117 4697 cos
129 4638 229 4706 inciam
245 4637 275 4691 '1¹1
286 4635 457 4701 hominihus
476 4657 489 4697 ι
505 4638 533 4695 id
549 4645 600 4703 ert,
617 4640 641 4697 si
656 4640 866 4698 multitudinem
906 4642 995 4694 Deum
1006 4638 1597 4710 laudandum,stqumbonasuntloquenda,
1607 4643 1704 4716 siquis

79 4723 220 4793 laroma
245 4725 487 4795 warmatiensi,
503 4732 533 4783 at
552 4727 695 4788 licentiam
719 4729 864 4786 nutriendi
907 4727 1540 4798 eaahutsturinblasphemlam‚contrahanc
1553 4730 1704 4791 psalmista

80 4811 301 4882 hssblteriltbllihil
312 4814 352 4879 ⁰3³
363 4815 496 4885 proderit,
512 4817 578 4887 quia
596 4818 745 4875 tradantur
756 4820 827 4883 naci,
837 4825 866 4874 at
905 4818 1089 4887 deprecatur:
1109 4834 1120 4865 ι
1136 4817 1214 4870 Muta
1229 4817 1299 4869 tlant
1317 4815 1391 4868 labia
1410 4811 1517 4879 dolosa,
1535 4839 1547 4866 ι
1564 4824 1617 4874 ειε.
1631 4821 1704 4886 Quia

81 4898 210 4970 liciniani
225 4918 281 4969 noa
294 4902 452 4973 glorientur
462 4904 491 4965 in
505 4906 556 4969 eis,
575 4906 642 4976 quia
661 4906 793 4962 videbunt
802 4908 866 4962 illos
906 4922 972 4976 ergo
983 4905 1115 4975 Ephraim
1130 4903 1305 4975 gloriabatur
1315 4903 1343 4964 in
1350 4909 1430 4960 utero
1444 4911 1472 4964 ει
1483 4906 1510 4960 in
1525 4915 1660 4980 conceptu
1675 4918 1706 4969 et

82 4988 200 5055 iraenei,
212 4998 241 5055 si
253 4990 290 5057 ab
306 4990 433 5057 hostibus
447 4993 759 5066 cantitaricceterisqun
772 4998 865 5051 natio·
906 4999 999 5066 partu,
1012 5000 1042 5047 et
1055 4994 1085 5047 in
1103 4994 1270 5064 populorum
1283 4993 1528 5065 multitudino,pro
1538 4998 1639 5067 qulbus
1649 5001 1705 5057 ela·

84 5078 154 5142 nibus
166 5081 196 5143 in
208 5081 363 5151 promitit
374 5081 498 5145 tiliorum
518 5083 687 5149 labantibus,
703 5085 757 5155 ipsi
783 5090 868 5140 erunt
905 5088 952 5138 tus
966 5083 994 5138 in
1008 5083 1169 5153 superbiam
1183 5081 1318 5145 turnebat,
1334 5096 1398 5136 oum
1414 5084 1506 5153 potius
1522 5086 1637 5142 deberet
1650 5088 1705 5146 hu·

85 5166 175 5238 ibitis
189 5168 294 5235 liberis·
313 5188 326 5225 s
343 5168 399 5232 Sed
413 5175 442 5230 οι
458 5187 498 5231 ιιι
510 5171 560 5237 aia,
584 5188 649 5229 curu
667 5188 808 5229 recessero
831 5174 868 5229 ab
907 5172 1009 5226 miliari
1024 5179 1053 5226 ει
1073 5171 1247 5240 Deogratias
1262 5184 1356 5240 agere,
1370 5172 1418 5241 qui
1438 5188 1486 5226 eos
1502 5175 1705 5247 multiplicare·

86 5255 212 5325 ‘lt-‘Quia
224 5258 636 5328 ffliffliffiitflteswuaiame,
648 5262 867 5333 etegorscedam
908 5266 962 5325 rat,
978 5261 1103 5330 loquitur
1126 5259 1262 5331 propheta
1275 5260 1310 5313 ad
1329 5259 1490 5327 Dominum,
1502 5263 1617 5320 dicens:
1634 5286 1648 5321 ι
1664 5266 1706 5324 Da

89 5341 173 5410 litia
189 5352 315 5417 lunaque.
332 5346 457 5410 matesc
470 5364 518 5413 tn,
536 5348 589 5405 boo
601 5354 645 5405 εει
658 5349 868 5406 damnationem
909 5351 960 5413 eis,
971 5349 1097 5412 Domine,
1110 5367 1124 5400 ι
1138 5349 1247 5420 sibique
1266 5348 1320 5419 ipsi
1337 5346 1500 5420 respondet,
1514 5368 1527 5400 ι
1539 5353 1612 5417 Quid
1626 5353 1706 5412 dabis

89 5441 216 5505 *lawarn
232 5452 298 5502 stim
307 5450 496 5500 omnamcum
509 5437 683 5508 pomaeria
693 5438 837 5502 auxilium.
910 5439 972 5494 eiat
988 5457 1001 5490 a
1019 5436 1054 5503 Et
1067 5439 1164 5492 statim
1183 5437 1363 5513 imprecando
1379 5429 1409 5492 at
1425 5443 1601 5521 provocando
1614 5443 1705 5503 Deam
