3818 6104
128 303 201 364 1085
594 307 789 366 EXPOSlTlO
804 311 844 367 IN
858 311 1119 369 APOCALYPSIN.
1135 340 1165 354 ·-
1181 312 1249 368 LlB.
1267 310 1314 366 lll.
1692 304 1762 367 1086

125 402 236 483 gnabit
247 403 324 459 itaet
331 405 458 460 Christus
468 404 545 460 mille
559 405 687 462 ducentis
708 409 853 480 sexaginta
868 410 924 465 die·
932 414 957 472 Α
969 411 1199 483 etpngnatdraco
1209 426 1272 464 cum
1283 406 1529 469 suisdemonibus,
1542 406 1675 478 quonlam
1689 406 1764 463 sicut

127 492 191 558 bus,
203 493 231 547 id
245 499 288 554 est
302 494 393 549 tribus
408 494 488 548 annis
499 494 663 559 etdimidio,
676 497 844 569 praedicavit.
853 498 928 553 ideo·
968 500 1109 554 drumanes
1125 506 1192 553 sunt
1206 499 1297 569 parati
1310 514 1422 568 semper
1435 497 1471 552 ad
1486 496 1764 568 impugnandum,ita

127 599 183 660 que
197 587 289 637 totum
299 599 422 663 praesens
434 589 546 656 tempus
570 601 719 655 possumus
733 586 858 662 accipere
877 603 928 658 per
969 595 998 644 et
1011 589 1101 643 sancti
1115 588 1206 659 angeli
1220 587 1256 642 ad
1286 586 1481 641 resistendum.
1499 587 1631 641 Attamen
1650 601 1702 640 nec
1713 600 1764 640 nos

126 672 204 726 huuc
213 686 375 736 numerum,
392 689 409 727 a
423 688 478 742 quo
502 672 596 726 divina
610 673 770 743 praedicatio
784 677 876 746 capit,
896 674 926 729 in
968 678 1028 731 sine
1041 677 1216 746 angelorum,
1228 693 1280 730 nec
1290 692 1401 729 rursum
1413 676 1505 743 angeli
1514 676 1575 729 sine
1591 680 1687 730 nostro
1700 688 1765 729 con·

127 766 227 833 quaet
246 778 297 831 per
308 761 473 815 novissimos
501 761 697 833 praedicatores
718 762 925 817 terminabitur.
969 766 1046 820 dictu
1057 770 1155 819 contra
1166 765 1315 835 antiquum
1331 764 1439 818 hostem
1451 763 1595 817 dimicant.
1618 763 1764 833 Erigamus

127 848 209 904 lianc
220 850 324 904 etenim
339 850 485 904 mulierem
500 848 675 919 significabat
688 851 754 904 olim
766 853 885 929 populus
894 868 927 906 ex
969 854 1240 926 ergonrmasecuri,
1267 854 1333 923 quia
1356 852 1521 907 fortissimos
1547 856 1648 907 nostrae
1667 850 1765 921 patrias

126 939 249 1011 AEgypto
259 955 397 1010 egressus,
410 939 458 1009 qui
471 939 657 1006 Pharaonem,
667 940 815 994 draconem
822 941 928 995 scilicet
968 945 1105 1003 concives,
1114 942 1267 997 etinrlctos
1277 941 1419 1012 adjutores
1436 940 1581 1018 habemus,
1590 941 1671 1010 juxta
1689 939 1765 1009 quod

127 1027 176 1103 qui
190 1027 221 1081 in
236 1027 327 1081 medio
344 1027 492 1082 lluminum
508 1043 624 1082 suorum
635 1014 766 1092 cubabat,
779 1028 888 1098 fugiens
898 1029 926 1083 in
966 1035 1116 1104 Apostolus
1130 1033 1199 1086 dicit
1213 1050 1218 1085 ε
1232 1033 1327 1087 Nonne
1342 1048 1434 1085 arnacs
1448 1031 1687 1085 administratorii
1698 1032 1764 1082 sani

127 1115 272 1171 desertum
281 1116 433 1187 perductus
441 1122 492 1179 est,
506 1133 561 1189 quo
575 1133 679 1170 manna
688 1126 855 1175 vesceretur,
872 1123 927 1171 eta
967 1126 1084 1191 spiritns
1095 1106 1325 1175 tornatura-tarn
1337 1125 1537 1189 ntr'ssiproptcr
1546 1136 1588 1173 aas
1597 1122 1646 1188 qui
1653 1116 1766 1171 larerii-

127 1221 226 1263 urorsu
241 1205 393 1275 ignitorum
410 1206 594 1276 serpentium,
607 1206 744 1281 aspiciens
753 1222 861 1260 aeneum
871 1223 928 1259 ser·
970 1216 1052 1264 tatem
1063 1213 1176 1277 capriani
1188 1209 1382 1263 sairrrrsrlnde
1394 1215 1487 1262 autem
1499 1208 1641 1269 illisortes,
1652 1207 1727 1261 unde
1736 1210 1766 1260 et

126 1300 242 1367 pentem
258 1292 377 1363 iuliano
393 1309 558 1364 suspensum
588 1294 764 1348 liberaretur.
781 1295 927 1348 Desertum
968 1317 1019 1354 nos
1031 1318 1037 1352 :
1051 1299 1116 1352 inde
1128 1298 1168 1352 iiii
1179 1297 1283 1358 invicti,
1301 1298 1375 1351 unde
1389 1305 1417 1350 et
1431 1314 1490 1358 nos,
1508 1297 1535 1350 id
1565 1303 1653 1350 estex
1672 1295 1767 1349 divina

127 1383 234 1459 quippe
247 1382 314 1441 iilud
327 1380 502 1450 signilleabat
511 1389 675 1452 presentem
688 1384 782 1441 sitam.
800 1389 829 1436 ct
838 1399 928 1437 secrc-
968 1389 1083 1455 rirtute‚
1095 1387 1155 1440 sine
1166 1404 1220 1457 qua
1234 1403 1283 1440 nec
1295 1386 1448 1456 illlallquid
1460 1386 1561 1448 valent,
1573 1400 1625 1438 noc
1639 1398 1700 1439 nos.
1713 1383 1766 1438 Pu·

126 1478 172 1526 tas
189 1470 325 1525 mentium
341 1471 516 1525 solitudines.
531 1471 562 1525 ln
579 1472 631 1525 hac
645 1471 748 1542 quippe
771 1472 828 1525 rita
839 1471 928 1542 pasci·
967 1484 1036 1556 gnat
1049 1474 1346 1541 enirnnunclliclrael,
1358 1475 1626 1545 quiestpraeposltus
1637 1470 1766 1527 Ecclesia

126 1577 195 1615 mur
205 1576 271 1613 rero
283 1575 396 1621 alanna,
408 1559 435 1612 id
451 1564 493 1612 est
507 1574 622 1630 corpore
644 1559 755 1623 Christi,
773 1561 820 1630 qui
836 1559 904 1615 dicit
918 1579 928 1625 ε,
968 1584 1030 1622 cum
1046 1567 1105 1621 suis
1119 1565 1226 1635 angelis
1238 1581 1288 1635 pro
1303 1564 1435 1619 Ecclesia.
1453 1561 1594 1632 Pugnabit
1603 1562 1688 1615 etiam
1703 1576 1766 1614 arn-

126 1650 184 1717 Epo
196 1665 258 1702 saar
268 1650 438 1716 panisar'errs
453 1651 502 1716 pai
514 1650 545 1702 de
556 1651 619 1702 calo
633 1648 758 1702 descendi
773 1655 801 1702 et
814 1654 924 1713 catera,
970 1656 1042 1733 plius
1057 1635 1184 1725 tempor}
1194 1653 1368 1715 antichristi,
1391 1654 1473 1721 juxta
1493 1651 1578 1704 iliud:
1593 1649 1765 1721 intempore
1832 1686 1844 1705 .

128 1754 221 1808 usque
231 1751 283 1805 pro
292 1736 393 1789 natandi
407 1740 473 1793 rr'ta.
485 1738 595 1791 Adsunt
606 1738 802 1817 quoqueigniti
811 1753 926 1807 serpen·
937 1725 1016 1797 Blllo
1031 1750 1180 1811 consurget
1195 1740 1315 1795 Miclrael
1332 1741 1460 1813 princeps
1471 1746 1563 1793 vester
1577 1744 1605 1791 et
1617 1744 1727 1791 caetcra.

126 1832 184 1888 tes,
200 1824 226 1879 id
241 1834 282 1880 est
295 1824 445 1891 «immanes,
461 1826 509 1895 qui
526 1826 601 1881 virus
630 1827 761 1897 nequitia
775 1842 832 1881 suae
848 1824 928 1880 nobis
1004 1832 1037 1886 iit
1054 1835 1368 1897 adornamentorum
1379 1824 1768 1894 iocrrsr‘nornirrsestamplius

127 1912 278 1973 infundere
291 1914 494 1969 conantur.sed
511 1930 566 1968 non
582 1917 742 1985 prreralent,
753 1915 928 1987 quiallbera·
968 1922 1195 1975 annuntiarem.
1227 1919 1320 1982 Quare
1346 1919 1423 1982 dicit,
1451 1916 1680 1973 convaluerunt.
1701 1926 1766 1977 cum

130 2020 196 2062 mur
212 2020 263 2074 per
278 2018 340 2057 eum
357 2004 404 2073 qui
416 2020 568 2073 suspensus
582 2005 611 2058 in
623 2021 705 2059 cruce
725 2020 803 2058 nasa
817 2004 927 2059 diabolo
969 2010 1053 2064 etiam
1069 2014 1131 2078 post
1145 2007 1316 2079 baptismum
1331 2013 1358 2061 et
1384 2022 1463 2060 suam
1492 2003 1767 2059 abrenuntiationem

127 2092 270 2151 liberarit,
284 2091 331 2167 qul
347 2094 374 2144 et
389 2092 817 2147 similitudinemnostrrelrabuit
827 2099 929 2146 morta·
969 2094 1418 2166 diabolusmultosdcclpiatlSed
1431 2094 1495 2147 licet
1506 2093 1766 2171 rideanturpraera·

128 2181 230 2241 litatis.
246 2188 340 2233 tantan
357 2197 413 2234 nnn
424 2180 524 2234 habult
534 2182 670 2236 maculam
683 2184 799 2253 peccati,
809 2183 927 2253 ideoque
968 2186 1066 2239 leread
1079 2193 1201 2255 tompus,
1211 2190 1305 2238 tamen
1316 2184 1344 2237 ln
1353 2182 1497 2253 eosquiad
1511 2182 1597 2235 vitam
1611 2186 1678 2234 sunt
1690 2194 1767 2251 prae-

131 2287 184 2327 nos
197 2269 233 2323 ab
245 2269 375 2324 omnibus
390 2271 521 2341 praevalet
535 2271 671 2325 mundare
687 2272 807 2342 peccatis
969 2274 1111 2334 destinati.
1128 2290 1185 2327 non
1196 2273 1346 2344 prevalent
1362 2291 1368 2325 :
1383 2272 1449 2342 qula
1476 2270 1569 2324 ablato
1585 2276 1697 2347 peecata
1716 2284 1767 2340 per

154 2359 188 2413 lit
196 2360 301 2431 faciam
310 2362 624 2427 eripralr'amrnapnurn.
633 2360 929 2415 inculaNontuncso·
968 2362 1171 2441 penitentiam,
1187 2378 1242 2416 non
1257 2361 1363 2415 invenit
1374 2361 1402 2415 in
1413 2360 1453 2414 eis
1467 2358 1704 2414 locumdiabolus
1715 2356 1767 2412 Illo

130 2448 275 2507 lummodo
285 2448 390 2502 iactum
402 2456 445 2502 est
455 2450 591 2519 pralium,
606 2449 753 2519 quandoin
768 2449 848 2503 initio
859 2456 928 2503 teru-
970 2467 1092 2522 namque
1102 2453 1134 2504 llt
1145 2452 1206 2521 ejus
1218 2450 1394 2508 habitatioin
1406 2450 1486 2518 cujus
1498 2452 1591 2502 mente
1598 2451 1697 2525 regnat
1707 2462 1769 2523 pec-

131 2537 210 2615 poris
222 2537 349 2591 diabolus
364 2555 415 2613 per
428 2537 587 2608 superbiam
604 2538 730 2605 dejectus
742 2545 785 2592 est
801 2538 834 2592 de
848 2539 927 2603 celo,
970 2540 1229 2609 cntunr.T0lleer·go
1241 2555 1358 2609 regnunt
1368 2538 1483 2608 peccati,
1502 2544 1528 2590 et
1539 2553 1594 2590 non
1610 2537 1769 2598 invenietur

131 2626 180 2680 sed
193 2626 341 2695 etquanrlo
351 2643 368 2680 a
379 2627 488 2681 Domini
498 2627 626 2698 passione
637 2628 743 2695 ejectus
754 2627 788 2681 de
798 2626 928 2682 cordibus
969 2630 1046 2684 locus
1061 2628 1181 2683 diabolo.
1199 2628 1271 2681 Sunt
1284 2633 1378 2687 autern
1391 2630 1420 2680 et
1430 2625 1592 2680 nonnulliin
1606 2622 1708 2694 quibus
1717 2638 1768 2687 nec

130 2714 271 2779 fidelium,
282 2714 364 2786 cepit
381 2714 604 2785 ampliussaerire
613 2722 822 2772 contraomnes.
832 2721 860 2768 et
868 2714 927 2769 haec
968 2719 1002 2773 ad
1018 2724 1130 2788 ternpus
1146 2716 1306 2795 praevalent.
1324 2714 1390 2786 quia
1405 2714 1439 2768 ad
1454 2714 1561 2768 nullum
1579 2711 1697 2766 mortale
1711 2710 1767 2765 cri·

130 2819 227 2879 pugna
243 2811 402 2876 perseverat
415 2818 504 2873 usque
529 2804 564 2857 ad
592 2805 676 2857 sinent
692 2804 794 2866 saculi,
816 2803 927 2874 quando
969 2825 1033 2862 men
1044 2824 1091 2861 eos
1102 2812 1219 2878 possunt
1233 2805 1398 2875 impingere.
1412 2821 1461 2875 per
1471 2803 1544 2875 quod
1555 2802 1666 2857 illorum
1682 2799 1767 2855 conia

128 2908 194 2948 cum
212 2892 298 2949 luerit
320 2892 438 2953 solutus,
453 2893 702 2947 consummabitur.
728 2893 834 2947 Coelum
853 2894 927 2947 enim
968 2896 1088 2951 debeant
1098 2893 1360 2967 possiderequibus
1378 2894 1481 2947 Paulus
1494 2892 1533 2946 ait
1549 2909 1554 2944 :
1570 2892 1659 2955 Nolite
1677 2892 1767 2949 locam

129 2986 230 3039 sancta
239 2981 361 3039 Ecclesia
374 2989 427 3046 est.
436 2982 464 3035 ln
474 2994 528 3053 qna
537 2982 569 3036 nt
578 2983 773 3053 lrocprrelium.
797 2983 926 3045 unanime,
969 2987 1035 3039 tlara
1049 2986 1168 3039 rir'abolo.
1186 2985 1280 3037 Potest
1290 2991 1384 3044 autem
1399 2987 1428 3036 et
1440 2983 1490 3043 hoc
1501 2980 1659 3052 specialiter
1668 2977 1768 3043 reterri

130 3078 164 3125 ut
177 3069 310 3135 diximus,
318 3087 350 3124 ex
362 3087 417 3147 quo
433 3071 575 3141 perfidem
587 3073 693 3141 ejectus
704 3077 747 3125 est
755 3072 790 3125 de
798 3070 958 3135 cordibusc
969 3075 1003 3128 ad
1014 3074 1087 3127 diem
1097 3072 1440 3144 judiciiquandoillorum
1451 3077 1592 3125 certamen
1602 3069 1637 3123 ab
1645 3069 1767 3123 adventu

131 3157 317 3223 credentium,
334 3160 467 3235 apostolis
495 3160 719 3230 predicantibus.
733 3162 811 3231 juxta
837 3161 927 3215 illud:
970 3164 1082 3221 Domini
1095 3165 1123 3217 in
1137 3163 1243 3233 judicio
1258 3161 1467 3216 terminabitur.
1482 3161 1544 3225 Quo
1571 3164 1696 3239 peracto,
1714 3158 1769 3212 isba

130 3250 194 3304 tion
206 3250 329 3303 esinatis
344 3250 500 3302 coiinclatr'o
511 3251 641 3303 ortanae
655 3255 799 3303 carnentci
813 3254 929 3318 sarrpar'·
970 3253 1111 3308 sententia
1125 3251 1320 3321 complebitur,
1339 3268 1395 3305 non
1412 3250 1560 3304 valuerunt
1574 3247 1689 3313 scilicet,
1702 3246 1769 3318 quia

132 3353 206 3400 rtem,
222 3342 250 3390 et
268 3343 376 3391 catera.
390 3337 434 3391 Sic
456 3337 530 3391 enirn
555 3338 671 3391 dicitur:
685 3340 797 3392 Factam
812 3344 849 3392 est
863 3355 930 3407 pra·
971 3341 999 3395 in
1012 3343 1068 3395 fine
1083 3339 1245 3394 certaminis
1256 3338 1450 3397 succumbent.
1468 3339 1566 3415 Neque
1578 3337 1655 3392 locus
1670 3350 1769 3415 eorum

132 3429 205 3481 liant
217 3442 351 3493 maprrrrrn
362 3430 392 3479 r'n
403 3428 474 3484 calo.
489 3432 521 3480 ut
535 3424 569 3479 ab
584 3427 664 3480 initio
686 3427 750 3480 lidel
767 3427 930 3484 Christianae
972 3430 1093 3501 amplius
1106 3430 1236 3484 inventus
1246 3436 1287 3482 est
1302 3429 1329 3481 in
1342 3428 1421 3482 coelo.
1436 3428 1502 3498 quia
1517 3425 1720 3481 tunclunditus
1734 3423 1769 3478 ab

132 3515 271 3585 usquead
287 3515 382 3576 linem,
398 3520 488 3569 totum
504 3522 614 3587 tempus
628 3516 689 3570 ritae
705 3517 932 3588 praesentiscom·
973 3520 1068 3573 electis
1079 3519 1192 3589 exclusi¹
1206 3516 1361 3588 decipiendi
1386 3517 1459 3570 ultra
1487 3523 1596 3586 tempus
1612 3529 1667 3568 non
1687 3512 1771 3567 habe·

132 3602 931 3675 prehendi,sinealiquadubitationecredatur,quatenus
974 3606 1052 3661 bunt.

134 3692 316 3746 etinctumin
332 3692 491 3761 praeteritis,
508 3699 613 3747 etesse
635 3694 664 3746 in
690 3692 884 3763 pratentibus.
902 3700 932 3753 ot
1008 3696 1338 3764 irremuneratam
1359 3697 1406 3747 illc
1432 3709 1559 3759 arcanas,
1576 3693 1770 3759 serpcrrsanii·

134 3781 386 3835 consummandum
398 3780 426 3834 in
440 3781 599 3834 nouissimis
613 3789 765 3835 asseratur.
782 3783 897 3839 ilr'clracl
906 3787 930 3838 ci
972 3801 1053 3854 pnes,
1069 3786 1119 3851 pai
1133 3788 1247 3836 uocatur
1260 3783 1386 3835 cliaboirrr
1397 3787 1421 3835 ei
1434 3778 1769 3850 Satanas.lpseantiquus

135 3873 229 3937 capeti
240 3873 298 3939 cias
313 3871 516 3937 preliabantur
543 3874 747 3930 camaracinse.
764 3873 862 3942 angeli
878 3872 931 3931 lili·
971 3873 1069 3937 hostis,
1087 3878 1117 3925 ut
1128 3873 1187 3940 jam
1200 3870 1307 3932 dictum
1317 3879 1368 3931 est,
1389 3869 1473 3925 draco
1487 3867 1646 3946 appellatur
1656 3871 1770 3937 propter

134 3958 250 4022 chaeiis,
262 3958 578 4018 reldraconisdicuntur
589 3960 644 4018 illis
654 3960 759 4017 subditi
770 3967 798 4018 et
813 3961 849 4017 ad
862 3961 929 4019 aba·
971 3961 1175 4019 immanitatem
1188 3959 1310 4015 sceleris.
1327 3975 1445 4031 magnus
1460 3966 1576 4033 propter
1591 3957 1715 4013 occultas
1725 3954 1770 4009 in·
1814 3968 1816 3973 ·

133 4048 267 4105 diendurn
283 4047 371 4110 missi.
383 4064 439 4103 non
455 4055 549 4105 tantan
563 4048 598 4107 ab
612 4050 652 4107 eis
665 4049 762 4112 creati,
779 4050 851 4105 sicut
866 4050 930 4120 qui·
973 4051 1077 4107 sidias:
1094 4050 1199 4119 etquia
1210 4065 1241 4103 ex
1252 4049 1341 4106 multo
1351 4051 1478 4118 tempore
1494 4051 1703 4116 accerserpens
1718 4060 1770 4107 an-

134 4137 201 4193 dam
212 4136 352 4206 vaniloqui
360 4136 619 4194 dixerunthaeretici
633 4156 638 4193 :
652 4139 694 4195 rel
706 4139 931 4213 etiamqnoniarn
973 4138 1149 4210 tiquesquia
1160 4154 1210 4211 per
1222 4145 1380 4211 serpentem
1398 4137 1520 4207 primurn
1536 4135 1679 4195 bominem
1691 4133 1771 4195 dece·

125 4217 188 4281 'sub
204 4240 336 4294 anorege
350 4226 377 4281 ia
391 4241 446 4280 una
460 4225 571 4283 civitate
587 4226 709 4284 militare
720 4228 873 4285 creduntur
887 4228 933 4285 Sic
974 4229 1015 4302 pit
1028 4228 1135 4293 bande,
1151 4226 1229 4283 etsie
1244 4242 1308 4285 eum
1333 4243 1439 4281 venena
1461 4224 1593 4295 aequitiae
1616 4223 1768 4285 interemit.

137 4315 214 4369 enirn
227 4314 349 4369 salernus
359 4320 447 4369 cinos
462 4314 565 4373 dicere.
575 4316 701 4373 ridentes
711 4333 758 4371 eos
774 4317 820 4389 qui
836 4334 868 4371 ex
883 4334 965 4398 ea-D
976 4317 1097 4375 Vocatur
1112 4332 1222 4391 quoque
1237 4315 1376 4378 diabulus,
1396 4312 1426 4371 ld
1441 4320 1483 4370 est
1507 4312 1638 4371 deorsum
1669 4314 1769 4378 lluena

138 4401 203 4459 deta
214 4402 417 4460 societatesunt
429 4416 434 4450 τ
446 4402 514 4461 Ecce
524 4404 579 4460 ruci
590 4409 640 4461 aut
653 4404 750 4461 nostri.
774 4404 844 4461 ilinc
859 4406 932 4462 enim
975 4406 1032 4461 sire
1043 4405 1218 4468 criminatur.
1231 4406 1296 4477 quia
1311 4404 1437 4483 quotidie
1447 4403 1482 4461 do
1504 4402 1634 4461 cordibus
1646 4401 1772 4461 fidelium

136 4491 314 4549 Dominusde
325 4492 433 4562 pusillis
445 4492 486 4548 ait
500 4492 528 4546 in
546 4492 695 4561 Evangelio
707 4510 712 4546 :
725 4496 823 4561 :lrrpctr‘
838 4511 934 4553 eoram
975 4494 1047 4553 lluit.
1060 4499 1088 4547 et
1112 4494 1177 4553 inde
1203 4493 1306 4551 dicitur
1333 4493 1462 4557 Satanas,
1486 4493 1573 4547 idest
1605 4490 1771 4556 contrarias,

138 4594 245 4649 seraper
258 4582 350 4637 rideat
365 4583 464 4646 [aciem
479 4582 572 4639 Patris
587 4584 651 4643 mci,
676 4584 726 4650 atri
754 4585 784 4636 in
807 4586 878 4637 caiis
897 4590 934 4641 cst
976 4583 1041 4659 quia
1053 4582 1141 4639 bonos
1153 4583 1320 4652 insequitur.
1337 4580 1456 4656 quorum
1472 4581 1512 4639 ilii
1528 4596 1613 4650 opera
1627 4584 1693 4637 sunt
1708 4592 1772 4639 con·

140 4667 503 4739 (trattaxvnnilinciosue
518 4667 671 4740 principem
679 4670 815 4725 exercilus
825 4670 935 4727 Domini
977 4671 1074 4729 traria.
1091 4675 1144 4743 Qui
1157 4673 1260 4729 sairrcr't
1275 4672 1437 4730 orticariam
1452 4671 1555 4725 orbern.
1575 4669 1606 4725 ln
1621 4667 1664 4721 bis
1678 4662 1773 4727 rideli-

137 4755 399 4827 interrogatdicens
410 4770 416 4810 z
428 4757 608 4818 deutereses
617 4759 938 4816 arlecrsariorurniom·
979 4768 1023 4819 cet
1036 4776 1097 4837 quae
1107 4765 1235 4831 pereunt.
1251 4758 1278 4813 id
1294 4763 1337 4811 est
1347 4763 1457 4829 partem
1484 4755 1569 4811 urbis.
1595 4755 1667 4809 Nam
1682 4770 1699 4811 a
1713 4758 1773 4813 tata
1837 4758 1842 4765 '

138 4860 189 4901 nes
202 4844 276 4900 enirn
290 4845 383 4914 angeli
406 4844 482 4917 bani,
514 4846 646 4905 dicuntur
672 4848 765 4917 angeli
782 4849 935 4915 lliclraelis,
979 4857 1087 4921 partem
1099 4849 1256 4919 intelligere
1270 4846 1413 4910 debemus,
1429 4845 1495 4916 qaia
1519 4842 1646 4915 quamvis
1670 4844 1774 4901 multas

138 4933 207 5007 quia
220 4934 256 4989 ad
271 4934 333 5007 ejus
346 4934 508 4991 societatem
532 4937 683 5011 pertinent.
701 4939 733 4997 In
749 4955 803 5008 quo
820 4954 938 4995 nurnero
980 4939 1131 4997 electorum
1147 4937 1176 4993 in
1191 4936 1274 4991 corde
1288 4936 1453 5006 plorataque
1467 4933 1591 4991 seducat.
1608 4937 1775 4999 nontamen

136 5022 275 5079 bonarum
290 5024 562 5095 angelorumetiam
581 5026 710 5082 homines
722 5028 791 5098 justi
807 5044 937 5096 compra-
978 5028 1007 5085 in
1022 5023 1313 5097 perpetuumnecad
1342 5029 1475 5082 aternam
1499 5028 1627 5083 mortem.
1644 5023 1777 5099 litprajc-

136 5111 300 5168 henduntur
311 5119 467 5185 pugnantes
474 5129 536 5172 curu
547 5115 760 5175 diabolo.P0rro
769 5117 936 5191 angelidra-
978 5123 1036 5173 ctat·
1051 5119 1089 5169 cst
1104 5117 1134 5168 ia
1150 5120 1265 5171 terrani.
1282 5113 1426 5182 Proiectus
1439 5117 1483 5171 est
1499 5119 1593 5169 autem
1609 5112 1644 5169 de
1658 5113 1728 5175 coelo
1746 5112 1776 5169 in

140 5199 219 5257 conis
231 5200 364 5258 dicuntur
395 5218 492 5261 ornnes
519 5209 658 5279 quotquot
682 5205 707 5261 ei
723 5211 935 5269 consenserunt,
978 5212 1093 5269 terram,
1106 5203 1188 5259 idest
1199 5202 1234 5255 de
1249 5201 1392 5261 inentibus
1407 5200 1561 5261 electorum
1583 5202 1613 5259 in
1627 5202 1711 5259 corda
1729 5217 1775 5261 ra·

140 5289 252 5361 quando
263 5290 426 5365 superbiens
437 5291 507 5348 dixit
522 5310 528 5345 :
545 5296 695 5350 riscrralam
710 5311 791 5367 rrrpcr
807 5296 937 5353 altitudi·
979 5292 1139 5366 proborum.
1156 5306 1210 5349 non
1220 5290 1311 5361 quoin
1327 5288 1367 5345 eis
1379 5295 1545 5349 etantenon
1555 5297 1624 5351 erat.
1641 5290 1689 5345 sad
1700 5287 1774 5364 quod

141 5380 277 5441 tunicati.
290 5380 493 5437 acccersunt
505 5382 590 5437 etiarn
604 5382 709 5452 pariter
728 5385 865 5441 malorum
883 5384 934 5440 lto·
977 5381 1012 5439 ab
1023 5380 1083 5442 istis
1094 5380 1221 5439 exclusus
1231 5378 1352 5455 amplius
1368 5378 1568 5441 illisdarrrinari
1580 5376 1773 5447 reperiatur-

140 5466 250 5524 minum
260 5467 351 5524 forma
364 5471 620 5543 comprehenditur.
634 5471 763 5547 Pugnant
778 5472 873 5549 itaque
892 5473 938 5529 ni-
979 5486 1043 5529 nam
1058 5470 1118 5541 ejus
1134 5474 1210 5527 terra
1229 5468 1331 5539 excipit
1359 5469 1426 5547 quia
1450 5475 1563 5529 terrena
1577 5464 1771 5543 quatentium,

143 5555 223 5612 chael
237 5563 266 5611 et
279 5557 373 5629 angeli
384 5559 445 5630 ejus
458 5559 489 5615 in
503 5560 582 5627 caio,
609 5559 663 5616 hoc
690 5568 742 5631 est,
758 5561 788 5617 in
803 5562 935 5632 Ecclesia,
978 5568 1091 5615 terrena
1103 5557 1274 5631 sapientium
1288 5565 1397 5615 mentes
1410 5557 1525 5613 invadit.
1541 5555 1582 5610 lle
1596 5570 1653 5624 qua
1667 5552 1773 5609 scilicet
