3818 6104
128 255 180 329 503
336 252 525 311 navamus
545 251 789 308 Hanususrnr.
811 250 923 306 EPISC.
944 249 1023 304 OPP.
1043 247 1136 303 Palas
1155 248 1177 302 l.
1201 277 1233 289 -
1252 246 1440 305 munaus.
1460 247 1552 305 alut.
1692 253 1732 312 sol

130 385 192 438 erat
202 382 232 437 in
243 382 311 448 tide,
326 382 355 437 in
368 379 514 443 charitate,
532 383 561 433 et
579 379 608 433 in
623 378 732 432 caeteris
748 375 830 431 rebus
846 374 1024 448 spiri-Aqua
1039 373 1163 442 negotio,
1180 373 1237 426 sive
1261 389 1295 427 ex
1319 372 1502 443 oppressione
1516 371 1640 436 aliorum,
1657 373 1739 432 sireer

131 471 245 536 talibus,
261 487 312 525 suo
327 470 449 524 adventu
465 467 613 540 supplevit.
972 462 1141 531 praediorum
1154 462 1195 514 vel
1209 460 1413 532 mancipiorum
1433 460 1553 524 ratione,
1569 459 1677 514 Romam
1688 479 1738 518 oon-

169 560 279 615 Obrccro
294 574 422 627 erpocos.
436 560 539 626 fratres
564 558 689 616 Romani,
716 571 765 624 per
780 556 931 608 Dominam
972 549 1112 609 currebat.
1128 549 1176 604 ubi
1191 554 1253 604 erat
1263 550 1427 621 imperator,
1451 554 1481 602 et
1489 547 1599 618 judiees
1612 564 1737 606 musarum.

132 651 237 708 lerona
247 654 271 702 et
280 664 329 716 per
338 648 502 701 charitatem
514 646 636 712 Spiritus
642 647 740 706 sancti,
749 659 799 714 per
808 642 932 695 dilectio·
973 639 1069 692 Potuit
1084 655 1150 708 ergo
1165 638 1226 692 sieri
1239 644 1272 692 ut
1293 638 1397 692 Phoebe
1417 641 1549 691 matrona
1563 636 1598 690 ob
1611 636 1739 706 hujusmodi

134 752 199 791 nem
210 751 292 807 quarn
307 733 414 788 debetis
428 733 531 788 habere
544 749 610 803 erga
622 733 711 786 Deum
724 737 752 785 et
762 731 931 802 proximum,
973 743 1085 781 oausam
1097 726 1315 782 tuncdeveniret
1330 727 1449 780 Romam
1461 744 1468 793 ;
1485 730 1650 797 quapropter
1661 742 1738 796 prece·

135 839 196 895 quae
205 838 256 894 per
266 822 402 893 Spiritum
413 820 644 885 sanctumdatur‚
657 818 797 886 fidelibus,
808 824 839 871 ut
850 818 933 885 odju-
974 816 1016 887 pit
1027 816 1129 870 Paulus
1145 815 1333 881 credentibus,
1350 821 1384 869 ut
1397 815 1424 869 ei
1437 815 1467 868 in
1480 813 1558 868 omni
1573 813 1675 883 negotio
1684 816 1738 869 auxi·

134 913 202 966 retis
214 927 257 964 mc
270 913 301 963 in
315 911 594 963 orationibasoeslris
606 910 642 962 ad
657 910 753 969 ileum,
763 907 791 961 id
807 912 849 960 est
859 904 934 976 apud
975 905 1044 960 lium
1060 905 1176 970 terrent,
1190 904 1247 959 sive
1261 905 1290 958 in
1306 903 1438 970 vestibus,
1450 903 1551 957 sivein
1566 902 1646 967 vicar,
1660 902 1693 956 vel
1703 904 1739 958 ali·

134 999 235 1061 Deum,
252 1004 284 1052 ut
298 1000 399 1052 liberer
410 999 445 1052 ab
459 999 680 1065 irrfideliborqni
688 996 934 1059 saintinladaa,at
976 993 1165 1065 quosubsidio
1179 993 1338 1063 temporali.
1366 992 1528 1064 Redditque
1550 1000 1663 1045 'causam
1679 1007 1739 1061 quare

136 1089 259 1155 obsequii
272 1089 336 1148 mei,
350 1085 380 1140 id
394 1090 437 1140 est
450 1085 601 1139 ministerii
614 1085 658 1138 vel
676 1083 841 1138 obedientia
855 1099 934 1148 mea,
976 1082 1043 1136 talia
1057 1081 1209 1155 praecipiat.
1237 1083 1346 1135 Etenim
1361 1085 1416 1150 ipse
1440 1092 1549 1148 quoquc
1566 1080 1662 1141 astitit,
1680 1078 1702 1132 id
1711 1083 1740 1132 est

136 1178 238 1231 oblatio
247 1181 355 1245 accepta
368 1178 418 1242 fiat
436 1177 468 1227 ia
486 1176 639 1227 Jerusalem
654 1176 765 1236 soractis,
782 1177 812 1225 ul
827 1174 937 1225 cerviam
979 1170 1148 1224 ministravit
1159 1175 1244 1241 atque
1262 1169 1397 1224 auxilium
1412 1168 1532 1240 praebuit
1546 1167 1740 1230 mallianella

136 1266 227 1319 odaos
240 1267 271 1318 in
280 1264 438 1332 paudiopcr
450 1266 619 1315 oolamtetcnr
628 1262 684 1323 Dei,
698 1266 722 1313 et
735 1262 938 1327 reserpercroo-
980 1262 1042 1327 ipsi.

139 1355 254 1407 bucam.
269 1352 321 1407 llle
331 1350 433 1422 quaerit
446 1350 618 1420 refrigerari,
631 1349 678 1419 qui
688 1348 782 1402 calore
798 1347 865 1401 solis
884 1347 940 1401 uri·
1015 1348 1139 1403 Salutate
1154 1349 1278 1402 Priscam
1295 1352 1318 1400 et
1334 1348 1466 1414 Aquilam
1487 1346 1627 1414 adjutores
1652 1358 1708 1396 ineos
1721 1342 1744 1393 in

139 1446 197 1507 tur,
211 1440 254 1495 vel
269 1439 318 1510 qui
333 1439 485 1510 pugnando
499 1445 528 1492 et
541 1438 674 1492 luctando
686 1437 780 1491 calefit
790 1443 876 1507 atque
885 1436 938 1490 las·
980 1437 1087 1490 Christo
1097 1438 1170 1501 lesu,
1185 1435 1214 1488 in
1237 1435 1436 1507 predicatione
1450 1433 1580 1487 videlicet
1593 1437 1622 1486 et
1636 1431 1745 1499 aiisope

140 1533 230 1604 satur,
246 1528 281 1583 Et
292 1527 392 1581 beatus
404 1526 555 1598 Apostolus
565 1527 675 1580 fortiter
684 1525 827 1597 pugnabat
840 1531 938 1580 contra
980 1525 1067 1590 ribus,
1080 1528 1129 1592 qui
1141 1541 1192 1593 pro
1207 1528 1307 1578 aninaa
1321 1541 1391 1586 inea,
1415 1523 1444 1577 id
1459 1529 1504 1578 est
1517 1539 1568 1594 pro
1588 1522 1645 1576 vita
1666 1537 1716 1576 mea
1725 1519 1752 1570 ut

140 1615 568 1688 philosophos,contraludaeos,
586 1622 681 1668 eontra
694 1614 849 1679 haereticos,
861 1614 938 1668 ideo·
980 1614 1059 1682 illam
1073 1618 1226 1675 servarent,
1252 1629 1317 1666 suaa
1335 1615 1450 1677 caroloco
1470 1614 1678 1680 supposuerant,
1698 1602 1759 1680 ped·

142 1721 197 1776 que
208 1703 387 1758 desiderabat
400 1703 436 1758 ad
451 1709 563 1775 tempus
577 1709 636 1757 tarn
658 1718 773 1774 corpore
788 1719 870 1774 quam
884 1703 939 1773 spi·
949 1718 972 1778 Β
981 1702 1073 1756 culose
1089 1706 1271 1773 opponentes.
1289 1699 1383 1755 Prisca
1396 1700 1459 1772 ipsa
1478 1704 1521 1754 est
1535 1715 1596 1770 quae
1609 1703 1638 1753 et
1653 1690 1766 1752 amedu

142 1791 200 1845 ritu
213 1792 400 1862 requiescere.
423 1792 502 1846 Unde
520 1792 581 1862 ipsc
594 1791 662 1846 dicit
676 1792 798 1863 quodam
812 1793 891 1846 loco:
908 1791 940 1847 Si
980 1790 1138 1863 appellatur
1162 1789 1190 1844 in
1214 1789 1331 1844 Actibus
1346 1789 1552 1860 apostolorum,
1563 1792 1594 1842 et
1607 1794 1665 1841 erat
1680 1784 1772 1840 indm

142 1879 179 1932 ad
194 1878 291 1931 bestias
303 1879 533 1947 papnaoih'pberi
544 1881 567 1947 ll
582 1882 642 1934 Cor.
654 1884 706 1948 xv).
720 1879 832 1933 Bestias
842 1879 939 1951 appel·
979 1895 1092 1951 genere,
1105 1895 1174 1933 uxor
1188 1878 1295 1950 Aquila
1318 1877 1417 1942 ludaei,
1432 1877 1481 1948 qui
1496 1876 1618 1947 quodam
1640 1881 1774 1946 tempore·

141 1967 182 2020 lat
196 1966 369 2037 philisophos
382 1972 411 2021 et
423 1966 578 2021 haereticos.
602 1969 668 2022 Ideo
683 1973 777 2022 autem
796 1967 940 2035 exorabat,
982 1969 1139 2024 dumludaei
1146 1968 1251 2022 vellent
1260 1967 1425 2039 Apostolum
1432 1966 1592 2020 interlicere
1601 1963 1674 2035 apud
1683 1959 1779 2018 Corin·

142 2060 176 2109 ut
184 2055 304 2109 Romani
312 2054 370 2108 suis
378 2054 551 2109 orationibus
562 2056 587 2109 ei
598 2042 779 2113 subvenirent
787 2057 853 2127 quia
862 2056 943 2110 tirne-
984 2058 1074 2123 thum,
1088 2058 1135 2111 isti
1146 2074 1175 2111 se
1191 2057 1221 2110 in
1236 2056 1329 2110 medio
1344 2060 1537 2127 opposuerunt
1551 2058 1580 2108 et
1593 2052 1781 2107 liberaverunt

142 2142 191 2197 bat
204 2143 414 2214 comprehendi,
438 2144 505 2197 dum
526 2144 633 2197 reniret
653 2144 887 2215 Hierosolymam,
908 2144 943 2197 ab
984 2164 1058 2202 eum.
1077 2146 1153 2201 Unde
1168 2150 1196 2199 et
1211 2144 1306 2199 subdit
1321 2162 1327 2196 :
1343 2135 1442 2213 quitur
1458 2159 1514 2196 non
1528 2145 1602 2197 salar
1616 2157 1661 2210 epo
1675 2138 1778 2195 Paulus

143 2231 305 2286 infidelibus
318 2231 431 2297 ludaeis,
442 2236 469 2286 et
482 2233 627 2287 retrudiin
638 2234 834 2296 carcerem‚vel
844 2233 940 2295 occidi,
983 2239 1090 2304 aralius
1106 2252 1167 2302 epo,
1182 2250 1232 2306 pro
1256 2234 1306 2287 hoc
1329 2233 1412 2298 lacto,
1429 2233 1475 2285 scd
1489 2237 1513 2285 et
1539 2236 1643 2285 cuncta
1656 2230 1777 2284 talesia

145 2327 175 2375 et
187 2336 243 2375 non
259 2326 354 2392 posset
365 2336 456 2391 neque
466 2322 571 2375 sanctis
580 2321 689 2375 deferre
702 2338 821 2375 munera
830 2328 858 2376 et
869 2322 944 2377 obla·
983 2328 1117 2392 pontiam,
1128 2321 1229 2394 quibus
1240 2338 1307 2392 ergo
1317 2337 1449 2392 praesum,
1462 2319 1529 2391 quia
1544 2335 1596 2391 per
1609 2334 1697 2372 meam
1711 2333 1777 2389 pra·

144 2409 250 2464 tionem
265 2425 356 2474 suam,
372 2425 464 2480 neque
485 2410 664 2482 postmodum
690 2411 782 2463 venire
811 2411 941 2480 Romam,
984 2413 1152 2467 dicationem
1168 2412 1204 2466 ad
1220 2411 1305 2465 fidem
1320 2414 1466 2464 venerunt.
1479 2410 1593 2464 lsteest
1603 2425 1670 2479 ergo
1680 2407 1773 2479 aquia

145 2497 219 2551 sicut
231 2496 262 2552 in
280 2496 419 2552 desiderio
441 2497 571 2552 habebat.
585 2497 655 2552 llinc
673 2498 814 2553 decutitur
828 2500 942 2569 pontiti·
984 2507 1013 2555 et
1027 2499 1152 2554 Priscilla
1165 2515 1235 2553 uxor
1258 2499 1319 2568 ejus
1339 2497 1415 2569 apud
1433 2514 1504 2569 quos
1525 2495 1659 2550 manebat
1679 2495 1768 2552 Paulos

146 2601 210 2640 curn
225 2584 358 2656 superbia
369 2590 398 2639 et
413 2586 592 2656 prelatorum
604 2586 851 2658 atqueprincipum
864 2593 944 2659 etpo·
987 2589 1113 2643 Corinthi
1130 2589 1244 2657 positus,
1261 2588 1328 2658 quia
1339 2587 1465 2658 ejusdem
1479 2587 1548 2642 artis
1563 2586 1652 2641 labori
1664 2585 1763 2641 insiste-

145 2674 268 2730 tentium
283 2673 368 2744 hujus
380 2674 483 2739 saeculi,
499 2674 547 2744 qui
561 2675 751 2745 dedignantur
759 2691 876 2729 exorare
883 2675 945 2730 sub
986 2677 1063 2742 bant,
1080 2677 1126 2731 cui
1139 2683 1167 2732 et
1187 2677 1290 2731 Paulus
1313 2681 1462 2730 structurae
1476 2675 1605 2730 videlicet
1617 2673 1760 2729 tabernaco-

144 2765 236 2834 jcatos
247 2778 323 2824 suos,
338 2768 477 2832 quatenus
495 2779 546 2834 pro
570 2764 610 2817 eis
631 2779 726 2833 preces
748 2763 946 2835 orationesque
986 2767 1153 2836 lorumque
1164 2771 1192 2819 et
1201 2765 1403 2819 scenofactoria
1415 2780 1461 2818 ars
1484 2764 1654 2835 appellatur.
1669 2763 1757 2818 Sutura

146 2851 276 2906 fundant.
298 2849 327 2905 Si
341 2850 416 2904 enim
431 2850 480 2904 illc
502 2851 550 2922 qui
567 2857 595 2905 at
611 2852 756 2922 apostolus
771 2857 800 2905 et
822 2853 947 2923 pontifex
987 2854 1092 2908 etenim
1106 2859 1196 2917 erant,
1205 2860 1234 2907 et
1246 2851 1366 2906 suebant
1375 2869 1407 2906 ex
1418 2852 1538 2923 pellibus
1547 2853 1607 2906 sive
1616 2850 1755 2906 linteamini-

148 2945 210 2994 erat
218 2938 946 3011 omniumgentium,omniquegratiaSpiritussancti
988 2941 1040 2996 bus
1060 2941 1241 2996 tabernacula
1265 2947 1294 2995 et
1311 2940 1476 3012 papiliones,
1492 2940 1639 3012 inquibus
1664 2938 1753 2993 marine

147 3028 283 3098 repletus,
299 3042 355 3081 non
369 3032 412 3081 est
422 3027 591 3097 dedignatus
606 3028 742 3082 auxilium
756 3027 978 3099 subjectorumG
991 3030 1121 3086 Saraceni
1144 3029 1281 3092 habitant,
1305 3029 1519 3100 vendebantque
1546 3045 1581 3082 ea
1605 3045 1665 3100 qua
1683 3039 1751 3097 open·

149 3121 279 3188 expetere
294 3116 323 3170 in
338 3115 521 3178 orationibus,
531 3123 636 3187 quanto
651 3117 740 3187 magis
751 3118 797 3171 isti
811 3119 860 3188 qui
872 3120 948 3189 pleni
989 3120 1101 3184 bantur,
1112 3118 1234 3188 indeque
1248 3116 1387 3172 vivebant.
1400 3118 1441 3172 De
1450 3118 1494 3171 his
1505 3133 1573 3188 ergo
1588 3119 1629 3171 ita
1641 3111 1752 3186 legiturir

149 3208 217 3260 sunt
228 3204 393 3275 rapacitate,
402 3202 543 3275 superbia,
556 3204 689 3275 omnique
699 3206 807 3259 nefario
816 3213 880 3260 actu
893 3223 948 3261 non
989 3207 1105 3262 Actibus
1119 3207 1310 3278 apostolorum
1328 3224 1334 3257 :
1351 3208 1410 3260 Post
1435 3207 1489 3261 bac
1502 3211 1599 3261 autern
1618 3201 1751 3260 descendens

149 3293 253 3348 debent
270 3292 705 3363 dedignarilltaqueimitandus
716 3299 759 3347 est
768 3294 898 3348 omnibus
907 3295 949 3349 vi·
989 3298 1094 3351 Paulus
1113 3298 1147 3350 ab
1163 3297 1286 3361 Athenis,
1302 3298 1375 3348 rrcnit
1390 3296 1556 3351 Corintlnnn
1570 3297 1637 3362 (Act.
1653 3295 1722 3357 xnul,
1732 3291 1750 3341 et

150 3380 238 3435 ribus.
990 3387 1102 3440 invento
1116 3384 1154 3437 ibi
1165 3384 1286 3456 quodam
1300 3382 1410 3448 ludeo,
1427 3384 1541 3438 nomine
1549 3384 1658 3455 Aquila,
1668 3377 1750 3437 Pontiw

187 3471 361 3524 Dcoaautein
375 3471 451 3537 pacis
467 3473 504 3523 sit
518 3486 581 3524 cam
601 3472 729 3525 orrrnibas
744 3474 825 3526 vobis.
847 3475 947 3528 Arnen.
990 3492 1104 3546 genere,
1128 3474 1176 3545 qui
1200 3489 1290 3544 nuper
1309 3478 1424 3526 venerat
1437 3473 1473 3526 ab
1498 3473 1590 3538 ltalia,
1614 3477 1643 3527 et
1660 3462 1752 3525 Priscilla

150 3558 226 3613 Deus
240 3559 316 3630 pacis
330 3557 498 3628 intelligitur
514 3565 611 3613 sancta
619 3561 753 3624 Trinitas
773 3562 851 3631 cujus
867 3563 951 3617 mise·
992 3580 1077 3618 uxore
1096 3564 1204 3632 ejusce
1220 3561 1295 3633 quod
1305 3561 1482 3633 praecepisset
1490 3562 1624 3616 Claudius
1637 3539 1753 3630 impiant

151 3646 639 3719 ricordiareconciliatumestgenus
655 3649 952 3722 huvnanum,etcu1'us
992 3652 1135 3706 discedere
1150 3667 1247 3704 ornnes
1266 3650 1376 3704 Judaeos
1398 3649 1433 3703 ab
1463 3650 1532 3704 urbe
1547 3651 1645 3714 Roma,
1657 3663 1686 3702 eo
1703 3635 1754 3714 quid

152 3737 237 3800 dona,
253 3751 307 3806 pax
323 3740 352 3788 et
371 3736 520 3790 concordia
534 3737 618 3792 datur
630 3740 738 3793 cunctis
757 3740 895 3796 fidelibus.
917 3743 952 3797 Et
992 3741 1116 3796 seditiosi
1129 3746 1231 3804 essent,
1248 3738 1369 3793 adhaesit
1388 3739 1439 3804 eis,
1451 3744 1478 3792 et
1494 3738 1560 3809 quia
1573 3738 1690 3808 ejusdem
1707 3725 1754 3785 ³15⁸

152 3825 222 3879 satis
243 3822 359 3894 pulchre
384 3822 414 3877 in
433 3840 500 3894 pace
524 3826 622 3891 sinivit,
655 3827 764 3883 duobus
788 3831 898 3901 populis
921 3831 951 3885 in
993 3836 1083 3896 erant,
1100 3829 1253 3883 manebant
1268 3829 1297 3881 in
1312 3842 1409 3892 unum,
1433 3833 1462 3881 et
1481 3828 1670 3899 operabantur
1687 3812 1754 3878 sind·

153 3911 329 3968 concordiam
353 3913 498 3981 revocatis,
524 3916 674 3971 ostendens
689 3918 756 3987 quia
781 3935 837 3973 non
854 3919 908 3974 nisi
922 3922 952 3974 in
993 3921 1081 3974 Erant
1093 3919 1168 3973 enim
1183 3918 1306 3971 artifices
1318 3915 1578 3983 tabernaculorum,
1601 3921 1634 3971 ut
1656 3911 1755 3969 dirimas

152 4000 275 4071 pacificis
290 4000 365 4056 Deus
380 4001 456 4072 pacis
472 4003 529 4074 (qui
544 4021 640 4075 pacem
654 4011 777 4076 prestat)
799 4009 887 4078 possit
900 4009 952 4063 ha·
992 4007 1076 4060 idest
1089 4011 1199 4060 sutores
1211 4009 1410 4075 componentes
1425 4003 1612 4058 tabernacula
1625 4020 1657 4058 ex
1670 3994 1758 4074 pellito

155 4090 256 4145 biture-
994 4110 1043 4148 seu
1056 4094 1171 4147 cortinis
1185 4093 1289 4148 linteis.
1306 4093 1362 4148 Sed
1374 4092 1491 4164 quaestio
1501 4091 1547 4145 hic
1563 4092 1659 4146 oritur.
1675 4077 1761 4143 Cum'ffl

459 4231 577 4287 CAPUT
600 4233 664 4287 Ἥ
994 4183 1109 4237 Actibus
1124 4183 1314 4253 apostolorum
1329 4182 1440 4236 dicatur
1462 4181 1536 4235 sicut
1560 4181 1644 4252 paulo
1663 4168 1762 4246 supefl'us

601 4270 609 4286 ⁴
667 4273 683 4288 '⁴
961 4278 1138 4356 Dostensum
1149 4277 1200 4338 est,
1213 4270 1376 4342 quodapud
1385 4261 1553 4324 Corinthum
1569 4269 1651 4323 simul
1666 4261 1765 4350 hospi?

192 4353 355 4408 Commendo
369 4358 462 4406 autern
477 4356 550 4407 vobis
563 4356 675 4410 Pbaben
690 4368 956 4435 saracenatorum,
1001 4361 1105 4415 bantur
1118 4361 1232 4425 Paulus,
1243 4360 1346 4430 Aquila
1358 4364 1386 4412 et
1399 4359 1503 4420 Prisca,
1521 4373 1608 4428 quare
1623 4356 1651 4411 in
1662 4356 1707 4409 hac
1717 4347 1768 4416 ΕΡ·

156 4456 213 4495 non
228 4456 322 4506 carne,
340 4440 388 4494 sed
403 4443 755 4515 commoneminsrde,qna
769 4454 806 4501 est
828 4454 858 4504 in
873 4458 955 4510 rainl·
1000 4451 1100 4504 stolaa
1123 4449 1258 4504 Corintho
1281 4448 1321 4501 eis
1342 4445 1427 4500 verba
1455 4445 1622 4500 salutatoria
1644 4432 1771 4498 scribebth

155 4532 239 4585 oterio
246 4529 379 4595 Ecclesia,
390 4546 450 4598 qaa
459 4535 496 4583 est
507 4533 538 4585 ia
549 4533 686 4598 Gencbrv'r,
697 4540 728 4588 nt
742 4552 802 4590 rana
826 4544 960 4611 suscipia-
1003 4539 1081 4610 quasi
1097 4539 1192 4592 Rornae
1214 4535 1406 4608 degentibus?
1432 4534 1499 4598 Qum
1514 4534 1555 4588 ita
1577 4534 1698 4594 solvitur,
1711 4508 1776 4613 qim}l

157 4622 193 4675 tis
208 4622 240 4674 ia
255 4619 372 4673 Domino
386 4619 468 4687 diane
482 4621 659 4685 sanctiahoc
673 4624 814 4687 est,sicut
829 4633 959 4686 convenit
999 4627 1087 4697 pulsis
1116 4625 1218 4684 Judaeis
1247 4626 1280 4678 eii
1303 4622 1372 4677 urbe
1398 4638 1449 4692 per
1474 4626 1648 4692 praeceptum
1673 4605 1778 4674 Claudilr

155 4708 517 4779 sanctissivautquidam
533 4709 861 4784 codiceshabent‚digne
876 4719 954 4786 satis,
998 4715 1164 4770 Corinthum
1192 4714 1240 4767 isti
1262 4713 1317 4766 duo
1340 4710 1476 4774 venerint,
1507 4725 1662 4781 rursusque
1683 4697 1784 4760 reddi¹⁸

154 4798 238 4853 idest
249 4798 395 4853 abundeet
407 4798 581 4864 humane;et
594 4802 773 4863 assisteren,
786 4802 814 4857 id
825 4809 956 4862 estauxi·
998 4804 1127 4857 libertate
1150 4801 1286 4856 redeundi
1312 4800 1340 4854 in
1363 4804 1453 4853 morte
1470 4799 1600 4864 Caesaris,
1615 4795 1712 4852 reversi
1721 4773 1789 4847 sevi

156 4885 955 4963 liamini,etsubsidiunrpraebete,r'nquvicanqacnepotta
998 4894 1127 4956 Romam,
1147 4891 1195 4945 ubi
1223 4907 1271 4944 eos
1290 4889 1441 4960 Apostolus
1460 4904 1535 4942 nunc
1554 4888 1668 4942 salutat.
1686 4872 1789 4939 Ηοτῑῑῑῃ

158 4973 216 5026 sive
226 4977 582 5045 eausa,indlpaeriloevtri‚
592 4977 698 5031 auxilii.
715 4979 849 5037 ‚Cenchrae
859 4989 958 5053 portus
999 4982 1085 5036 etiam
1112 4980 1283 5034 domesticos
1310 4985 1339 5032 et
1366 4977 1531 5031 vernaculos
1553 4977 1667 5042 salutat,
1683 4986 1743 5046 quos
1758 4957 1789 5010 0⁴

158 5066 203 5113 est
217 5060 355 5127 Corinthi,
380 5063 425 5117 ubi
441 5070 503 5118 erat
517 5065 640 5121 Ecclesia
654 5067 792 5129 fidelium,
808 5071 852 5124 cui
873 5072 958 5126 mini·
1000 5070 1151 5124 Ecclesiam
1163 5068 1294 5140 appellat,
1318 5068 1414 5122 dicens
1431 5083 1436 5119 :
1455 5066 1487 5119 dt
1502 5066 1677 5119 domesticam
1698 5050 1789 5115 coefi¹

163 5145 384 5202 strabatPhoebe
394 5151 568 5208 nobilissima
583 5161 712 5210 matrona
723 5158 825 5212 victum
835 5166 864 5213 et
872 5161 957 5215 vesti·
1000 5161 1149 5221 ecelesiam,
1166 5158 1300 5212 subaudis
1314 5156 1416 5210 saluta.

160 5241 301 5305 mentum,
317 5242 414 5307 utpote
436 5240 598 5296 fidelissima
617 5246 647 5298 in
667 5247 721 5301 side
746 5247 859 5302 Christi.
884 5249 957 5320 Ergo
1015 5249 1141 5304 Salutate
1155 5245 1559 5315 llpbanetomditeclanrim'br',
1571 5232 1789 5314 qaieslprlar't*

157 5331 226 5381 ”1¹¹⁰
241 5327 385 5396 temporis,
410 5330 523 5398 quando
540 5335 689 5404 Apostolus
716 5337 799 5391 istam
816 5338 957 5394 scribebat
998 5339 1175 5391 aliisae-cesla
1184 5338 1262 5390 Aria.
1272 5335 1323 5388 llic
1332 5334 1500 5404 Ephaenetus
1508 5334 1619 5388 videtur
1628 5327 1789 5404 primuscs

159 5413 447 5485 Epistola1n‚llornnni
459 5417 588 5473 omnibus
597 5423 728 5489 gentibus
740 5426 776 5479 im
781 5425 959 5497 parabant‚et
1000 5426 1102 5479 didisse
1110 5443 1142 5477 ex
1151 5425 1226 5478 Asin.
1238 5424 1312 5477 unde
1320 5429 1348 5477 et
1357 5423 1531 5494 primitivum
1542 5419 1789 5477 Asiaeillumvoofl

156 5504 179 5558 si
195 5502 258 5577 quis
271 5502 406 5557 nobilium
417 5521 587 5576 praecipuam
604 5509 726 5567 habebat
739 5531 894 5570 causamex
906 5516 958 5570 ali·
1000 5516 1058 5568 sive
1073 5515 1140 5584 quia
1154 5513 1262 5586 primus
1276 5512 1402 5572 omniurn
1418 5511 1546 5577 credidit,
1563 5527 1613 5567 seu
1632 5511 1715 5566 etiam
1728 5508 1789 5578 qr!
