3818 6104
139 236 187 294 sar
346 196 369 211 “
606 236 817 295 annumero
836 238 876 293 m
896 238 1057 294 ocurrer
1076 240 1321 297 olnmconun.
1721 241 1774 303 238

138 362 219 427 acies,
234 380 300 418 cum
328 365 454 419 videlicet
474 363 672 434 unusquisque
692 362 782 416 fidelis
806 362 1060 436 ordinemAcapra
1074 366 1228 435 peccatoris
1243 367 1334 437 figura
1349 369 1401 420 ast.
1413 365 1493 421 Unde
1506 370 1535 420 et
1551 367 1581 421 in
1594 369 1657 438 lege
1675 372 1770 440 pruci-

137 467 217 505 suum
232 459 261 506 et
276 454 452 507 vocationem
463 469 544 507 suam
557 460 631 507 recte
641 451 772 505 custodit.
788 451 937 505 Tresenim
978 457 1026 506 tur
1040 462 1072 507 ut
1094 455 1254 526 quicunque
1278 472 1328 526 per
1347 455 1536 526 ignorantiam
1556 458 1721 526 peccaverit,
1745 464 1774 513 et

138 546 200 594 sunt
217 541 332 594 ordines
346 543 492 596 Ecclesia:
510 541 665 603 doctorum,
681 539 893 599 continentium.
909 545 937 593 et
977 544 1138 611 cognoverit
1149 551 1257 597 reatum
1274 559 1366 606 suum,
1382 544 1480 598 offerat
1494 561 1545 615 pro
1559 545 1773 602 delictosuoca-

137 630 369 698 conjugatorum
384 647 446 701 qua
460 629 607 701 spcciesin
620 628 710 683 tribus
728 627 794 682 viris
816 629 871 683 illis
889 630 936 684 de·
977 646 1055 700 pram
1071 632 1101 685 in
1118 633 1320 687 holocaustum.
1334 632 1434 702 Capilli
1453 649 1520 703 ergo
1540 632 1671 689 Ecclesiae
1691 635 1774 706 gregi

137 723 300 772 monstmtae
315 725 392 781 sunt,
408 720 476 780 Noe,
489 718 587 773 Daniel
604 724 633 773 et
646 718 707 772 Job.
724 719 784 773 Noe
799 719 874 772 enim
887 719 935 790 qui
976 734 1123 788 capramm
1135 726 1343 791 comparantur,
1356 720 1422 791 quia
1431 721 1530 785 suncti,
1543 721 1593 791 qui
1606 728 1672 777 suut
1682 738 1770 778 mem-

136 806 207 860 inter
220 807 326 861 fluctus
338 823 433 862 arcam
449 807 529 872 rexit,
553 814 664 861 sanctos
678 807 806 862 doctores
824 807 935 877 signill-
975 804 1027 860 bra
1039 807 1177 871 Ecclesiae,
1193 823 1291 863 omnes
1306 815 1400 864 reatus
1414 810 1591 880 cogitationis
1600 827 1659 867 suae
1670 814 1773 885 perdi·

135 895 312 957 cat:Dauiel,
328 896 427 950 caelebs
437 901 467 950 et
478 896 794 960 castuS,continentium
807 896 933 950 ordinem
974 911 1060 966 gnam
1075 896 1269 966 poenitentium
1279 902 1309 951 et
1319 914 1370 968 per
1380 899 1521 970 lacrymas
1534 900 1618 969 justae
1638 916 1773 972 compan-
1857 968 1860 973 .

134 983 274 1054 fignificat
286 1003 293 1050 3
306 984 369 1052 lob,
380 985 428 1056 qui
444 984 666 1039 uxoremhabuit
679 991 707 1040 et
722 985 933 1048 filios,ordinem
973 984 1076 1038 ctionis
1090 985 1184 1038 delere
1198 991 1340 1056 satagunt.
1357 987 1432 1041 Bene
1446 994 1541 1043 autem
1559 987 1594 1042 de
1613 994 1707 1044 monte
1717 991 1773 1045 Ga-

133 1074 353 1144 conjugatorum
368 1073 508 1144 exprimit.
524 1074 597 1144 Ecgo
610 1073 733 1128 Ecclesia
743 1073 872 1128 ordinata
890 1080 934 1129 est
974 1071 1205 1143 laadapparuissc
1213 1074 1354 1129 dicuntur.
1365 1075 1471 1130 Galaad
1484 1076 1772 1148 interpretaturacer-

133 1161 286 1216 sieutacies
300 1167 469 1230 castrorum,
480 1161 547 1232 quia
562 1161 754 1233 unusquisque
763 1162 932 1217 ordoliccle·
972 1177 1024 1215 rus
1036 1162 1199 1216 testimonii.
1211 1163 1333 1234 ldeoque
1344 1179 1394 1234 per
1404 1164 1511 1218 Galaad
1519 1181 1599 1220 mens
1608 1171 1772 1223 sauctorum

132 1250 930 1321 ¹aevelutinuciecontrahostesmalignorumspirituum
973 1249 1146 1319 designetur.
1163 1250 1292 1320 quisunt
1315 1267 1430 1306 acervus
1450 1253 1614 1315 testimonii,
1636 1257 1771 1326 quoniam

132 1338 269 1403 consistit,
285 1338 354 1392 dum
368 1337 457 1392 sancti
471 1338 599 1392 doctores
617 1337 809 1410 praedicationi
832 1343 860 1393 et
880 1339 930 1392 do·
973 1339 1067 1392 omnia
1081 1356 1143 1409 quae
1156 1340 1250 1394 saeculi
1278 1344 1344 1394 sunt
1367 1340 1518 1411 negligere,
1533 1346 1562 1396 et
1574 1342 1665 1397 solum
1678 1345 1771 1401 Deum

132 1427 228 1480 ctrinae
242 1443 359 1497 operam
366 1427 543 1498 impendunt.
556 1427 748 1488 Continentes
761 1443 822 1497 quae
832 1427 930 1481 mundi
972 1426 1132 1481 desiderare
1143 1428 1360 1483 evidentissimis
1378 1433 1530 1483 attestatur
1538 1429 1661 1485 indiciis.
1674 1432 1772 1489 Potest

133 1521 195 1570 mut
210 1521 434 1580 contemnentes,
451 1521 560 1570 tantum
572 1534 632 1588 quae
652 1517 702 1570 Dei
715 1522 781 1570 sunt
794 1518 928 1587 cogitant,
972 1515 1056 1569 etiam
1074 1533 1124 1586 per
1133 1517 1238 1571 Galaad
1254 1518 1314 1589 ipse
1328 1517 1465 1572 Dominus
1477 1524 1506 1571 et
1515 1518 1687 1591 Redemptor
1698 1537 1771 1577 nos-

135 1609 160 1659 et
172 1604 262 1659 libera
279 1605 429 1659 ate-crenis
443 1605 673 1677 occupationibus
687 1613 790 1669 mente,
806 1607 858 1660 soli
872 1608 929 1661 Deo
971 1608 1015 1657 ter
1024 1605 1152 1676 intelligi.
1166 1606 1273 1660 Galaud
1288 1606 1403 1661 enimet
1422 1606 1526 1661 montis
1541 1613 1569 1662 et
1587 1608 1707 1664 civitatis
1717 1627 1771 1665 no·

134 1700 238 1747 racant.
258 1694 408 1764 Conjugati
428 1694 614 1764 eleemosynis
637 1700 665 1748 et
683 1695 791 1748 coeteris
812 1696 930 1750 actualis
941 1709 1036 1769 Buten
1047 1699 1098 1748 est.
1115 1695 1155 1749 De
1171 1702 1265 1749 monte
1278 1711 1345 1766 ergo
1360 1695 1466 1749 (laland
1480 1711 1549 1766 grex
1559 1712 1706 1767 caprarum
1722 1714 1771 1771 ap-

137 1782 192 1836 ritae
205 1782 804 1853 operibusbonisinsistunt,sicqueutuntur
814 1785 928 1851 mundo,
972 1783 1074 1854 paruit,
1100 1784 1167 1854 quia
1182 1784 1304 1839 Ecclesia
1325 1801 1410 1855 super
1423 1784 1565 1838 Christum
1584 1792 1628 1840 est
1640 1785 1767 1848 fundata,

138 1877 166 1926 ut
175 1888 236 1942 quae
248 1873 300 1926 Dei
311 1878 378 1927 sunt
391 1888 448 1927 non
466 1873 606 1926 deserant.
623 1873 687 1927 Haec
702 1889 768 1943 crgo
783 1874 931 1928 ordinatis·
971 1871 1043 1925 sicut
1057 1872 1117 1942 ipse
1126 1872 1194 1925 dicit
1206 1889 1211 1923 :
1225 1892 1237 1923 ι
1252 1873 1316 1926 Non
1328 1877 1420 1943 potest
1429 1872 1527 1927 civitas
1535 1872 1666 1928 abscondi
1682 1891 1769 1946 supra

141 1961 202 2014 ama
215 1961 365 2031 dispositio
392 1961 520 2015 Ecclesiae
548 1961 680 2015 terribilis
710 1967 752 2015 est
775 1964 929 2017 immundis
970 1966 1093 2014 montem
1109 1960 1208 2030 posita.
1226 1960 1315 2030 »lpse
1330 1965 1373 2014 est
1386 1976 1502 2014 acervus
1522 1961 1688 2025 testimonii,
1701 1963 1769 2032 quia

142 2049 283 2119 spiritibus,
296 2051 372 2104 relat
381 2051 455 2104 acies
466 2049 662 2104 castrorumad
672 2049 777 2105 bellum
787 2052 927 2113 ordinata,
969 2048 1121 2103 multitudo
1140 2048 1341 2119 prophetarum
1356 2054 1384 2102 et
1398 2049 1623 2119 patriarcharum
1637 2051 1724 2120 gestis
1738 2056 1768 2107 et

145 2136 195 2192 Sive
210 2139 327 2208 pulchra
339 2146 383 2194 est
394 2139 516 2193 Ecclesia
525 2145 554 2193 et
563 2139 742 2193 decorasicut
753 2139 928 2196 Hierusalem
970 2136 1080 2207 scriptis
1094 2137 1120 2190 ei
1135 2136 1329 2191 testimonium
1343 2136 1501 2207 perbibent.

145 2224 339 2293 invirtutibus3
356 2227 489 2281 terribilis
498 2244 561 2281 vero
569 2235 601 2282 ut
608 2234 762 2282 castrorum
774 2229 929 2284 aciesordi-
1008 2244 1019 2274 r
1032 2225 1136 2279 Dentes
1152 2226 1194 2280 tui
1206 2225 1280 2281 sicut
1291 2242 1392 2296 greges
1402 2227 1571 2297 otiumsquae
1582 2227 1769 2284 111111111111111

146 2322 206 2378 rata,
220 2317 286 2387 quia
301 2316 452 2387 imperium
469 2322 595 2371 suomet
618 2321 784 2386 potestatem
803 2319 927 2388 proferre
969 2312 1004 2367 de
1017 2313 1136 2382 lavacro,
1152 2330 1250 2368 omnes
1266 2313 1393 2383 gemellis
1407 2313 1519 2380 fetibus,
1546 2319 1574 2368 et
1587 2315 1692 2370 sterilis
1711 2333 1768 2372 uon

148 2417 190 2457 aon
198 2410 286 2458 cessat
298 2420 388 2474 usque
403 2404 437 2457 ad
452 2403 586 2457 terminos
598 2403 778 2459 totiusorbis.
795 2405 858 2459 Sive
868 2412 926 2461 ter·
968 2401 1054 2455 estin
1069 2403 1118 2456 eis.
1139 2421 1150 2452 r
1167 2402 1221 2456 Per
1237 2402 1337 2457 dentes
1355 2394 1485 2457 Ecclesiae
1502 2403 1585 2457 flrma
1605 2419 1768 2461 sermonum

149 2491 219 2545 n'bilis
231 2499 274 2547 est
287 2499 320 2547 ut
332 2499 489 2547 castrorum
507 2491 579 2546 acies
594 2492 852 2563 ordinata,quiasic
865 2496 927 2551 uni·
969 2491 1030 2560 ejus
1050 2490 1188 2544 stabilitas
1210 2490 1388 2562 intelligitur.
1401 2492 1456 2556 Qui
1479 2490 1550 2546 bene
1570 2493 1650 2563 gregi
1672 2495 1768 2551 ovium

149 2581 349 2635 tutecharitatis
366 2597 490 2635 connexa
511 2585 553 2634 est
574 2586 601 2635 et
620 2582 778 2650 conjuncta,
799 2588 831 2636 ut
849 2585 927 2639 nulla
968 2584 1167 2649 comparantur
1193 2596 1255 2650 quae
1280 2578 1315 2634 de
1333 2580 1444 2634 lavacro
1476 2581 1675 2648 ascenderunt,
1700 2584 1768 2655 quia

149 2668 281 2740 rimaligni
295 2668 395 2736 hostis,
412 2669 488 2723 nulla
504 2674 581 2740 peste
588 2668 731 2724 discordiae
741 2670 829 2740 possit
841 2688 926 2742 pene·
967 2667 1051 2721 verba
1065 2667 1192 2722 Ecclesiae
1206 2668 1277 2722 nihil
1291 2668 1345 2722 nisi
1357 2667 1546 2723 innocentiam
1553 2676 1582 2723 et
1600 2676 1766 2726 mansuetu-

149 2757 212 2810 hari:
228 2757 300 2811 nihil
315 2757 391 2811 enim
407 2757 447 2812 sic
460 2761 550 2811 terret
568 2757 705 2827 malignos
719 2758 836 2829 spiritus
855 2776 926 2831 quo·
966 2754 1061 2809 dinem
1075 2762 1186 2821 sonant,
1202 2756 1329 2827 nihilque
1338 2756 1368 2810 in
1383 2773 1413 2811 se
1426 2756 1614 2822 foedum,nihil
1630 2764 1713 2831 turpe
1723 2761 1766 2815 vel

149 2846 212 2900 uodo
225 2846 358 2901 charitas.
966 2843 1144 2899 immundum
1156 2846 1288 2909 retinent,
1305 2844 1355 2899 sed
1370 2845 1478 2899 lavacro
1488 2845 1658 2901 sinceritatis
1670 2853 1700 2903 et
1712 2865 1766 2921 pu·

174 2936 294 2989 «duecte
314 2934 410 2989 oculos
425 2940 489 2988 tuos
502 2950 520 2989 a
534 2952 588 3000 me,
606 2935 672 3006 quia
684 2934 737 3007 ipsi
751 2952 797 2991 me
815 2938 926 2993 avolare
934 2982 957 3044 c
966 2933 1058 2988 ritatis
1070 2934 1209 3000 lavantur,
1227 2934 1374 2989 audientes
1394 2933 1429 2988 ab
1450 2935 1604 3005 Apostolo:
1630 2955 1642 2988 ι
1667 2937 1765 2993 Sermo

147 3020 288 3078 iecerunt.»
303 3025 344 3078 Ac
358 3024 382 3077 si
397 3024 521 3078 diceret:
538 3024 595 3095 Ego
605 3025 717 3095 quidem
725 3026 789 3080 dedi
798 3027 850 3081 tibi
857 3044 925 3081 ocu·
966 3023 1058 3077 malus
1069 3039 1102 3077 er
1117 3039 1165 3077 ore
1180 3028 1273 3077 vestro
1293 3039 1350 3077 non
1372 3024 1543 3095 procedat.»
1573 3025 1649 3080 Bene
1669 3031 1766 3082 autem

146 3106 362 3177 bscolumbinos,
379 3112 481 3183 quibus
498 3129 543 3167 me
552 3113 657 3167 intueri
672 3121 700 3168 et
725 3131 828 3170 arcana
853 3115 925 3170 Scri-
966 3127 1063 3167 omnes
1077 3112 1206 3182 gemellis
1218 3112 1321 3178 fetibus
1344 3129 1406 3167 esse
1428 3113 1570 3180 dicuntur,
1583 3114 1651 3185 quia
1672 3132 1765 3171 sermo

145 3204 274 3271 pturamm
281 3201 445 3256 acutissime
455 3207 603 3272 penetrare
612 3202 789 3270 valeres3eed
806 3220 872 3259 cave
888 3222 924 3260 ne
965 3206 1127 3254 sanctorum
1139 3199 1209 3254 nihil
1223 3199 1300 3254 aliud
1314 3204 1457 3255 sonatnec
1467 3201 1602 3272 loquitur,
1619 3202 1673 3256 nisi
1689 3202 1765 3274 quod

144 3284 233 3344 illosad
249 3306 296 3344 me
319 3290 470 3344 ridendum
495 3291 577 3345 modo
599 3291 744 3346 intendere
766 3293 841 3357 velis,
859 3295 925 3365 quia
966 3289 1001 3342 ad
1016 3288 1194 3343 dilectionem
1205 3288 1255 3342 Dei
1265 3289 1420 3360 etproximi
1434 3290 1566 3360 pertinet.
1580 3289 1763 3346 Solummodo

143 3373 196 3432 ium
209 3379 381 3449 inpraesenti
395 3379 471 3443 vicis,
489 3395 544 3433 non
555 3385 634 3449 potes
648 3393 654 3427 τ
665 3398 678 3432 c
689 3380 716 3434 N
718 3397 754 3434 on
762 3382 837 3435 enim
849 3382 925 3436 vide·
965 3376 1042 3431 enim
1053 3393 1087 3430 eu
1100 3376 1189 3431 sancti
1199 3377 1275 3447 loqui
1289 3376 1514 3447 debentquaeud
1525 3384 1690 3449 perpetuam
1700 3393 1765 3432 cor-

144 3461 221 3521 bitmc
234 3468 321 3522 horno
335 3475 363 3522 et
381 3467 461 3521 viret.
478 3485 491 3519 a
510 3468 579 3522 Cum
592 3473 686 3522 autem
704 3469 819 3524 vinculis
831 3471 924 3524 carnis
966 3480 1065 3536 porum
1077 3471 1106 3519 et
1119 3464 1277 3519 animarum
1292 3465 1453 3536 pertineant
1467 3468 1629 3522 sanitatem.

142 3552 255 3610 tbsoluta
268 3556 304 3610 ad
315 3556 488 3615 memneris,
501 3562 568 3610 tunc
585 3573 629 3610 me
645 3563 744 3626 apertu
754 3558 859 3612 visione
882 3559 924 3613 vi·
1004 3553 1107 3607 «Sicut
1121 3559 1215 3607 cortex
1231 3553 1295 3606 mali
1310 3554 1413 3624 punici.
1430 3553 1470 3607 sic
1483 3569 1562 3624 genae
1578 3560 1634 3609 tuae
1654 3555 1762 3628 absque

142 3640 213 3706 dctis,
225 3651 255 3700 cc
265 3644 427 3716 implebitur
440 3645 513 3715 quod
530 3645 557 3698 in
569 3645 718 3714 Evangelio
728 3647 922 3716 promittitur:
965 3640 1080 3696 occultis
1090 3640 1156 3694 tuis.
1174 3642 1230 3695 »ln
1241 3640 1449 3710 genisdiximus
1462 3641 1763 3711 superiussanctorum

142 3733 212 3796 «Qut
226 3740 324 3788 autem
339 3733 433 3802 diligit
449 3748 504 3797 me,
521 3733 655 3803 diligetur
668 3750 686 3787 a
702 3734 786 3788 Putre
801 3752 873 3797 meo,
895 3743 924 3791 et
965 3735 1071 3785 castam
1082 3728 1276 3783 verecundiam
1284 3729 1415 3798 figurari,
1426 3729 1455 3782 in
1463 3729 1568 3802 vcortice
1577 3730 1644 3785 mali
1652 3733 1759 3802 punici,

143 3823 308 3893 endingen
321 3838 395 3884 eum,
408 3828 437 3876 et
446 3821 629 3876 manifestabo
639 3822 836 3893 eimeipsum.»
842 3824 923 3888 Quod
965 3818 1131 3888 mysterium
1144 3817 1282 3888 passionis
1290 3816 1404 3882 christi,
1413 3817 1560 3872 audientes
1571 3833 1589 3871 a
1599 3817 1686 3873 Paulo
1696 3835 1764 3890 apo-

144 3916 219 3963 num
233 3911 347 3972 dicitur,
361 3931 372 3960 ι
385 3909 457 3975 Quia
465 3911 519 3981 ipsi
530 3926 575 3964 me
585 3910 695 3965 avolare
705 3911 922 3974 fecerunt-non
965 3908 1050 3961 stolo:
1068 3905 1133 3959 Noli
1147 3905 1312 3959 erubescere
1326 3920 1438 3958 crucem
1463 3904 1577 3970 christi,
1603 3921 1694 3977 neque
1717 3923 1764 3962 me

145 4003 176 4050 ut
186 3999 337 4069 putandum
352 3999 426 4069 quod
440 3999 515 4053 Deus
529 4004 687 4069 quaerentes
708 4016 738 4055 se
758 4000 879 4067 deserat,
895 4008 923 4055 et
965 3993 1169 4062 111111111111111111·
1187 3992 1296 4046 [1111111
1310 3991 1424 4062 (1111111111
1440 3999 1633 4062 1111811111111,
1650 4009 1711 4064 (11111
1732 3994 1763 4048 111

146 4082 229 4141 thillis
250 4088 374 4142 recedat.
391 4102 454 4140 cum
469 4087 529 4156 ipse
545 4088 702 4159 praecipiat:
717 4108 728 4139 ι
748 4088 869 4152 Quaer'ne
893 4094 921 4144 et
965 4088 1062 4155 aperto
1076 4087 1160 4147 sunt3
1177 4081 1762 4153 maximeverosuutillaquaesuntintrin·

147 4167 281 4241 iureuietis,
296 4195 309 4229 a
326 4175 375 4229 sed
386 4175 525 4247 itapotius
535 4176 808 4247 accipiendum,quia
818 4185 922 4247 quanto
964 4188 1054 4233 secus,
1070 4173 1123 4225 hoc
1137 4177 1180 4227 est
1193 4187 1253 4241 quae
1267 4171 1297 4224 in
1311 4171 1406 4226 futuro
1419 4172 1524 4225 sanctis
1537 4176 1725 4227 reservantur.

148 4263 245 4332 mplius
257 4265 376 4334 quisque
391 4263 564 4319 divinitatem
574 4264 958 4352 majestatisDeiperscru·D
999 4282 1012 4313 c
1030 4261 1181 4331 Sexaginta
1193 4267 1259 4314 sunt
1268 4261 1417 4331 reginae.et
1426 4260 1567 4330 octaginta
1586 4259 1759 4327 concubium,

99 4362 101 4397 ε
150 4349 188 4402 tari
199 4353 359 4418 voluerit,eo
374 4353 495 4424 amplius
507 4353 641 4423 intelligit
655 4370 739 4424 quam
754 4354 920 4424 imperscru·
963 4349 1272 4405 etadolescentularum
1282 4353 1386 4404 nonest
1396 4364 1558 4403 numerus.»
1571 4349 1686 4420 Reginae
1696 4357 1763 4405 sunt

99 4498 101 4515 ἰ
151 4437 221 4494 ubilis
233 4447 319 4513 atque
332 4441 622 4513 incomprehensibilis
636 4442 719 4497 sitm
732 4442 783 4496 hoc
794 4445 920 4514 estquod
962 4439 1090 4493 doctores
1104 4444 1207 4492 sanctae
1221 4437 1359 4503 Ecclesiae,
1377 4437 1426 4508 qui
1439 4437 1540 4491 merito
1556 4438 1622 4492 fidei
1631 4445 1661 4493 et
1670 4439 1761 4493 scien·

99 4532 102 4593 !
151 4519 277 4584 Puluista
286 4530 355 4585 dicit
371 4548 377 4583 :
395 4551 407 4582 ι
424 4531 636 4586 decedethomo
652 4531 687 4585 ad
708 4546 757 4584 cor
776 4531 876 4593 altum,
894 4536 922 4585 et
962 4528 1009 4583 tiae
1022 4527 1105 4581 thoro
1120 4525 1195 4596 regis
1207 4525 1306 4580 aeterni
1324 4525 1525 4597 propinquant,
1545 4531 1574 4580 et
1597 4525 1759 4597 spirituales

99 4618 102 4697 l
151 4616 295 4674 ualtabitur
309 4620 394 4674 Deus.
413 4638 424 4670 ι
441 4621 480 4674 Ac
504 4619 528 4673 si
551 4619 675 4673 diceret:
691 4620 770 4675 Licet
783 4620 867 4674 homo
885 4621 921 4674 ad
962 4616 1020 4671 Deo
1036 4616 1108 4670 filios
1123 4616 1243 4687 pariunt·
1259 4615 1463 4685 Sexagenarius
1476 4629 1612 4668 numerus
1624 4630 1658 4667 ex
1672 4614 1760 4668 dena·

99 4722 103 4777 q
149 4701 275 4763 mendum
303 4708 393 4763 Deum
419 4723 467 4762 cor
485 4707 621 4769 sublevet,
648 4708 826 4772 exaltabitur,
854 4709 920 4780 quia
962 4702 1761 4775 rioetsenarioperficitur.Denariusenimpersenarium

99 4786 101 4817 ³
147 4797 302 4861 mutassis
325 4797 525 4866 comprehendi
540 4813 597 4851 non
612 4802 711 4868 potest.
730 4815 743 4851 c
759 4798 858 4869 Capilli
877 4800 919 4854 tui
960 4794 1172 4866 multiplicatus,
1181 4793 1210 4846 in
1220 4788 1757 4862 sexagenariumconsurgitEtdenario

145 4879 200 4936 dut
206 4901 272 4955 grex
284 4900 445 4957 caprarum,
456 4902 517 4956 quae
528 4892 720 4955 apparuerunt
732 4886 767 4938 de
782 4887 916 4940 Galaad.»
959 4884 1155 4955 significantur
1165 4881 1259 4936 divina
1271 4885 1418 4951 precepta,
1428 4878 1758 4949 propterdeealogumle·

141 4964 169 5023 li
180 4974 301 5028 versiculi
314 4975 445 5045 superius
457 4974 574 5043 expositi
589 4979 665 5038 sunt,
681 4974 730 5027 sed
745 4991 802 5029 non
825 4975 920 5045 pigeat
959 4973 1003 5042 gis
1015 4990 1022 5039 ;
1034 4970 1161 5026 senarius
1175 4985 1239 5024 vero
1253 4984 1303 5039 pro
1318 4967 1488 5037 perfectione
1505 4966 1704 5037 ponitur,quia
1712 4983 1762 5022 sex

139 5054 223 5116 iterato
236 5079 387 5134 exponere,
396 5078 465 5132 quos
475 5078 529 5115 non
540 5060 631 5132 piguit
645 5061 780 5132 Spiritum
791 5071 918 5117 sanctum
960 5060 1059 5114 diebus
1070 5059 1185 5130 perfecit
1199 5058 1273 5111 Deus
1288 5072 1373 5126 opera
1383 5071 1443 5110 sua.
1466 5055 1579 5125 Regina
1593 5071 1661 5126 ergo
1683 5071 1763 5110 sexa-

135 5155 257 5220 ttpetere.
274 5151 341 5206 ldeo
358 5149 433 5204 enim
453 5148 495 5203 bis
514 5149 581 5202 istos
604 5148 753 5203 versiculos
771 5150 873 5219 posuit,
888 5156 920 5204 ut
959 5149 1039 5218 ginta
1049 5165 1111 5201 csse
1125 5145 1394 5215 dicuntunquiaeos
1409 5143 1615 5214 significant,ut
1625 5144 1758 5214 diximus,

132 5240 307 5295 certissimum
320 5245 351 5293 et
365 5237 466 5292 stabile
477 5245 637 5291 teneremus
649 5238 723 5308 quod
744 5237 795 5293 sub
815 5239 919 5308 repeti·
961 5237 1008 5307 qui
1024 5236 1192 5307 perfectione
1208 5233 1330 5288 scientie
1341 5243 1370 5287 et
1379 5233 1470 5304 operis
1483 5233 1632 5303 pollent,et
1646 5240 1762 5305 propter

130 5325 198 5381 tione
208 5328 369 5383 confirmari
390 5326 561 5380 audiremus.
581 5327 680 5396 Capilli
707 5326 832 5381 Ecrlesiae
856 5344 919 5381 san·
959 5324 1049 5379 solum
1064 5340 1187 5377 amorem
1205 5323 1364 5377 conditoris
1378 5322 1422 5376 sui
1438 5328 1466 5375 et
1480 5321 1617 5376 intuitum
1634 5339 1762 5394 supernae

126 5424 182 5477 tlte,
197 5419 366 5490 multiplices
380 5421 449 5470 sunt
462 5414 608 5469 subtilium
619 5416 820 5485 cogitationum
832 5417 919 5469 varie·
960 5412 1194 5468 remunerationis
1215 5412 1376 5483 pradicant.
1395 5412 1445 5465 llic
1462 5411 1548 5465 etiarn
1571 5427 1714 5471 numerus.
1734 5409 1762 5463 id

125 5508 190 5562 tate.
204 5505 239 5561 Et
260 5507 334 5561 bene
350 5509 552 5575 comparantur
574 5504 653 5574 gregi
676 5520 834 5574 caprarum,
853 5520 918 5558 narn
960 5509 1005 5557 ost
1026 5501 1236 5572 sexagenarius,
1253 5519 1287 5557 ex
1308 5499 1484 5556 duodenario
1511 5499 1660 5571 quinquies
1678 5497 1763 5552 ducto
