3818 6104
128 234 199 307 atat
337 241 527 300 arraonrs
545 230 790 296 umnansrnr.
811 226 925 293 anso.
952 226 1032 294 aar.
1052 224 1146 296 enas
1164 226 1187 296 t.
1211 256 1244 281 ὲ
1263 231 1449 299 baltasar.
1470 242 1565 300 area.
1705 235 1771 301 rial

17 360 22 366 ’
128 371 404 443 homoprocessurus
417 367 452 423 ad
469 364 663 440 publicum,ut
676 364 761 418 iaciat
775 378 933 418 sermonem
942 375 964 430 Α
975 362 1076 436 repleti
1091 364 1174 420 verbo
1195 366 1348 437 sapientia.
1367 366 1421 421 Sed
1447 364 1515 437 quia
1542 359 1699 418 absurdum
1717 372 1771 419 era.

129 458 165 514 ad
178 457 324 532 populum,
341 459 389 530 qui
403 457 481 529 prius
495 456 622 510 residens
647 453 755 523 colligit
776 469 838 506 sese
860 453 934 505 intra
975 452 1068 507 dicere
1083 455 1232 525 minusque
1252 454 1420 508 conveniens
1438 471 1444 506 :
1462 453 1557 508 Unum
1578 451 1688 506 animal
1703 449 1773 506 dedit

129 549 264 620 seipsum,
276 547 438 602 meditando
449 545 581 616 qualiter,
589 542 691 614 quibus
701 540 876 613 etquomodo
888 540 934 593 de·
975 547 1082 612 septem
1099 543 1205 613 angelis
1218 549 1325 613 septem
1341 542 1465 613 angelos,
1478 540 1600 596 variavit
1609 552 1773 603 sermonem,

129 635 196 691 beat
208 637 294 709 loqui,
311 636 432 708 qualiter
445 634 577 687 inchoare
592 647 760 694 sermonem,
780 629 933 702 qualiterve
974 628 1070 685 dicens
1085 650 1090 684 :
1105 631 1197 686 Unum
1213 630 1318 685 animai
1332 632 1410 685 dedit
1422 634 1532 702 septem
1546 626 1659 699 augelis
1674 636 1775 699 septem

130 724 224 781 finire.
237 725 306 779 Ecce
314 723 381 779 dum
392 722 432 778 ita
440 720 515 776 intra
526 726 665 776 secretum
677 719 780 774 mentis
791 735 847 773 suae
856 717 934 771 inha·
974 718 1093 790 phialas.
1112 720 1158 774 l'ei
1171 720 1256 773 etiam
1271 737 1321 792 per
1332 713 1407 774 istud
1417 716 1534 783 animal,
1546 717 1624 789 quod
1635 716 1715 771 dedit
1722 732 1777 786 sep·

131 813 213 880 bitat,
225 811 305 884 quasi
317 811 461 883 intemplo
471 816 608 865 moratur.
620 811 689 864 Cum
702 815 796 862 autem
809 805 934 878 procedit
974 813 1032 862 tem
1048 807 1155 878 angelis
1177 815 1284 880 septem
1306 807 1422 880 phialas,
1445 816 1600 879 possamus
1623 804 1776 874 intelligere

130 903 167 958 ad
178 898 396 974 praedicandum,
410 905 441 954 et
456 917 489 954 ea
502 917 563 970 quae
574 903 668 953 mente
685 900 864 961 tractaverat,
881 910 934 965 pu·
976 895 1102 950 ordinem
1117 893 1280 963 electorum,
1291 896 1489 968 Apostolorum
1501 890 1611 950 scilicet
1627 899 1656 948 et
1667 899 1776 948 cetero·

130 989 202 1045 biice
212 989 327 1065 profert,
342 987 423 1061 quasi
435 1007 451 1043 a
461 989 579 1060 templo,
590 986 671 1041 idest
683 1004 700 1040 a
712 991 819 1040 secreto
832 983 934 1037 mentis
974 995 1048 1052 ram,
1063 985 1182 1059 quisuis
1197 983 1362 1057 sequacibus
1383 985 1523 1040 dederunt
1547 981 1670 1055 phialas,
1688 978 1717 1036 ld
1739 981 1777 1035 eet

132 1088 191 1134 saae
201 1078 276 1133 foras
285 1079 439 1149 egreditar.
453 1079 544 1132 Vestiti
555 1077 644 1145 lapide
657 1076 761 1129 rasindo
771 1079 794 1127 et
805 1072 932 1127 candido.
975 1074 1098 1129 divinam
1111 1075 1339 1147 praedicationem
1349 1069 1563 1136 commiserunt,
1579 1072 1716 1143 quoniam
1726 1083 1777 1125 uon

130 1164 165 1222 Id
173 1170 217 1221 est
225 1167 317 1222 ornati
323 1175 351 1222 et
359 1164 590 1221 amictiDominoJ
594 1159 932 1231 esactnisto.juxtaillud,
975 1161 1348 1234 s'oiumeosbaptizaverant,
1359 1163 1408 1216 sed
1422 1161 1508 1216 etiam
1525 1159 1739 1224 ordinaverunt,
1753 1165 1777 1214 et

132 1249 932 1325 Omanaqaibaptizotiestts,Cbristarninduistis(Gallai-
975 1251 1133 1307 iaiocosuo
1143 1252 1385 1314 sederefecerunt,
1398 1251 1579 1305 sicutPetras
1589 1248 1771 1315 Clementem,

131 1344 185 1409 Qui
194 1342 265 1398 bene
274 1340 347 1416 lapis
357 1344 470 1403 dicitur,
481 1359 536 1413 qao
546 1341 627 1396 electi
637 1339 857 1399 circumdantur,
866 1337 933 1407 quia
973 1341 1073 1396 Linum
1089 1348 1173 1413 atque
1189 1342 1298 1396 Cletum
1315 1360 1321 1394 :
1339 1339 1440 1413 quibus
1455 1339 1541 1394 etiam
1556 1343 1730 1410 potestatem
1742 1336 1773 1391 li'·

131 1447 231 1487 murus
242 1428 869 1502 estimpenetrabilis..lfunduS,quiapeccatam
878 1441 932 1479 non
972 1429 1057 1499 gandi
1071 1437 1155 1501 atque
1166 1428 1290 1484 solvendi
1303 1445 1387 1501 quarn
1403 1445 1418 1483 a
1432 1422 1552 1484 Domino
1564 1426 1704 1500 percepit,
1719 1432 1772 1481 tra-

131 1512 932 1590 jtcitmecinvcnturestdotastnercejus(IPrt-r.1t).(landi
973 1518 1055 1588 didit,
1071 1524 1100 1573 et
1121 1519 1151 1572 in
1174 1517 1308 1573 cathedra
1332 1535 1384 1572 sua
1405 1511 1504 1572 sedere
1524 1516 1681 1587 compulit;
1699 1513 1773 1580 Quod

132 1613 258 1674 vocatur,
276 1608 342 1678 quia
359 1607 464 1661 candor
478 1613 521 1661 est
539 1605 609 1660 lucis
627 1611 747 1669 aeternae,
764 1607 792 1658 et
806 1603 853 1657 lar
868 1618 933 1656 vera
974 1606 1059 1660 etiam
1076 1607 1200 1679 quotidie
1216 1607 1319 1678 agitur,
1336 1622 1401 1661 cum
1416 1622 1465 1678 per
1483 1604 1700 1677 impositionem
1718 1618 1771 1658 ma·

134 1711 196 1770 quae
206 1696 349 1752 illuminat
363 1711 475 1751 omnem
490 1696 631 1749 hominem
647 1695 805 1749 venientem
820 1693 848 1746 in
858 1693 933 1746 hanc
942 1691 965 1751 B
975 1707 1062 1748 nuum
1074 1695 1102 1749 in
1113 1693 1271 1750 civitatibus
1280 1696 1413 1767 praesules
1424 1694 1586 1749 animarum
1599 1693 1773 1748 constituam

131 1787 279 1842 mandam.
292 1785 354 1853 Vel,
366 1787 388 1840 si
400 1787 536 1856 legamus,
546 1782 648 1838 Vestiti
659 1781 799 1854 lapidibus
810 1781 931 1849 mundis,
974 1788 1029 1838 ttir·
1041 1784 1116 1838 Βθηε
1131 1787 1227 1838 autem
1250 1783 1350 1856 phialae
1362 1800 1432 1855 quas
1448 1782 1602 1853 accipiunt,
1617 1796 1713 1835 aureae
1727 1776 1772 1834 de·

133 1874 207 1932 slcut
220 1875 250 1929 in
265 1873 434 1946 quibusdam
450 1873 592 1928 codicibus
607 1871 757 1937 invenitur,
769 1887 820 1942 per
832 1870 883 1924 hos
895 1866 934 1922 ia·
975 1872 1145 1927 scribuntur.
1160 1873 1232 1936 Quia
1253 1878 1285 1926 ut
1298 1870 1504 1944 praedicationis
1518 1866 1646 1925 officium
1661 1869 1773 1941 implere

132 1965 213 2036 pides
234 1964 419 2034 designantur
443 1963 582 2018 virtutes:
599 1971 663 2033 spes
689 1959 824 2025 videlicet,
853 1958 930 2020 fides,
975 1962 1084 2032 possint
1096 1958 1206 2016 coeiitus
1219 1958 1362 2033 sapientiae
1382 1959 1491 2031 fulgore
1514 1958 1709 2013 illustrantur·
1724 1949 1773 2012 Sed

135 2053 268 2116 charitas
285 2053 410 2118 castitaS,
423 2052 578 2118 humilitas,
594 2055 623 2104 et
643 2055 745 2104 caetera
760 2047 932 2119 hujusmodi,
975 2067 1038 2104 cam
1054 2049 1183 2122 superius
1200 2050 1234 2104 de
1250 2049 1407 2104 senioribus
1422 2048 1534 2114 dixerit,
1549 2047 1627 2118 quod
1637 2047 1774 2101 habehant

136 2141 239 2214 quibus
250 2144 388 2196 ornantur
394 2141 499 2195 fideles.
511 2139 574 2194 Alia
582 2137 730 2193 translatio
740 2137 834 2199 habet,
844 2137 933 2190 Vastiti
974 2141 1185 2213 phiulusplenas
1192 2139 1392 2204 odoramentis,
1402 2138 1467 2210 quid
1475 2142 1519 2192 est
1530 2138 1608 2209 quod
1618 2137 1667 2191 hic
1677 2134 1774 2191 dicitur

134 2232 193 2285 lino
202 2232 316 2296 munda,
327 2244 377 2301 per
386 2224 461 2300 quod
472 2229 578 2300 puritas
592 2228 655 2280 vitre
667 2233 696 2281 et
709 2224 876 2279 innocentiae
886 2240 933 2277 ca·
974 2229 1010 2283 de
1025 2229 1143 2300 angelis,
1159 2228 1232 2300 quod
1247 2232 1414 2298 acceperunt
1429 2231 1537 2297 septem
1553 2222 1667 2297 phialas
1683 2225 1772 2296 plenas

133 2316 217 2373 stitas
231 2313 410 2386 intelligitur.
425 2317 497 2369 Nara
513 2314 599 2369 linum
616 2319 739 2368 exterra
755 2312 888 2376 nascitur,
906 2315 934 2364 et
975 2318 1122 2371 iracundia
1136 2316 1185 2371 Dei
1209 2317 1326 2372 viventis
1355 2315 1384 2369 in
1397 2311 1499 2370 saecuia
1513 2310 1708 2369 saeculorumi
1722 2311 1773 2384 Ipsi

133 2403 224 2461 multo
243 2401 339 2459 labore
358 2405 392 2458 ad
413 2404 561 2458 candorem
587 2402 741 2456 venustatis
759 2399 932 2472 perducitur,
975 2407 1050 2461 enim
1065 2410 1131 2459 sunt
1145 2404 1248 2475 angeli,
1265 2405 1313 2475 qui
1327 2410 1354 2458 et
1373 2402 1508 2470 seniores,
1525 2404 1594 2474 quia
1608 2400 1773 2457 videlicetin

134 2493 201 2566 qaia
214 2490 344 2548 videlicet
359 2491 475 2546 castitas
489 2490 547 2545 sive
561 2492 617 2546 vita
630 2507 702 2562 pura
717 2507 780 2545 eum
791 2489 879 2543 multo
890 2489 932 2543 la·
974 2511 1072 2550 eorum
1081 2495 1209 2548 doctrina
1219 2500 1248 2548 et
1257 2492 1388 2564 plenaest
1399 2492 1553 2547 electorum
1563 2489 1774 2564 salus,etpicaa

132 2582 201 2638 bare
215 2573 472 2637 etmortiflcaiione
491 2581 584 2635 carnis
599 2578 763 2651 acquiritur.
779 2574 932 2632 Dehisve·
975 2587 1018 2637 est
1042 2584 1225 2651 reproborum
1241 2581 1383 2636 damnatio
1398 2579 1514 2635 etunde
1533 2576 1579 2634 illi
1597 2574 1698 2648 vitam,
1713 2578 1774 2635 inde

133 2668 409 2727 alimentisSalomon
417 2668 933 2737 dicit:omnitemporerr'ntuastiraanta
975 2670 1022 2725 isti
1032 2669 1174 2742 accipiunt
1183 2674 1313 2725 mortem.
1327 2666 1406 2725 Unde
1418 2664 1570 2740 Apostolus
1580 2684 1586 2717 :
1597 2669 1673 2723 Aliis
1683 2685 1774 2723 sumus

134 2764 184 2816 tria
194 2760 314 2815 candida
322 2756 536 2830 (Eoritai-lit
545 2758 688 2826 precincti
696 2758 732 2810 ad
739 2761 849 2824 pectora
857 2757 934 2808 zonis
975 2749 1042 2816 odor
1053 2764 1113 2815 vita
1129 2763 1161 2814 in
1171 2761 1268 2826 vitum,
1282 2760 1347 2814 uitis
1363 2758 1430 2814 odor
1448 2758 1547 2813 rnoriis
1564 2758 1595 2810 in
1610 2763 1731 2812 mortem
1742 2754 1777 2827 (li

133 2850 238 2903 atreis.
254 2848 309 2902 Per
322 2862 422 2902 aonam
437 2862 493 2918 qua
512 2840 757 2917 precingebantur
771 2856 869 2898 eorum
884 2859 934 2914 pe·
976 2849 1036 2905 our.
1055 2850 1096 2918 n),
1118 2847 1189 2904 Hinc
1204 2848 1310 2923 etenim
1330 2847 1390 2919 ipse
1404 2844 1542 2903 Dominus
1557 2844 1730 2918 quibusdam
1747 2845 1775 2900 in

136 2942 225 3004 ctora,
236 2934 379 2991 vinculum
394 2935 531 2990 castitatis
541 2935 707 3001 ostenditur,
719 2937 747 2987 et
760 2931 935 3003 significatur
974 2937 1088 2992 ruinam
1111 2937 1218 3009 positus
1252 2937 1365 3004 dicitur,
1391 2932 1562 3010 quibusdam
1591 2935 1625 2990 in
1652 2951 1774 2990 rasum·

136 3039 188 3097 per
201 3026 264 3092 hoc,
279 3027 346 3097 quia
358 3022 388 3079 in
401 3024 478 3079 Novo
490 3024 670 3079 Testamenta
687 3039 742 3077 non
756 3023 846 3076 solum
862 3037 932 3092 opus
942 3005 964 3065 G
975 3028 1111 3085 ctionem,

134 3113 268 3179 libidinis,
283 3112 332 3168 sed
342 3111 428 3168 etiarn
439 3112 500 3184 ipsa
508 3112 688 3182 restringitur
697 3110 829 3182 cogitatio
838 3111 933 3180 vigore
1009 3115 1043 3171 Et
1059 3119 1203 3184 impletam
1217 3118 1254 3169 cst
1271 3113 1402 3185 templum
1416 3119 1495 3182 turno
1505 3130 1524 3167 a
1534 3115 1682 3184 ntajcstatc'
1697 3109 1773 3170 ficiet

136 3202 248 3255 mentis.
260 3201 349 3255 Vetus
359 3200 434 3255 eninr
443 3202 527 3256 dicit:
541 3200 596 3266 Qui
610 3200 779 3254 adulterium
789 3198 932 3254 commise·
974 3205 1114 3258 dauirtato
1122 3203 1341 3275 perimpium
1351 3200 1439 3258 inhoc
1447 3198 1661 3274 iocosignihcat
1668 3202 1774 3257 infirma

134 3289 184 3355 rit,
195 3287 329 3360 puniatur
340 3303 345 3337 ε
355 3289 464 3343 Novum
475 3305 540 3343 vero
552 3307 557 3340 z
572 3291 625 3355 Oai
633 3290 732 3341 uiderit
743 3288 888 3341 attollerem
898 3288 935 3341 ad
975 3292 1060 3347 corda
1071 3290 1240 3363 simplicium
1252 3290 1379 3357 fratrum,
1393 3289 1495 3364 quibus
1509 3289 1652 3361 iniustum
1670 3284 1774 3346 videbar

134 3376 383 3445 concupiscendam
393 3391 462 3439 eam,
471 3379 534 3444 jara
544 3377 690 3429 trachatur
700 3380 738 3428 cst
747 3392 807 3428 earn
815 3378 846 3428 in
856 3374 934 3428 cordo
976 3382 1051 3452 quud
1059 3383 1134 3438 Deus
1144 3382 1322 3452 omnipotens
1327 3380 1461 3454 reprobos
1473 3380 1565 3435 inhac
1577 3376 1773 3454 uitupermittit

134 3481 185 3520 suo
201 3464 309 3534 (hotta.
324 3467 361 3533 v).
373 3463 425 3518 Vel
439 3470 514 3518 certe
529 3480 580 3536 per
593 3480 692 3517 zonam
707 3479 822 3516 auream
839 3462 934 3516 vincu-
975 3484 1104 3541 regnare,
1121 3476 1149 3524 et
1161 3471 1237 3524 omni
1252 3468 1357 3525 honore
1369 3474 1399 3522 et
1411 3467 1515 3522 divitiis
1529 3486 1564 3523 ac
1577 3470 1702 3524 sanitate
1715 3486 1772 3523 cor-

133 3554 194 3609 iam
209 3548 356 3608 charitatis
372 3550 549 3622 intelligitur,
566 3552 632 3622 quin
651 3550 740 3603 sancti
762 3566 816 3603 non
833 3548 933 3602 timore
975 3559 1051 3629 poris
1069 3560 1174 3629 vigum,
1191 3565 1219 3613 et
1233 3563 1340 3627 cuutru,
1352 3561 1464 3634 sanctos
1478 3572 1546 3611 suos
1562 3559 1674 3627 patitur
1687 3556 1772 3612 cruci-

133 3639 301 3713 poenali,scd
312 3656 362 3711 per
369 3641 535 3694 charitatem
546 3639 701 3694 seinvicem
710 3638 827 3693 soloilei
838 3653 934 3691 amore
975 3646 1032 3717 figi,
1043 3647 1304 3718 rupium-gustum,
1315 3651 1341 3700 et
1352 3662 1402 3717 per
1413 3647 1490 3700 vanu
1500 3652 1771 3719 tuumeuiupraesuu.

132 3730 287 3801 stringunt.
298 3731 361 3784 Sive
371 3731 457 3783 etiam
468 3746 518 3800 per
529 3745 614 3783 zonas
624 3744 724 3782 aureas
743 3724 881 3798 sapientia
893 3727 934 3782 si·
974 3740 1032 3790 tum
1043 3735 1128 3790 vitum
1139 3737 1230 3800 finire,
1239 3752 1330 3807 nuque
1339 3750 1464 3806 unquam
1476 3742 1599 3806 possunt
1608 3734 1771 3808 iupraesenti

133 3819 294 3891 gnificatur,
302 3818 337 3873 de
352 3834 408 3890 qua
416 3819 552 3891 scriptum
563 3824 619 3872 est:
630 3817 754 3888 Accipite
764 3816 932 3887 sapientiam
973 3824 1030 3878 unu
1038 3823 1160 3896 quietem
1170 3817 1284 3892 habere,
1295 3824 1368 3880 sicut
1378 3820 1454 3878 verbi
1463 3824 1572 3895 gratia:
1581 3815 1769 3896 Neroimpiis·

133 3907 207 3962 sicut
220 3918 332 3962 aurum.
347 3901 422 3961 Zona
436 3924 523 3962 aurea
537 3908 689 3978 cingantur
704 3902 869 3978 angelorum
883 3923 932 3977 pe·
973 3913 1062 3969 simus
1077 3913 1240 3986 imperator,
1256 3913 1400 3984 quietiam
1414 3910 1575 3968 masculum
1594 3913 1769 3968 convertitin

132 4000 221 4063 ctara,
236 3995 303 4068 quia
314 4012 437 4069 superna
450 3996 589 4068 sapientia
610 3996 755 4067 replentur
780 3995 932 4050 electorum
973 4019 1098 4069 uxorem,
1110 4009 1139 4057 ot
1147 3996 1306 4074 imperabat
1315 4003 1368 4056 toti
1379 4000 1557 4057 orbi.Petrus
1567 4019 1635 4058 vero
1644 4004 1766 4075 princeps

131 4083 227 4156 eorda,
240 4085 306 4156 quia
320 4089 348 4140 et
358 4085 411 4157 ipsi
420 4085 508 4141 ileum
516 4085 622 4156 iugiter
635 4082 761 4153 laudant,
774 4089 803 4139 et
811 4083 881 4138 alios
896 4077 933 4138 ad
973 4092 1098 4146 omnium
1110 4091 1310 4162 apostolorum,
1323 4090 1358 4146 ab
1369 4106 1401 4145 ea
1411 4082 1506 4145 tentus
1517 4096 1601 4146 estet
1611 4092 1764 4148 crucifixas.

133 4171 308 4255 laudandum
322 4174 483 4246 provocant.
972 4180 1077 4234 Paulus
1085 4180 1169 4234 etiam
1178 4179 1212 4233 ab
1223 4179 1416 4235 eodecoilatus
1426 4181 1765 4252 estpoteromuiumgea·

168 4258 202 4316 at
218 4276 308 4316 unum
323 4280 355 4316 cr
367 4265 488 4332 quotuor
499 4261 670 4331 anirnab'bus
683 4261 756 4318 (ledit
768 4271 867 4335 septam
882 4281 932 4318 aa·
971 4267 1054 4330 tium,
1070 4269 1117 4338 qui
1131 4269 1195 4340 pias
1214 4266 1500 4323 omnibuslaboravit.
1515 4265 1765 4341 Fumussigriiticat

134 4343 202 4417 utils
218 4355 317 4419 septam
333 4349 444 4418 plviotos
467 4354 687 4419 admonitiones
712 4355 860 4407 iracundia
882 4355 931 4407 liei
972 4357 1125 4411 cecitatem
1140 4356 1382 4428 ignorantique
1406 4355 1553 4427 replentur
1570 4357 1763 4413 taliumcorda

132 4438 251 4496 attacoris
262 4439 396 4492 insaecula
405 4440 717 4511 seculorumsuperius
727 4442 845 4511 legimus
855 4436 930 4513 quod
971 4446 1139 4513 infidelium,
1151 4447 1198 4518 qai
1213 4445 1341 4501 nesciunt
1351 4445 1529 4503 considerare
1538 4447 1616 4517 quod
1629 4447 1703 4503 Deus
1714 4437 1764 4501 illis

131 4519 233 4582 viderit
246 4533 367 4599 quatuor
377 4526 520 4596 animalia,
528 4546 589 4600 quae
603 4534 661 4583 tam
676 4537 797 4601 quatuor
808 4530 930 4601 Evange·
971 4539 1003 4589 ut
1017 4534 1081 4589 tiliis
1096 4535 1289 4590 hereditatem
1299 4539 1342 4590 est
1351 4535 1476 4600 daturus,
1493 4533 1617 4613 ideoque
1631 4535 1763 4608 permittit

130 4616 212 4672 listas
222 4625 309 4688 quam
321 4632 419 4671 omnes
430 4619 550 4682 sanctos,
568 4617 624 4672 sive
635 4618 721 4672 etiarn
729 4618 820 4689 ipsum
831 4618 930 4673 Domi·
971 4640 1018 4677 eos
1025 4623 1111 4693 affligi
1119 4624 1154 4677 ad
1165 4629 1284 4693 tempus,
1292 4627 1324 4677 at
1333 4628 1398 4693 post
1407 4613 1550 4676 modicum
1562 4621 1696 4679 laetentur
1705 4639 1762 4678 cum

131 4721 201 4760 num
216 4705 385 4777 significant,
402 4705 450 4776 qui
461 4703 551 4760 factas
571 4711 614 4761 est
633 4707 716 4760 homo
735 4707 930 4778 temporaliter
969 4712 1017 4767 iilo
1029 4712 1760 4783 sinetcmporeAElthocamajestateetvirtutelleilit

130 4793 271 4848 nascendo
283 4812 315 4850 ex
326 4790 433 4865 virgine
447 4810 455 4849 ;
469 4794 569 4849 Factus
579 4794 621 4849 est
631 4792 733 4850 vitulus
742 4796 771 4850 in
786 4797 926 4868 passione,
969 4802 1072 4871 Magna
1080 4801 1183 4872 quippe
1193 4807 1237 4856 est
1249 4800 1279 4854 in
1295 4801 1347 4856 hoc
1362 4800 1412 4855 liei
1426 4799 1525 4866 virtus,
1538 4800 1677 4873 quoniam
1687 4797 1762 4856 susti-

133 4896 190 4952 qua
203 4883 385 4955 semetipsum
400 4883 502 4938 obtulit
517 4883 574 4938 Deo
588 4883 617 4937 in
631 4901 682 4939 nra
697 4885 787 4939 crucis
804 4904 809 4938 :
826 4887 928 4942 Factus
970 4905 1036 4944 nere
1047 4895 1139 4960 potest
1149 4889 1291 4944 hominem
1302 4889 1496 4956 malum,utsit
1504 4889 1664 4961 imperator
1675 4896 1703 4946 et
1711 4890 1761 4945 Do·

132 4969 228 5022 eutieo
238 4966 376 5025 tertiadie
387 4988 536 5043 resurgens
551 4990 568 5026 a
583 4972 711 5028 mortuis.
729 4974 841 5047 Aquila,
857 4992 928 5045 qua·
969 4977 1274 5039 rniaustotiusmundi,
1284 4964 1528 5033 etutelcctiiliius
1539 4978 1617 5032 mala
1626 4980 1760 5050 patiantur

131 5055 291 5126 dragesimo
303 5056 347 5112 die
359 5059 512 5115 ascendens
521 5057 556 5114 ad
567 5063 659 5116 coelos.
672 5062 750 5116 istud
762 5079 850 5118 unum
865 5065 927 5119 ani·
969 5065 1068 5123 abillo.
1080 5064 1113 5121 a
1126 5083 1204 5121 aetna
1215 5066 1314 5121 talium
1324 5066 1612 5135 subauditur,poterct
1620 5071 1726 5122 intrare
1732 5071 1759 5122 ia

130 5142 198 5211 mai,
212 5142 241 5197 id
256 5150 299 5198 est
311 5141 446 5201 Dominus
464 5146 548 5204 lesus
568 5150 707 5217 Christus,
723 5152 802 5206 dedit
819 5160 925 5224 septem
969 5155 1141 5223 tantularum
1153 5161 1265 5221 estnon
1277 5160 1389 5226 poterat
1397 5155 1571 5226 perscrutari
1581 5155 1759 5212 subtilitatem

130 5231 560 5306 angelisseptemphialas.Quod
571 5246 748 5310 suntseptern
759 5243 861 5311 anguli,
876 5244 926 5296 hoc
964 5242 1135 5313 judiciorum
1151 5243 1351 5315 omnipotentis
1365 5243 1427 5311 Dei,
1439 5245 1523 5298 doum
1538 5250 1759 5300 consanamcntur

130 5325 198 5379 sunt
204 5320 289 5376 etiarn
297 5325 402 5392 septem
416 5321 525 5392 phialae,
534 5325 560 5378 id
574 5333 616 5380 est
629 5329 716 5382 sancti
728 5330 925 5399 praedicatores
966 5338 1065 5400 septem
1075 5335 1268 5401 planascptern
1280 5334 1456 5400 angelorum,
1467 5332 1497 5387 id
1510 5340 1563 5400 est,
1575 5333 1665 5388 donec
1675 5331 1758 5389 omnis

129 5412 207 5486 pleni
220 5409 314 5466 divina
327 5408 534 5482 praedicatione.
549 5411 585 5466 Ut
606 5415 680 5469 enim
699 5424 815 5488 possent
833 5418 925 5489 angeli
967 5421 1095 5475 Ecclesiae
1110 5420 1270 5492 pradicatio
1289 5421 1471 5479 terminetur.
1492 5419 1565 5476 Cum
1584 5429 1681 5478 autem
1697 5438 1758 5478 con·

128 5510 202 5577 esse,
217 5500 247 5559 id
268 5499 311 5560 est
329 5497 423 5558 nuntii
443 5497 507 5581 vitae
527 5497 637 5560 aeternae
656 5503 722 5566 tacti
745 5507 925 5583 suatpbialae
965 5515 1113 5568 summata
1129 5509 1234 5566 fuerint
1247 5499 1578 5583 septemplaga'aseptem
1588 5498 1755 5584 angelorum,
