3818 6104
109 237 153 296 tot
304 260 310 266 ·
437 235 627 293 EXPOSITIO
647 235 686 291 ΙΝ
707 236 784 291 EPl'.
805 237 833 290 S.
856 228 972 289 reum.
996 265 1027 274 —
1049 232 1087 290 ΙΝ
1101 233 1218 299 ,norst
1240 233 1287 289 AD
1307 232 1394 289 ROM.
1682 228 1736 293 362
1828 276 1833 285 .

109 358 897 430 atemtameuetsummamdiligentiamdefuissehomini
909 371 931 427 Λ
944 374 998 412 non
1025 363 1129 427 postest
1148 374 1214 411 suos
1233 358 1410 427 professores.
1427 359 1485 412 Nos
1504 358 1644 411 celestem
1665 359 1737 413 hanc

109 433 322 504 aaudquaqnum
333 431 427 485 dicere
435 447 530 501 queas.
543 433 592 484 liat
603 431 688 499 igitur
698 432 753 484 tuis
768 429 899 500 auspiciis
940 429 1101 485 alimoniam
1122 429 1283 497 vegetandis
1298 430 1399 481 animis
1422 429 1661 482 arcnnnnodatam
1674 445 1736 482 cre·

109 519 132 557 ‚n
152 504 246 557 lucem
274 503 383 573 llaymo
407 509 511 565 noster,
537 508 648 554 etcum
676 501 815 571 plerisque
837 498 900 552 aliis
940 498 1226 567 hrodegustabirnns
1243 500 1370 552 acrelnti
1386 501 1489 552 inundo
1510 499 1737 553 animaliorumi-

109 574 250 628 >siscitari
265 572 425 626 doctoribus
439 573 490 625 hoc
505 572 605 626 secuto
621 579 792 624 renascatur.
805 571 901 623 laces-
941 569 1113 626 nabinms,ut
1125 572 1181 622 Deo
1196 579 1308 622 anctore
1319 587 1350 622 ex
1366 571 1575 623 cornersatione
1586 576 1737 623 nestrave-

109 655 168 699 saut
181 644 340 714 sophisticae
355 644 442 712 spinae
456 641 611 696 etiamnum
626 649 723 705 acuta,
737 642 903 694 delitescant
942 658 989 695 res
1003 656 1053 692 nas
1062 640 1182 692 aestimet
1191 640 1335 709 theologus
1349 641 1475 709 quisquis
1486 640 1566 693 nobis
1576 640 1738 701 convixerit,

109 731 190 769 renes
205 731 271 767 suos
281 720 435 767 assertores
448 712 595 765 verborum
617 727 761 781 nunquam
780 710 903 764 finienda
943 717 975 766 et
989 710 1050 763 istis
1065 709 1112 779 qui
1126 710 1185 762 sola
1200 708 1299 762 umbra
1312 710 1471 778 gloriantur
1484 727 1549 763 suos
1562 711 1661 763 inanes
1671 710 1740 764 titu-

109 786 269 847 artamina,
286 784 397 854 qnando
412 784 503 836 omnis
519 781 660 836 contentio
674 798 729 850 quo
742 797 757 834 a
768 782 904 834 charitate
945 783 1049 835 lescen
1065 780 1222 849 personatis
1242 780 1442 850 tragediarum
1466 780 1578 850 regibus
1602 781 1741 851 relinque-

109 855 216 926 ongins
226 855 316 915 abest,
332 869 349 906 a
364 854 475 908 Christo
490 852 624 907 nimirum
640 852 731 906 aberit
745 867 830 920 quam
841 851 905 904 lon·
945 866 1018 906 mus.
1032 850 1110 908 Vale,
1128 851 1233 918 optime
1258 848 1345 914 Siste,
1361 862 1389 904 et
1403 852 1580 905 Ottomarum
1594 855 1675 904 tuum
1692 851 1741 917 lita

109 926 232 1052 pessime.
247 925 409 1004 ltellereant
422 924 514 1005 prisca
528 923 613 1004 simul
626 939 689 977 cum
701 922 825 976 moribus
845 926 906 975 stu·
947 921 1066 1003 uttacis)
1079 920 1173 990 dilige.
1196 922 1396 1005 argentorati..
1409 921 1599 975 Kalendarum
1623 921 1740 975 Decem·

122 995 163 1063 ia,
176 995 287 1068 profani
309 1002 369 1049 esto
384 994 520 1065 andqurd
534 1010 595 1064 pios
609 1010 642 1047 ac
665 1000 776 1047 sanctos
790 992 907 1046 reddere
947 992 1023 1058 brss;
1037 1006 1111 1044 anno
1130 989 1245 1044 reddita
1254 992 1354 1044 salutis
1367 990 1446 1046 1018.

674 1512 863 1589 SIXTUS
886 1513 1189 1590 HERMANNI

785 1719 902 1764 sursus
924 1718 1075 1778 sneisane

408 1892 615 1947 consultissimo
629 1888 825 1945 orronnuo
840 1889 1009 1946 LUSCINIO
1018 1893 1097 1960 juria
1108 1893 1245 1959 peruincit
1259 1892 1371 1955 doctori,
1387 1892 1414 1946 S.
1431 1891 1464 1946 D.

146 2099 222 2164 Quas
232 2099 268 2153 ad
284 2113 330 2152 me
339 2096 585 2168 superHayrnenis
594 2093 1029 2165 Paulinarumepistela·Bcirra
1056 2093 1226 2149 recentiores
1251 2096 1419 2166 theosophos
1443 2097 1644 2167 questionibus
1670 2099 1751 2154 insn-

109 2169 340 2225 rumtidelissimi
354 2167 518 2237 expositoris
530 2166 680 2237 praeconio,
693 2166 793 2219 eximie
802 2165 911 2227 doctor,
954 2165 1054 2218 dantes
1068 2166 1182 2218 omnino
1192 2166 1386 2231 eliminandos,
1397 2183 1430 2221 ac
1441 2169 1476 2222 de
1491 2175 1576 2238 pente
1590 2169 1670 2250 quasi
1684 2170 1753 2252 deji3

109 2240 214 2295 dednti
232 2240 407 2293 litterasnon
423 2239 494 2291 citra
514 2237 667 2291 nrsximurn
693 2236 782 2289 animi
797 2236 913 2289 meire-
956 2236 1077 2299 ciendos,
1107 2236 1229 2289 arbitror
1257 2237 1382 2299 minime,
1400 2254 1498 2292 rerum
1527 2255 1625 2293 omncs
1647 2256 1754 2308 ingeun
1843 2254 1850 2263 ‘

109 2326 245 2367 morea
260 2309 425 2380 diligentius
442 2307 558 2378 perlegi,
579 2308 653 2377 quod
666 2323 728 2360 curn
744 2307 836 2368 docte,
851 2322 914 2359 curn
955 2321 1055 2360 nervos
1064 2306 1263 2361 vetustioribus
1271 2308 1419 2378 preteritis
1428 2309 1587 2364 doctoribus
1594 2309 1661 2365 illuc
1674 2304 1755 2365 dum·

109 2381 232 2441 erudite,
245 2389 362 2451 penates
374 2379 539 2433 Christianae
554 2377 701 2444 theologius
713 2376 808 2447 subire
822 2381 917 2446 peten-
956 2382 1032 2429 taxat
1044 2376 1251 2439 extenrlissime,
1262 2377 1323 2447 ipsa
1337 2380 1491 2434 stoliditate
1502 2381 1616 2434 stultius
1626 2382 1689 2451 quis
1716 2399 1754 2437 on

109 2450 189 2507 tibus
202 2451 334 2505 semitam
342 2455 371 2504 et
382 2449 495 2519 quidem
506 2448 731 2518 compendiosam
739 2446 917 2517 proposueris
956 2444 1115 2516 judicabit?
1129 2447 1265 2510 Quocirca
1277 2449 1305 2501 in
1322 2449 1374 2503 hoc
1389 2451 1546 2520 theologico
1556 2451 1648 2506 studio
1662 2459 1695 2507 ut
1707 2471 1755 2507 ue·

109 2520 189 2577 tund
214 2529 324 2576 temere
337 2521 460 2574 notando
476 2535 545 2589 qnos
560 2518 768 2588 antiquioribus
788 2516 917 2570 Ecclesiae
960 2516 1026 2587 quid
1042 2517 1125 2570 nimis
1139 2518 1217 2576 item,
1234 2525 1262 2572 et
1283 2521 1386 2589 nequid
1409 2521 1503 2574 minus
1520 2528 1622 2590 agatur
1642 2525 1753 2594 prespi-

109 2591 277 2647 doctoribus
291 2589 467 2662 posthabitis,
483 2590 662 2644 cavillatoriae
678 2587 846 2658 quaestiones
856 2587 919 2656 plus
959 2586 1099 2640 ciendum.
1125 2588 1245 2642 l’rodeat
1259 2588 1347 2659 igitur
1361 2591 1469 2660 Haymo
1483 2599 1579 2645 noster
1599 2592 1628 2646 in
1653 2593 1754 2661 lucem,

109 2678 193 2735 aquo
208 2663 359 2724 delectant,
370 2660 472 2730 quibus
487 2661 522 2715 ad
537 2659 804 2729 decrepitamterme
818 2662 920 2710 aetatu·
961 2655 1318 2726 auspicatissimaalitetno
1329 2660 1456 2730 epistolio
1466 2661 1715 2731 adornatasquem
1727 2669 1756 2718 te

109 2734 172 2788 lam
187 2733 337 2787 Stentorea
352 2736 393 2790 (ut
406 2732 496 2795 aiunt)
509 2747 574 2784 voce
588 2729 662 2783 inter
671 2745 701 2782 se
715 2727 916 2799 digladiantur.
961 2732 1080 2797 patrono
1090 2727 1125 2780 ab
1138 2729 1214 2782 omni
1224 2729 1318 2783 liroris
1329 2732 1511 2784 mordacitate
1519 2739 1613 2786 tutum
1630 2733 1664 2785 iri
1678 2733 1757 2787 dubi·

109 2803 176 2860 Non
191 2804 304 2858 inficior
310 2803 503 2857 scholasticam
515 2801 591 2855 illam
604 2799 774 2869 theologiam
784 2814 833 2868 pro
842 2798 919 2867 inge·
960 2804 1053 2851 minus
1066 2814 1253 2871 nequaquam.
1267 2801 1358 2869 Perge
1368 2809 1512 2870 praterea,
1525 2802 1756 2858 excellentissime

112 2874 228 2929 merum
244 2873 377 2928 exercitio
390 2872 536 2927 litteranis
547 2870 917 2941 archigymnasiisnecessa-
958 2867 1107 2931 alamanis
1126 2871 1183 2924 tuis
1197 2871 1420 2933 humanioribus,
1430 2872 1552 2941 politiori
1583 2874 1757 2942 uoquelitte·

114 2944 207 3013 riam
224 2961 321 2999 rerum
336 2959 448 2997 onmem
459 2943 522 2996 rite
532 2957 654 3004 cursum,
663 2939 784 2995 classicis
793 2946 821 2992 et
835 2939 917 2994 avitis
957 2943 1064 3004 satura,
1081 2941 1184 3010 probos
1198 2957 1230 2994 ac
1249 2941 1344 2995 doctos
1352 2943 1376 2995 vi
1382 2959 1426 2995 ros
1440 2889 1613 2997 immortales
1627 2938 1755 3011 reddere,

119 3015 426 3071 sacrarumlitternrum
437 3013 618 3094 scriptoribus
628 3010 739 3082 spretis,
750 3009 842 3063 eidem
852 3025 916 3063 con·
956 3024 1057 3089 meque
1069 3010 1223 3065 amicorum
1244 3017 1357 3066 tuorum
1378 3013 1530 3068 rationario
1543 3013 1653 3074 trabali,
1671 3021 1703 3069 ut
1716 3014 1758 3069 di·

119 3086 237 3140 teutioni
251 3085 396 3139 dedicasse
418 3085 504 3138 veluti
522 3083 670 3137 ridiculum
690 3081 791 3151 cuique
814 3095 915 3133 nasum
956 3086 1041 3144 citur,
1054 3079 1131 3135 clavo
1143 3080 1357 3153 inhgaequern
1368 3083 1439 3137 rotis
1450 3083 1506 3139 tuis
1517 3083 1634 3138 vicissim
1645 3100 1704 3139 sem
1743 3101 1758 3140 r

122 3155 233 3210 babenti
243 3155 436 3210 damnandnm
449 3169 557 3208 censeo.
576 3152 609 3207 ln
621 3152 708 3215 omni,
723 3159 757 3206 nt
769 3150 853 3214 nosti,
868 3165 915 3204 ac·
955 3149 1079 3203 offendes
1102 3152 1321 3221 paratissimum.
1346 3154 1427 3211 Vale.
1446 3156 1636 3225 Argentorati,
1662 3155 1703 3211 idi
1722 3172 1756 3212 us

125 3225 195 3282 tione
206 3243 272 3281 cum
282 3230 479 3281 excessustnm
487 3225 613 3279 defectus
619 3222 747 3294 fugiendi
754 3227 836 3287 sunt;
845 3236 915 3290 quo·
957 3219 1075 3286 Morbis,
1090 3237 1164 3276 anno
1178 3223 1290 3278 Domini
1305 3223 1379 3280 1519.

125 3508 436 3530 *ι-α-Ι--ΰ

543 3750 603 3827 ΙΝ
627 3752 932 3830 EPISTOLAM
955 3752 1032 3828 AD
1056 3751 1331 3829 ROMANOS.

384 4016 649 4074 ARGUMENTUM.
935 4018 1080 4090 Cgentiles
1094 4017 1278 4089 preferebant
1292 4034 1322 4072 se
1337 4018 1519 4073 nihilominus
1533 4018 1646 4087 ludais,
1659 4021 1751 4095 impro

169 4105 329 4162 lcorintbo
347 4105 459 4161 civitate
488 4106 637 4178 metropoli
665 4106 776 4162 Achaiae
795 4106 918 4177 regionis
959 4111 1089 4179 perantes
1099 4106 1140 4160 eis
1149 4111 1267 4159 mortem
1277 4105 1341 4160 Filii
1350 4106 1554 4178 Dei,simulque
1564 4110 1758 4179 protestaban-

146 4192 234 4264 aaran
247 4194 391 4268 spostolus
405 4194 510 4249 Paulus
520 4194 655 4249 Romanis
665 4195 737 4249 banc
752 4194 917 4265 Epistolam‚
959 4200 1007 4249 tur
1025 4210 1055 4249 se
1069 4193 1152 4248 idolis
1170 4193 1336 4264 obsequium
1347 4194 1535 4248 venerationis
1547 4196 1663 4252 minime
1677 4198 1756 4252 exhi·

149 4291 255 4347 menon
263 4283 335 4354 ipse,
345 4298 402 4336 non
417 4282 527 4358 Petrus,
537 4298 594 4337 uon
602 4281 719 4352 quilibet
728 4282 919 4352 apostolerum
960 4282 1054 4336 baisse
1072 4282 1094 4335 si
1108 4281 1178 4352 legis
1198 4287 1336 4354 precepta
1360 4288 1410 4336 aut
1428 4284 1628 4354 prophetarum
1645 4288 1760 4342 oracula

149 4363 268 4425 henaim
283 4371 408 4442 primum
416 4370 559 4440 instruxit,
566 4371 615 4425 sed
629 4370 742 4441 qnidam
757 4371 919 4425 ludaeorum
960 4370 1133 4424 habuissent.
1143 4369 1280 4424 Omnibus
1294 4371 1338 4424 his
1359 4370 1447 4440 igitur
1460 4371 1579 4443 prebuit
1602 4391 1632 4428 se
1655 4375 1759 4431 Paulus

151 4457 308 4525 mendum,
324 4459 373 4530 qui
383 4458 418 4512 ab
432 4458 635 4530 Hierosolymis
643 4460 918 4523 Romamvenientes,
961 4459 1105 4531 apostolus
1133 4458 1268 4525 medium,
1297 4475 1395 4514 omnes
1423 4461 1535 4514 illorum
1567 4464 1760 4519 contentiones

151 4539 185 4597 ubi
195 4548 316 4620 princeps
325 4546 402 4601 orbis
413 4546 616 4611 rceidebat‚cui
628 4553 709 4602 erant
723 4547 777 4618 ipsi
791 4547 919 4617 subjecti,
962 4547 1119 4610 destruens,
1127 4563 1189 4617 quae
1199 4546 1228 4600 in
1238 4547 1354 4618 prologo
1362 4548 1446 4618 hujus
1457 4548 1587 4618 Epistola
1596 4557 1757 4605 narrantur:

150 4625 211 4688 llam
224 4653 307 4708 quam
321 4635 396 4707 apud
407 4635 629 4707 Hierosolymam
647 4636 804 4691 didicerant
818 4636 921 4689 Roma·
962 4642 992 4690 et
1006 4635 1086 4706 quasi
1101 4634 1190 4688 bonus
1200 4635 1381 4689 concionator
1396 4641 1507 4690 extenta
1521 4652 1607 4690 manu
1618 4637 1758 4693 illosallo·

151 4715 182 4772 n's
190 4724 450 4796 evangelizaverunt.
464 4724 556 4778 Causa
570 4731 665 4779 antem
687 4724 826 4778 scribendi
849 4724 921 4777 hanc
963 4739 1060 4794 quens,
1072 4739 1170 4778 earnes
1186 4724 1221 4777 ad
1238 4740 1321 4777 unam
1335 4723 1512 4777 concordiam
1526 4723 1652 4788 adduxit,
1664 4731 1760 4783 esten-

153 4799 286 4880 ltiatolam
303 4813 365 4867 haec
378 4810 513 4883 probatur
527 4812 680 4866 exstitisse:
696 4818 759 4866 orta
773 4817 920 4866 astantem
962 4811 1032 4866 dens
1041 4812 1149 4866 nullum
1165 4828 1262 4866 eorum
1276 4811 1335 4864 suis
1350 4810 1458 4863 meritis
1471 4825 1532 4864 esse
1546 4811 1694 4879 salvatum,
1709 4815 1760 4871 sed

153 4901 265 4956 menno
281 4901 359 4956 inter
370 4900 483 4956 ludaeos
496 4900 642 4955 credentes
661 4907 689 4957 et
704 4901 824 4970 gentiles
836 4901 921 4955 etiarn
963 4899 1142 4971 pergratiam
1157 4899 1223 4953 lesu
1237 4897 1423 4967 Christiquia
1436 4912 1534 4953 omnes
1547 4896 1637 4954 tadei
1649 4907 1679 4956 et
1695 4918 1763 4974 gen·

154 4978 258 5043 uadem
271 4993 474 5043 concurrentes
487 5005 493 5041 :
507 4987 596 5042 tadei
614 4987 753 5058 siqnidem
763 4987 920 5053 credentes,
963 4988 1028 5044 tiles
1042 4987 1094 5042 sub
1109 4993 1221 5059 peccato
1234 4984 1411 5042 tenebantur.

155 5078 242 5143 repar
252 5083 366 5132 sanctes
376 5082 470 5147 patres
484 5092 502 5129 a
511 5076 612 5146 quihus
622 5076 759 5147 originem
773 5075 922 5140 ducebant,
1261 5123 1454 5182 PROLOGUS

158 5160 284 5236 etpropter
297 5165 390 5236 legem
407 5180 492 5235 qnam
501 5164 554 5218 soli
565 5164 639 5218 inter
653 5171 767 5220 ceteras
776 5170 874 5236 gentes
882 5181 925 5218 ac·
1457 5165 1464 5179 ⁸

158 5255 270 5320 stream,
286 5251 480 5324 despiciebant
488 5253 608 5323 gentiles
621 5253 764 5308 venientes
777 5254 812 5306 ad
831 5254 962 5361 tidemn
1005 5254 1137 5322 Epistola,
1151 5251 1247 5306 Graeco
1268 5248 1412 5316 vocabulo,
1432 5250 1532 5306 Latine
1551 5251 1656 5310 dicitur
1668 5273 1765 5326 supcr-

159 5336 180 5384 ll
189 5344 241 5406 pote
252 5339 421 5396 idololatria
436 5340 628 5411 superstitioni
652 5341 786 5396 hactenns
808 5340 926 5401 deditos,
971 5345 1056 5395 arnse
1078 5340 1119 5394 vel
1141 5340 1247 5403 addita,
1272 5339 1345 5394 sient
1358 5340 1543 5412 epigramma,
1560 5340 1589 5396 id
1608 5350 1651 5400 est
1663 5361 1766 5417 snper-
1786 5406 1791 5416 .

160 5416 256 5483 liceum
266 5434 383 5501 propter
392 5427 613 5483 observationem
624 5429 694 5500 legis
704 5429 749 5483 cui
763 5428 926 5492 servierant,
970 5427 1095 5500 scriptio,
1105 5432 1134 5481 et
1143 5426 1316 5498 epitaphium
1325 5445 1410 5500 super
1419 5429 1646 5501 sepulcrumdlpi
1653 5433 1768 5504 quidem

160 5511 931 5590 lltrttissegratiamchristifidemqueEvangeliiltcontra
971 5523 1062 5585 sonat,
1077 5531 1168 5584 super,
1183 5519 1253 5572 stola
1267 5533 1342 5585 vero,
1355 5520 1450 5573 maso.
1461 5518 1593 5590 Epistola
1602 5524 1697 5576 autem
1708 5520 1768 5577 ista

255 5614 525 5680 Personcxvll.
1615 5619 1653 5678 tt
