3818 6104
227 283 298 342 tura
460 285 649 343 HAYMONIS
665 285 908 344 HALBERSTAT.
925 284 1037 346 Erlsc.
1055 287 1137 346 OPP.
1155 286 1248 344 PARS
1263 285 1286 343 1.
1304 316 1335 329 -
1351 285 1538 345 constent.
1554 285 1652 343 BIBL.
1799 288 1857 345 tull

227 420 355 488 spectent
365 415 640 471 norissimumlinde
651 421 678 471 et
689 431 739 486 per
750 416 900 489 quemdam
910 417 1022 491 sapien·
1030 419 1057 478 Α
1065 418 1279 479 tum.daemeues
1289 432 1339 493 per
1349 416 1423 473 hunc
1431 430 1500 472 acra
1510 411 1858 477 occurentesnominuu

228 510 286 559 tem
301 504 403 559 dicitur
418 519 424 552 t
437 506 559 575 Corpora
574 520 670 558 eorum
686 505 715 558 in
735 521 802 575 pace
817 507 926 576 sepulta
940 512 1017 562 sunt.
1065 506 1222 563 uenientem
1237 506 1272 561 nd
1285 505 1423 578 judicium
1434 519 1498 560 curn
1511 502 1858 575 multitudiueaugelerurn

228 590 412 664 'Puncitaque
421 608 477 650 nen
487 593 581 647 sinent
590 593 708 663 eosponi
719 594 747 646 in
760 593 959 657 monumentis,
971 595 1023 651 hec
1064 595 1218 655 timebunt.
1239 595 1292 652 Sed
1312 600 1345 653 ut
1358 592 1497 651 nomines
1509 592 1593 658 dicit,
1608 595 1732 648 uirtutes
1745 593 1859 647 calorum

229 688 281 748 est,
295 698 351 737 nen
365 684 531 754 permittent
543 699 591 737 cos
606 681 758 757 quiescere,
775 683 860 740 reluti
877 683 1024 755 quiescunt
1064 687 1247 741 irrorabuntur
1259 685 1567 757 (ltaltnaxnlquauto
1575 677 1671 755 magis
1682 678 1856 737 huminetdle

229 787 347 842 corpora
361 780 547 836 mortuorum,
564 771 613 824 sed
627 771 711 827 variis
732 776 760 825 et
774 771 948 844 inexquisitis
976 789 1023 826 eos
1065 772 1168 847 quibus
1181 773 1273 828 adbuc
1286 770 1415 829 subditur
1431 789 1436 823 :

228 857 393 916 cruciabunt
414 860 574 914 tormentis.
591 858 806 916 Monumentum
821 859 906 917 etiam
922 862 1024 918 dicitur
1100 861 1296 918 Eluudicruot
1306 875 1533 932 eoccmrucqnuuc
1540 860 1681 917 &centem
1695 856 1861 916 arcaea-

228 953 261 1003 ιο
275 948 351 1022 quod
365 954 478 1002 moneat
490 954 623 1014 mentem,
637 949 703 1019 quia
715 956 743 1008 et
754 966 805 1006 nos
815 951 881 1004 dum
896 951 1024 1006 censide-
1065 952 1120 1007 dile
1130 950 1192 1005 leuc.
1205 949 1264 1005 Vox
1278 948 1333 1005 ista
1343 964 1405 1023 quse
1415 963 1462 1003 ees
1472 953 1551 1003 vocat
1565 952 1601 1003 ut
1610 945 1700 1002 coelos
1711 943 1860 1001 ascendam,

229 1043 501 1092 ramussanctorum
517 1040 767 1111 monumentaqui
783 1055 962 1111 suecorpera
975 1057 1025 1114 pro
1068 1041 1129 1116 ipsa
1148 1045 1191 1096 est
1203 1041 1239 1093 cle
1249 1056 1305 1109 qua
1321 1038 1473 1109 Apostolus
1486 1036 1577 1093 dicit:
1602 1039 1661 1107 lpse
1684 1036 1861 1093 minianu

229 1125 341 1181 Christo
352 1124 905 1181 tradideruutnnonemurvenerationem
916 1126 1028 1184 illisim·
1062 1134 1145 1201 jussu
1154 1135 1177 1183 et
1188 1133 1283 1184 inrocc
1294 1129 1468 1195 orclrcnpoti,
1477 1133 1501 1182 el
1511 1129 1541 1183 in
1553 1127 1620 1180 lube
1630 1126 1684 1180 Ilei
1694 1124 1863 1179 domoon

229 1215 361 1287 pendere.
372 1215 434 1268 Non
448 1216 540 1283 itaque
550 1214 644 1267 sinent
657 1230 704 1267 eos
712 1213 777 1287 poni
792 1213 821 1267 in
833 1221 1025 1282 monumento,
1068 1222 1130 1274 culo
1143 1220 1167 1286 (1
1177 1219 1303 1282 Tlrcsrnrl
1319 1216 1468 1272 Ascendile
1481 1214 1597 1286 linquit)
1606 1215 1677 1275 nuc,
1688 1212 1718 1267 id
1727 1218 1864 1274 eetasceo

229 1305 283 1358 boc
297 1308 340 1356 est
354 1319 411 1356 non
424 1304 588 1374 permittent
605 1319 652 1355 eos
665 1303 801 1359 venerari.
817 1303 864 1355 sed
877 1303 951 1356 reiut
965 1303 1026 1356 irri·
1067 1307 1124 1363 dite
1136 1307 1172 1361 ud
1184 1306 1283 1368 Deuru,
1294 1311 1323 1361 et
1332 1305 1367 1360 ad
1377 1311 1461 1377 caput
1470 1310 1594 1359 restrum
1610 1299 1798 1373 quitur-rubia
1808 1300 1863 1355 esus

230 1391 309 1445 sione
327 1391 436 1461 dignos,
453 1394 618 1462 permittent
632 1408 679 1448 cos
693 1391 721 1444 in
742 1391 842 1464 pluteis
858 1393 962 1464 jacere,
978 1392 1026 1447 ubi
1067 1395 1152 1453 illius.
1167 1395 1214 1468 qui
1228 1394 1310 1451 modu
1325 1392 1444 1463 singulis
1462 1392 1627 1447 redditurus
1642 1397 1688 1445 est
1697 1391 1780 1459 juxta
1790 1404 1861 1463 opera

230 1481 414 1534 comedantur
428 1496 445 1533 a
458 1479 562 1533 bestiis·
1067 1501 1128 1539 sua.
1137 1485 1258 1557 ideoque
1274 1482 1360 1536 nolite
1372 1480 1476 1537 irrorari
1491 1480 1520 1534 iu
1536 1485 1628 1540 terrm
1645 1494 1684 1536 ne
1696 1477 1864 1534 involvamini

267 1570 300 1622 lit
314 1570 502 1621 indubitanter
517 1573 622 1622 terrum
646 1568 806 1639 percolebant
820 1585 902 1637 stipor
917 1573 986 1630 illos,
1004 1576 1028 1624 et
1071 1580 1098 1632 'm
1111 1574 1201 1648 punis
1212 1573 1386 1628 miserorum.
1402 1571 1433 1627 nt
1448 1571 1640 1625 maceratae
1656 1570 1690 1621 in
1705 1568 1777 1621 nube
1791 1569 1864 1621 incu-

224 1657 443 1726 judicubuntur,
458 1661 481 1709 et
498 1673 615 1710 nrurrcro
629 1660 738 1710 ririltrnl
753 1660 877 1710 iliricum.
889 1657 972 1712 Recte
989 1659 1029 1712 in·
1039 1691 1063 1750 B
1073 1663 1308 1725 immundorum
1318 1654 1864 1727 incestarent«ormnbegimustotran-

230 1745 390 1799 habitentes
416 1751 521 1799 terren:
548 1754 691 1808 vocantur,
707 1747 753 1820 qui
769 1746 803 1799 de
822 1747 937 1800 interitu
951 1754 980 1800 et
994 1748 1028 1802 de
1070 1750 1231 1825 gelimquod
1248 1748 1382 1804 ltominus
1394 1746 1424 1800 in
1448 1745 1521 1804 nube
1536 1751 1679 1802 venturus
1692 1745 1733 1800 sit
1754 1744 1789 1798 ad
1800 1743 1863 1812 judi·

231 1851 299 1888 necc
310 1839 468 1888 sanctorum
479 1835 644 1906 gaudentes
657 1840 778 1890 mentem
790 1835 824 1888 ad
836 1836 951 1908 proemia
965 1853 1029 1893 con-
1068 1841 1143 1897 cium
1156 1861 1162 1910 ς
1178 1841 1218 1896 sic
1231 1839 1306 1894 enim
1322 1838 1451 1893 dixerunt
1474 1836 1569 1909 angeli
1585 1840 1677 1890 testes
1691 1834 1769 1892 illius
1781 1848 1864 1889 oscen

230 1923 336 1980 tuenda
350 1923 513 1992 electorum,
525 1925 567 1977 rel
576 1924 611 1977 ad
622 1940 672 1979 sua
682 1924 885 1979 consideranda
892 1925 1029 1997 snpplicia
1069 1930 1156 1985 sionis
1166 1931 1230 1987 :llic
1239 1930 1315 1983 lesus
1324 1930 1372 2000 qui
1382 1929 1541 1995 ossurrrptun
1550 1930 1588 1980 etl
1599 1938 1619 1977 a
1633 1924 1711 1979 cocis
1728 1926 1760 1977 iu
1771 1924 1861 1981 colora,

230 2015 338 2084 erigere
352 2030 407 2067 non
423 2019 569 2067 noverunt.
588 2012 669 2067 Tales
691 2012 790 2067 ultimo
811 2019 938 2084 tempore
964 2031 1027 2071 curu
1069 2024 1108 2076 ric
1120 2021 1208 2073 versut
1221 2015 1451 2088 quemadmodum
1461 2014 1570 2068 uidistis
1583 2027 1651 2065 cunt
1666 2009 1862 2067 ascendentem,

232 2102 355 2157 Ecclesia
369 2102 474 2156 traditu
488 2101 573 2156 fucrit
591 2103 619 2155 in
634 2118 735 2157 manus
750 2108 971 2172 persecutorum,
988 2101 1028 2155 ri·
1069 2109 1097 2166 id
1113 2114 1164 2170 est,
1182 2105 1279 2162 eadem
1295 2119 1380 2159 carue
1405 2107 1434 2156 et
1455 2100 1531 2157 rtube
1552 2102 1623 2159 rdet·
1649 2101 1682 2168 ι).
1711 2100 1789 2157 Sicut
1811 2114 1864 2167 ergo

233 2191 331 2245 dentes
351 2190 446 2244 Enoch
472 2195 500 2244 ct
526 2191 600 2255 Elias,
625 2198 847 2264 caeterorumque
872 2198 1029 2263 martyrum
1071 2197 1200 2254 Christus
1228 2199 1362 2250 venturus
1389 2195 1432 2246 cst
1457 2189 1487 2247 in
1518 2189 1604 2254 nube,
1641 2189 1684 2246 ito
1721 2201 1752 2245 et
1781 2204 1864 2243 ornnes

234 2295 351 2349 corpora
363 2279 503 2348 insepulta
514 2281 619 2350 iacere,
639 2278 803 2349 gaudebunt
815 2296 847 2331 ex
860 2296 956 2334 eorum
976 2279 1030 2336 bu·
1071 2285 1170 2342 sancti.
1185 2282 1267 2341 Unde
1282 2281 1342 2354 ipse
1354 2278 1421 2334 dicit
1436 2291 1443 2327 ι
1462 2279 1537 2334 Tunc
1550 2278 1688 2333 videbunt
1704 2277 1806 2332 Filium
1826 2276 1863 2329 lo·

234 2366 391 2421 miiiutioue
401 2371 429 2423 et
443 2366 697 2439 interfectionc,qui
713 2384 761 2421 eos
778 2368 850 2422 mule
861 2369 984 2421 virentes
1003 2375 1032 2423 et
1073 2374 1319 2430 vitiarecenienlem
1334 2367 1492 2422 intralibus
1503 2382 1565 2419 cum
1581 2370 1730 2440 potestate
1745 2370 1864 2434 magnati

234 2461 382 2530 peccantes
396 2455 578 2528 increpabant
602 2455 637 2511 Ει
651 2456 764 2509 mittent
774 2456 954 2511 sibiinriceru
969 2474 1032 2513 mu·
1073 2465 1214 2532 rnnjmtute
1239 2458 1341 2530 (Mollis
1366 2466 1448 2522 xxiv).
1467 2454 1547 2513 Unde
1574 2462 1604 2509 et
1619 2455 1778 2525 Apostolus
1791 2453 1862 2509 dicit:

235 2560 314 2607 nera.
331 2544 441 2616 eulogia
456 2545 561 2598 scilicet
577 2550 605 2598 et
619 2544 717 2598 dutum
733 2545 899 2616 temporale,
916 2546 957 2598 rel
972 2562 1033 2602 ser·
1074 2553 1126 2609 Nos
1141 2554 1234 2606 aulem
1249 2549 1299 2619 qui
1311 2547 1431 2599 uiolatus
1446 2547 1594 2615 rapiemur
1609 2560 1676 2599 curn
1690 2545 1752 2599 illis
1773 2546 1801 2597 in
1823 2558 1864 2597 nn·

235 2634 779 2706 monumcongratulationem,tanquam
791 2633 865 2686 dicun
880 2634 1034 2690 festumce·
1080 2641 1157 2694 bibres
1183 2638 1291 2692 obuium
1307 2635 1417 2690 Olrrislo
1432 2636 1465 2686 in
1479 2647 1558 2699 cera,
1582 2637 1609 2685 et
1629 2635 1670 2688 sic
1690 2647 1797 2700 semper
1817 2647 1864 2685 mro

236 2721 526 2790 lebrantes.(irrout'um
538 2723 568 2776 nr·
577 2725 631 2776 duo
639 2724 775 2790 prophete
785 2726 979 2778 cruciaverunt
995 2741 1036 2779 eos
1077 2729 1193 2784 doctrino
1209 2727 1313 2778 crinitur
1329 2723 1356 2787 (l
1376 2722 1463 2778 risose.
1489 2737 1536 2788 im,
1562 2736 1622 2778 uon
1643 2719 1674 2776 iu
1700 2737 1778 2783 aere,
1792 2719 1865 2774 sedin

237 2815 289 2884 qui
299 2812 515 2882 lrobitonlsuper
525 2816 639 2865 terrain.
653 2811 930 2882 Sicutsuprudictum
941 2827 994 2877 est,
1005 2813 1034 2868 in
1077 2815 1153 2871 coelo
1168 2812 1285 2878 Quodsi
1300 2811 1372 2883 quis,
1388 2810 1461 2868 hauc
1476 2809 1557 2865 Pauli
1569 2809 1748 2866 seutentiam
1763 2810 1864 2866 intuens.

239 2900 420 2956 devoratione
435 2901 541 2954 scilicet
554 2899 798 2971 ignisspiritualis.
810 2899 838 2953 in
852 2900 1035 2975 suspensione
1076 2903 1193 2975 inquirit
1209 2900 1329 2972 qualiter
1338 2899 1479 2968 generalis
1489 2898 1582 2969 primo
1597 2899 1711 2955 bomini
1722 2898 1799 2955 illata
1811 2912 1866 2950 con·

238 2990 340 3065 pluriae
364 2990 506 3055 salutarie,
523 2989 552 3043 in
575 2989 755 3043 conversione
775 3006 911 3062 aquarum
926 2989 955 3044 in
969 3006 1035 3046 san·
1078 2989 1344 3064 plentursententia.
1356 3004 1411 3058 qua
1426 2988 1468 3043 illi
1481 2987 1552 3041 dixit
1564 2987 1663 3044 Deus:
1682 2989 1802 3044 Terrore
1815 2989 1865 3038 elin

240 3080 365 3152 guinem.
382 3080 459 3134 Licet
473 3095 541 3150 ergo
556 3083 615 3133 toto
639 3096 713 3135 nunc
741 3089 867 3148 tempere
894 3079 1183 3160 gaudeantctcrrotn
1205 3081 1268 3146 ibis,
1294 3077 1365 3134 scire
1387 3075 1469 3133 debet
1484 3091 1581 3131 reram
1605 3076 1657 3133 Dei
1673 3092 1748 3140 esse.
1766 3072 1865 3130 etPoull

241 3167 322 3239 impii
348 3167 383 3220 dc
401 3167 583 3220 tribulatione
611 3172 639 3220 et
667 3166 861 3221 humiliatione
886 3168 1038 3239 iustorum,
1081 3168 1261 3231 sententium,
1277 3167 1344 3238 quie
1371 3171 1399 3223 el
1426 3165 1480 3223 riri
1501 3166 1688 3234 reperientur
1703 3165 1866 3224 hominess

242 3253 371 3307 laetantes
393 3270 456 3307 cum
478 3254 901 3324 malefecerint.etexsultantes
914 3256 942 3313 in
959 3257 1041 3313 rebus
1083 3274 1202 3329 quorum
1219 3272 1338 3327 persona
1353 3256 1404 3311 hoc
1419 3253 1573 3324 Apostolus
1587 3254 1737 3324 inquiren
1751 3260 1778 3308 et
1792 3259 1866 3307 nucu

183 3411 184 3414 Ἴ
244 3341 487 3414 pessimis,tamen
495 3342 553 3413 jam
565 3347 631 3394 tunc
644 3342 728 3412 longa
742 3343 795 3397 crit
807 3349 834 3397 et
844 3345 935 3412 major
944 3345 1041 3399 talium
1084 3347 1154 3402 scire
1169 3343 1252 3401 debet
1262 3350 1294 3398 ut
1307 3341 1591 3412 beatustugust'mus
1600 3341 1682 3407 dicit,
1697 3342 1726 3399 iu
1737 3343 1793 3413 ipso
1803 3346 1867 3412 raptu

245 3431 436 3487 exsultatiede
454 3430 660 3485 afflictionerel
680 3438 769 3485 morte
783 3431 932 3500 justorum,
948 3449 1043 3488 acsua
1084 3435 1211 3496 nubium.
1235 3432 1286 3487 etsi
1315 3437 1552 3494 momentaneam,
1569 3439 1696 3489 mortem
1712 3441 1802 3487 tauron
1823 3443 1865 3501 gt·

245 3519 420 3575 crudelitate.
433 3520 486 3574 Sed
498 3537 560 3573 cum
572 3520 694 3575 dixerint
707 3536 763 3589 pes
777 3526 801 3573 et
818 3525 960 3583 securitas,
976 3527 1043 3579 tunc
1084 3523 1207 3579 stabunt.
1226 3523 1257 3577 ln
1272 3528 1376 3577 terram
1392 3536 1458 3590 ergo
1482 3526 1679 3587 revertentur,
1696 3520 1762 3590 quia
1780 3518 1825 3575 nnc
1835 3522 1868 3571 cst

246 3610 409 3680 repentinus
418 3609 874 3681 erssuperi-emetinterimendos
882 3610 1043 3684 hicquoque
1084 3628 1185 3682 corpus
1213 3611 1360 3663 interram
1386 3610 1497 3671 reverti,
1513 3608 1591 3677 quod
1607 3616 1651 3662 est
1667 3615 1785 3668 exeunte
1793 3606 1868 3661 annis

246 3705 311 3771 apte
326 3698 499 3753 subinfertur
517 3717 523 3751 :
1088 3697 1427 3769 remanerecorpusquod
1437 3697 1535 3768 utique
1546 3690 1869 3772 terreeseltaqueseuri

284 3790 317 3845 El
327 3793 387 3858 port
402 3794 454 3841 tres
468 3789 525 3842 dier
540 3793 564 3842 el
584 3788 746 3843 dimidium.
775 3789 806 3844 ld
833 3794 876 3845 cst
900 3789 1046 3846 interitum
1087 3789 1285 3860 dicimus,quia
1298 3788 1327 3843 in
1343 3790 1484 3843 muniente
1495 3790 1525 3839 et
1538 3784 1568 3839 in
1594 3785 1654 3842 ictu
1680 3786 1764 3849 oculi,
1778 3785 1804 3839 in
1817 3779 1870 3855 ipsis

249 3875 427 3950 repentinum
440 3893 526 3948 super
539 3893 586 3931 eos
599 3877 704 3941 venire,
725 3877 773 3948 qui
785 3877 881 3933 dicunt
894 3895 946 3950 pur
962 3885 991 3934 et
1005 3894 1047 3934 se·
1089 3878 1219 3936 nubibus.
1234 3877 1370 3948 Spiritum
1381 3875 1443 3931 vite
1453 3873 1594 3947 accipient
1611 3874 1652 3936 bi,
1666 3874 1757 3950 quiin
1771 3873 1868 3929 adventu

250 3964 365 4031 ceritas,
378 3970 408 4018 et
420 3971 487 4019 tunc
500 3966 636 4031 dolorem,
652 3983 716 4021 cum
731 3967 828 4022 dicunt
840 3968 974 4036 goudium
987 3972 1049 4042 post
1089 3967 1201 4027 Domini
1218 3966 1269 4023 riri
1280 3964 1465 4036 reperientur.
1475 3963 1505 4018 in
1515 3961 1629 4033 quilius.
1645 3964 1789 4020 utdicturu
1797 3965 1839 4019 est
1848 3963 1869 4012 et

251 4053 437 4126 quadraginta
459 4053 564 4110 scilicet
576 4054 699 4126 quinque
711 4055 781 4118 dies,
807 4055 855 4128 qui
877 4056 906 4108 in
925 4056 1049 4112 Danielis
1090 4062 1316 4112 momentaneam
1327 4058 1446 4109 mortem
1452 4051 1621 4122 gustabunt.
1637 4053 1726 4125 lmpii
1741 4052 1870 4127 quippen-

250 4141 323 4197 libro
337 4148 365 4196 et
380 4143 457 4204 Isaiae
472 4149 739 4198 commemorantur.
757 4146 954 4212 spiritusque
969 4146 1048 4200 aneo
1091 4144 1244 4200 manebunt
1257 4144 1285 4200 in
1300 4150 1377 4196 terra
1395 4141 1459 4201 linc.
1474 4139 1557 4194 electi
1573 4140 1763 4198 elevabuntur
1780 4139 1811 4193 ad
1822 4137 1870 4209 glo·

254 4233 373 4284 introbit
396 4235 428 4286 in
442 4249 491 4285 eos.
515 4233 577 4287 Non
598 4239 692 4287 tannen
708 4233 816 4287 alienus
831 4233 945 4305 spiritus
960 4233 1050 4304 ingre·
1092 4234 1174 4292 riam.
1199 4233 1228 4287 in
1255 4248 1312 4303 qua
1331 4237 1360 4284 et
1374 4229 1492 4286 inimici¹
1505 4229 1621 4285 illerum
1639 4245 1690 4286 eos
1709 4228 1839 4285 ridebunt
1851 4229 1872 4276 el

256 4317 349 4372 dictur
362 4318 390 4374 in
406 4336 463 4380 eos.
473 4320 522 4374 sed
536 4321 728 4392 unusquisque
738 4322 822 4375 horno
834 4339 914 4377 suam
928 4322 1051 4376 unimam
1093 4323 1216 4377 sentient
1228 4321 1337 4392 judices
1348 4320 1433 4391 juste,
1446 4333 1517 4389 quos
1526 4317 1732 4389 judicaverunt
1741 4316 1872 4375 ettamu-

255 4406 383 4476 recipiet.
396 4409 427 4461 lit
437 4413 580 4462 steterunt.
591 4409 643 4462 Pro
654 4425 686 4462 eo
702 4411 776 4480 qued
790 4416 832 4464 cst
845 4408 970 4475 stabunt,
987 4378 1085 4484 quiaD
1095 4418 1194 4466 rerunt
1207 4410 1320 4480 injuste.

256 4496 430 4568 praetcritum
441 4501 552 4566 tempus
562 4503 605 4550 est
614 4497 736 4566 positum
748 4498 849 4569 hicpro
860 4498 1054 4568 futureSopcr
1131 4501 1163 4559 Et
1173 4503 1202 4552 in
1211 4502 1262 4555 illc
1273 4500 1341 4554 lroru
1351 4499 1442 4568 [astris
1451 4501 1488 4551 est
1497 4500 1676 4552 terremotus
1685 4511 1807 4567 macnus.
1821 4493 1873 4547 Cum

252 4587 333 4657 pedes
352 4602 422 4640 suos,
448 4585 590 4650 Quantum
605 4592 699 4641 autern
716 4587 818 4641 sithoc
841 4588 976 4650 loturum,
995 4595 1056 4661 post
1096 4591 1258 4662 loqueretur
1272 4587 1305 4641 de
1320 4586 1379 4658 ipso
1390 4585 1506 4657 judicio,
1524 4591 1644 4656 repente
1660 4585 1780 4643 renitad
1792 4597 1873 4656 caqoe

258 4677 322 4732 illos
337 4676 524 4749 quadraginta
539 4676 663 4747 quinque
691 4675 750 4729 dies
778 4677 853 4731 selus
873 4677 946 4732 Deus
968 4678 1053 4734 uerit.
1097 4685 1162 4736 unte
1175 4677 1363 4741 iuturosunt3
1380 4674 1407 4728 id
1419 4673 1748 4747 estadpersecutioneru
1758 4669 1873 4732 Atticm

258 4767 335 4822 liene
350 4781 413 4820 rero
424 4771 500 4820 sture
509 4765 641 4819 dicuntur
651 4765 824 4836 sanctique
833 4766 939 4820 scilicet
946 4767 1003 4834 jam
1016 4766 1056 4821 in·
1097 4767 1142 4827 sti,
1152 4766 1187 4821 de
1202 4782 1257 4836 qno
1273 4762 1355 4834 paulo
1370 4768 1436 4819 ante
1449 4763 1554 4818 iecerat
1571 4763 1874 4833 sermoneru‚ipsuroqlt

259 4853 472 4924 commutabiles
483 4859 566 4909 erunt
580 4855 608 4909 in
628 4860 731 4915 mente,
748 4861 777 4909 et
788 4854 1014 4925 incorruptibiles
1027 4854 1057 4908 in
1098 4853 1281 4910 rocuthoraru
1298 4868 1381 4924 quom
1397 4857 1462 4907 ante
1472 4851 1501 4907 in
1519 4850 1611 4907 tribus
1626 4852 1729 4913 diebus
1743 4859 1771 4906 et
1784 4847 1874 4906 diuidit

260 4958 384 5013 corpore.
397 4944 430 4998 et
444 4948 654 5011 tirncrmopnus
671 4945 776 5003 cecidit.
790 4943 816 4998 id
833 4950 875 4998 est
885 4944 1057 5013 cauete-aper
1097 4939 1362 5014 expresseratQuid
1372 4944 1466 4994 autem
1475 4937 1622 5002 mirumst
1630 4939 1732 4997 eadem
1747 4931 1874 5013 persecuto

262 5035 364 5099 eosqui
377 5034 506 5087 viderunt
524 5049 576 5087 ecs.
594 5034 648 5088 Pro
663 5051 695 5088 eo
712 5034 782 5107 quod
800 5039 842 5087 est
860 5033 1004 5099 videbunt,
1028 5033 1055 5089 id
1098 5047 1155 5087 una
1180 5031 1249 5085 liora
1265 5034 1387 5096 vocetur,
1403 5042 1466 5084 curn
1482 5041 1566 5084 omne
1579 5043 1709 5101 presens
1723 5033 1874 5103 tempotum

264 5120 307 5170 est
334 5135 418 5189 snper
440 5138 536 5176 omnes
560 5123 692 5194 reprobos
709 5124 757 5196 qui
778 5123 979 5178 interfecerunt
993 5138 1053 5179 cos.
1099 5115 1524 5191 heraappelletur‚1'uxtaquod
1541 5115 1668 5173 loannes
1689 5116 1778 5174 dicit:
1795 5110 1873 5171 frudi

263 5204 307 5260 lbi
319 5206 423 5278 quippe
437 5217 635 5280 recognoscent
644 5213 726 5268 eosin
736 5213 909 5285 gloriu,quos
921 5211 1059 5282 persecuti
1101 5212 1249 5264 actussima
1269 5209 1338 5263 noro
1352 5210 1389 5262 est
1401 5206 1427 5279 (Ι
1439 5205 1520 5261 loun.
1536 5216 1576 5266 ru.
1598 5204 1788 5263 Terraemotus
1804 5203 1873 5274 tuque

265 5298 332 5350 sunt
345 5293 375 5346 in
388 5299 518 5364 praesenti
533 5299 599 5352 rita.
612 5307 639 5353 et
654 5300 794 5356 timebunt
804 5301 871 5355 dum
886 5300 1060 5355 rideriuteos
1100 5298 1241 5369 significat
1260 5296 1338 5352 illam
1358 5291 1583 5368 persecutionem
1599 5293 1809 5357 validissimam,
1822 5284 1873 5344 uolt

264 5381 1058 5456 glorificatos,exspectantessentcntiamdivinaeultiouis.
1101 5388 1172 5443 benc
1188 5389 1365 5443 terraemetus
1390 5396 1447 5437 non
1460 5378 1632 5455 simpliciter
1646 5383 1696 5441 sed
1712 5400 1776 5438 curu
1793 5377 1874 5437 addit·

265 5472 416 5529 Valetium
432 5473 485 5544 ipsi
498 5474 661 5530 cancticum
677 5478 960 5535 viderintscinriccm
976 5478 1059 5548 glori·
1102 5483 1196 5531 mento
1223 5490 1342 5545 mugnus
1356 5476 1481 5534 crocatur,
1500 5470 1568 5544 quia
1583 5477 1653 5527 tunc
1679 5472 1818 5529 tribulatio
1830 5465 1872 5525 etit

266 5565 373 5632 ficatos,
389 5567 417 5618 et
429 5561 550 5618 viderint
576 5563 676 5633 coelum
692 5566 800 5630 ardere,
817 5568 957 5624 infernum
981 5582 1062 5640 aper·
1102 5572 1134 5619 ut
1146 5565 1282 5621 Dominus
1292 5563 1342 5631 ait,
1355 5558 1446 5634 qualis
1456 5573 1515 5615 nou
1528 5559 1593 5624 tuit,
1609 5576 1705 5634 neque
1721 5562 1777 5617 liet
1791 5555 1875 5616 finiret
