3818 6104
150 241 205 297 975
356 237 546 293 HthlONlS
565 232 809 288 llALBEliSTAT.
831 231 943 285 uulso.
966 231 1044 285 OPP.
1067 233 1158 287 PARS
1176 233 1199 291 1.
1221 263 1252 273 -
1275 233 1463 289 colluunt.
1483 233 1579 289 BIBL.
1738 233 1783 293 tlt

151 361 291 426 cumillis
307 361 346 415 ita
361 359 554 429 accipiendum
568 363 761 429 est,tanquam
775 356 976 426 diceret.pu·A
989 357 1089 426 gloria.
1110 358 1189 411 Unde
1199 359 1323 412 ioannes
1338 359 1420 413 dicit:
1433 361 1572 427 Quotquot
1583 364 1678 412 artum
1692 376 1785 428 recepe

150 451 243 521 gnabo
256 457 359 515 tecum,
381 450 445 521 quia
461 449 591 502 videlicet
616 447 675 501 haee
697 446 784 500 verba
811 446 886 499 etad
903 461 950 498 eos
993 451 1140 510 rnntrum,
1152 449 1226 500 (latit
1236 452 1273 501 eis
1281 453 1437 516 potestatem
1447 451 1521 515 filios
1533 450 1583 501 [tei
1591 451 1656 514 fieri
1667 447 1783 516 (toarno,

151 541 304 612 pertinent,
320 540 367 611 qui
381 539 540 610 praedictam
552 538 707 591 doctrinam
720 535 952 606 sequebantur·,et
992 541 1023 587 ut
1032 535 1105 588 sieut
1118 542 1160 589 est
1169 536 1256 590 Filius
1267 537 1315 590 [lei
1326 538 1439 608 ipseper
1460 542 1608 601 naturam,
1629 537 1669 589 ita
1680 537 1734 590 sint
1747 539 1786 592 isti

152 631 188 684 nd
204 646 251 684 eos
266 630 350 683 etiam
366 629 413 699 qui
437 645 485 681 eos
512 643 568 680 non
582 624 772 695 corrigebant.
790 624 855 677 Pari
874 623 949 676 enim
991 640 1041 693 per
1051 624 1183 693 gnitiam.
1198 627 1229 679 ln
1240 641 1295 695 (pua
1307 626 1437 680 uidelicet
1451 626 1618 696 adoptionis
1632 626 1733 696 gratia,
1747 644 1788 680 no

152 726 233 772 reatu
248 717 415 786 astringitur
429 721 457 771 et
471 716 518 768 ille
534 715 581 786 qui
598 732 682 785 prata
698 715 787 775 docet,
802 719 830 765 et
845 712 891 765 ille
902 712 949 780 qui
991 728 1056 765 rnen
1070 713 1261 767 etiamnovum
1275 714 1368 773 datur.
1380 715 1409 768 id
1422 722 1467 768 est
1477 731 1585 768 nornen
1605 714 1786 768 Christianum

152 822 238 876 prava
248 805 341 860 doceri
355 810 450 858 tacens
480 803 628 879 permittit.
645 800 758 855 Talibus
772 800 868 870 itaque
882 799 950 853 dicit
991 802 1069 870 prius
1084 802 1252 856 inauditum.
1269 807 1293 856 Α
1308 804 1420 857 Christo
1435 804 1512 857 enim
1528 804 1632 857 fideles
1643 803 1785 857 Christiani

151 894 301 950 Dominus:
322 894 410 948 Venio
430 891 491 956 tibi,
503 893 583 946 idest
598 892 748 944 adrentum
770 889 818 942 irae
834 905 902 942 meae
922 893 950 941 et
991 898 1134 955 vocantur,
1144 892 1217 943 sicut
1230 889 1264 944 ab
1280 892 1561 954 ls1·aellsraelitae,et
1576 908 1595 944 n
1610 892 1685 945 luda
1695 892 1783 947 iudei.

151 984 302 1039 vindictam
316 988 344 1038 te
359 984 464 1039 sentire
479 982 591 1047 faciam,
608 987 636 1035 et
647 979 845 1051 pugnaboeum
854 978 909 1031 illis
920 978 950 1031 in
991 979 1030 1032 De
1046 979 1097 1032 hoc
1108 979 1221 1032 nomine
1234 997 1284 1050 per
1299 982 1464 1051 prophetam
1476 980 1584 1035 isaiam
1596 979 1730 1034 Ecclesiae
1738 997 1785 1036 sue

150 1073 245 1144 gladio
258 1074 314 1127 oris
330 1073 393 1137 mei,
407 1072 436 1126 id
459 1077 503 1125 eat
515 1070 605 1125 acutis
629 1068 804 1140 eloquiorum
820 1082 948 1120 meorum
991 1067 1050 1138 ipse
1061 1068 1196 1122 Dominus
1211 1077 1276 1122 ante
1289 1069 1373 1123 dixit:
1398 1072 1543 1124 Vocabitur
1555 1071 1611 1123 tibi
1628 1087 1730 1123 travam
1746 1087 1785 1123 no·

150 1163 297 1217 sententiis
312 1159 529 1216 iilosdamnabo.
542 1157 658 1212 Gladius
670 1158 744 1211 enirn
755 1156 813 1210 oris
827 1155 877 1209 Dei
892 1172 948 1209 ser·
989 1173 1062 1218 rnen,
1073 1159 1145 1224 qaod
1155 1159 1302 1212 osbernini
1310 1162 1465 1212 nominauit
1475 1161 1542 1226 (Ira.
1552 1163 1634 1220 exn).
1645 1159 1678 1212 ln
1691 1159 1785 1213 calculo

151 1268 264 1307 monem
278 1252 352 1306 illius
366 1251 459 1305 valida
473 1255 610 1320 precepta
633 1247 782 1316 significat,
798 1246 885 1299 Paulo
904 1250 948 1298 at·
989 1245 1082 1315 itaque
1097 1244 1244 1300 habethoc
1258 1263 1370 1311 nomen,
1387 1248 1454 1318 quia
1482 1247 1518 1301 ab
1542 1248 1610 1318 ipso
1630 1248 1708 1318 cepit
1721 1265 1787 1302 exor-

152 1346 282 1408 testante,
292 1339 431 1411 quidicit:
445 1339 477 1392 Et
495 1339 622 1406 pladiani
632 1335 870 1403 spiritasqnodcst
885 1348 947 1387 rer·
988 1333 1175 1406 diurnaque
1195 1353 1292 1390 omnes
1312 1337 1464 1391 Christiani
1480 1339 1681 1391 nominantur.
1701 1339 1730 1391 Et
1744 1340 1785 1393 hoc

151 1431 217 1483 bum
232 1432 281 1484 Dei
297 1429 402 1498 (Ephes.
418 1445 465 1488 vn.
989 1438 1091 1476 nomen
1107 1424 1173 1477 solis
1200 1425 1284 1479 datur
1310 1425 1472 1490 victoribuS,
1489 1426 1517 1479 id
1550 1432 1595 1480 est
1610 1426 1742 1480 omnibus
1757 1427 1785 1482 ad

187 1521 240 1586 Oai
250 1519 327 1572 babet
341 1533 440 1571 aurem
450 1517 549 1569 audiat
559 1516 628 1583 qaid
644 1514 768 1582 Spiritus
783 1511 948 1564 rtioatErctc-
988 1511 1074 1564 sitam
1099 1518 1233 1566 aeternam
1260 1514 1475 1584 praedestinatis.
1494 1516 1543 1585 qui
1568 1516 1657 1585 huius
1676 1517 1785 1571 nominis

149 1611 209 1662 siis.
224 1607 276 1671 Qui
292 1606 388 1677 utique
404 1606 478 1675 quod
491 1604 539 1658 uni
564 1603 676 1657 illarum
694 1601 770 1667 dicit,
786 1616 884 1653 ornnes
899 1600 947 1653 Ee·
987 1600 1152 1670 dignitatem
1177 1602 1308 1672 operibus
1323 1612 1469 1657 exornant.
1483 1604 1569 1658 Unde
1586 1604 1783 1674 subjungitur:

149 1695 248 1749 elesius
262 1694 340 1764 cupit
356 1692 463 1747 audire.
956 1671 1159 1752 BQuodnemo
1169 1689 1409 1754 seit,subauditur
1423 1693 1518 1763 digne,
1537 1693 1595 1746 nisi
1607 1695 1659 1762 qui
1679 1693 1781 1763 accipit.

190 1785 313 1838 Vincenti
335 1782 474 1837 desideria
490 1780 605 1852 propria
629 1784 657 1832 et
680 1778 838 1831 demonum
857 1780 947 1829 tenta·
988 1778 1066 1832 Scire
1076 1780 1150 1831 erum
1163 1780 1285 1849 positum
1294 1786 1338 1834 est
1353 1781 1398 1835 hic
1408 1798 1458 1852 pro
1469 1797 1502 1834 eo
1513 1782 1592 1851 qnod
1608 1789 1665 1846 est,
1677 1782 1727 1836 nisi
1742 1781 1783 1834 rir·

148 1876 253 1932 menta,
263 1871 333 1924 dabo
344 1871 482 1924 eimanna
491 1870 692 1925 absconditam,
707 1866 736 1919 id
747 1871 789 1919 est
808 1863 946 1933 meipsum
986 1873 1076 1920 tutem
1093 1868 1176 1938 huJ‘us
1202 1869 1325 1922 nominis
1350 1875 1480 1940 expertus
1504 1871 1605 1924 fuerit.
1622 1871 1687 1925 Tali
1712 1873 1781 1925 modo

147 1960 268 2015 tribuam
283 1960 323 2014 illi
337 1960 385 2032 qui
396 1957 545 2029 sumpanis
555 1955 751 2010 rivusdccnlo
762 1953 943 2018 descendam,
986 1957 1118 2010 dicuntur
1132 1958 1264 2011 mulieres
1279 1959 1402 2012 nondum
1417 1959 1585 2029 cognovisse
1601 1960 1690 2025 viros,
1706 1961 1732 2015 id
1747 1968 1780 2015 est

147 2049 416 2121 quiqueideosactus
431 2064 493 2101 sum
507 2048 601 2108 horno,
618 2051 650 2099 ut
664 2060 763 2115 panem
780 2043 943 2112 angelorum
986 2061 1047 2114 quae
1060 2046 1186 2100 nondum
1202 2047 1316 2100 luerunt
1338 2054 1458 2118 expertae
1478 2048 1531 2101 riri
1552 2049 1682 2103 thorum.
1704 2051 1778 2103 Nemo

145 2139 330 2193 manducaret
342 2137 436 2191 homo.
453 2137 533 2190 Hunc
561 2133 735 2204 significabat
762 2131 943 2202 paneuiolim
986 2151 1052 2204 ergo
1068 2134 1120 2188 scit
1134 2134 1186 2188 hoc
1207 2151 1319 2198 nomen,
1332 2136 1384 2189 nisi
1398 2137 1447 2206 qui
1459 2137 1575 2207 accipit,
1592 2138 1623 2191 id
1638 2144 1683 2191 est
1710 2155 1777 2192 neno

145 2226 216 2280 illud
228 2225 429 2297 manna.quod
443 2224 509 2278 aliis
523 2223 609 2278 lsrael
625 2222 721 2276 datum
738 2228 781 2274 est
795 2220 824 2272 in
839 2236 942 2273 eremo.
984 2224 1545 2295 virtutemhujusnominisetdignitatem
1558 2225 1720 2281 moribuset
1731 2228 1775 2281 rita

146 2315 226 2379 Quod
240 2309 809 2386 quispiritualitermanducaverunt,sieut
823 2310 942 2378 Moyses,
985 2313 1118 2379 defendit,
1131 2312 1184 2366 nisi
1205 2313 1251 2383 qui
1268 2320 1333 2367 ante
1355 2314 1440 2367 luerit
1455 2315 1706 2384 predestinatusn
1719 2316 1772 2378 Deo,

144 2406 249 2469 Aaron,
266 2403 404 2470 otiosae,
419 2408 447 2456 et
463 2402 486 2455 si
497 2400 601 2454 mortui
612 2404 678 2453 sulit
688 2414 813 2468 corpore,
827 2397 944 2449 immor·
985 2401 1100 2455 uthlius
1114 2401 1164 2454 Dei
1179 2418 1235 2455 non
1261 2402 1351 2456 solum
1377 2403 1551 2467 nominetur,
1569 2404 1619 2457 sed
1635 2405 1717 2457 etiarn
1730 2405 1768 2463 sit.

145 2492 215 2546 tales
228 2491 344 2546 fuerunt
363 2496 467 2544 mente.
482 2489 536 2553 Qui
552 2494 647 2542 autern
661 2486 731 2539 nihil
752 2485 826 2539 aliud
842 2492 944 2555 praeter
984 2490 1071 2544 Nosse
1088 2490 1191 2543 etenim
1207 2491 1311 2544 Christi
1323 2506 1435 2559 nomen,
1448 2492 1483 2546 ad
1498 2493 1662 2546 custodiam
1675 2493 1770 2546 manda·

144 2580 219 2652 quod
234 2578 413 2635 ridebantibi
428 2578 633 2647 intelligebant,
650 2575 753 2629 mortui
774 2582 839 2627 sunt
854 2580 943 2627 morte
984 2585 1078 2633 torum
1092 2579 1225 2649 pertinet.
1242 2579 1302 2643 Quo
1312 2586 1410 2634 contra
1423 2581 1548 2634 Joannes
1560 2580 1596 2635 de
1608 2582 1729 2652 quolibet
1740 2599 1772 2636 re

59 2721 62 2726 .
145 2670 309 2724 aeternalia
321 2666 421 2738 quibus
434 2663 646 2720 Dominusdieit
663 2664 677 2716 J
681 2662 765 2716 udaeis
776 2680 781 2714 :
795 2663 888 2715 Patres
903 2677 944 2715 rc·
985 2667 1145 2736 probodicit
1156 2683 1161 2715 :
1174 2669 1228 2735 Qui
1237 2670 1521 2733 dicitsenossellcum,
1533 2675 1558 2723 rt
1578 2673 1712 2725 inundata
1723 2676 1769 2740 ejus

144 2760 197 2810 stri
207 2757 447 2810 manducaverunt
457 2767 575 2816 matina»
587 2756 612 2803 ⁰²
620 2752 725 2803 ”Willis
730 2750 940 2814 uindicanti).
984 2773 1039 2810 non
1055 2759 1183 2820 custodit,
1198 2759 1317 2811 mendae
1340 2764 1386 2823 est,
1407 2761 1550 2812 alacritas
1577 2763 1611 2813 tn
1633 2777 1663 2812 eo
1678 2776 1728 2813 aon
1740 2765 1769 2813 est

144 2845 222 2900 Sicut
235 2851 264 2899 et
277 2860 352 2899 nunc
366 2842 414 2914 qui
426 2842 510 2911 digne
536 2855 638 2909 corpus
659 2843 688 2892 et
706 2836 872 2905 sanguinem
885 2837 941 2889 DO-
981 2847 1010 2917 (Ι
1021 2844 1150 2914 tonan).
1163 2845 1252 2899 Nemo
1268 2846 1362 2916 itaque
1377 2846 1429 2900 scit
1450 2847 1503 2901 hoc
1525 2864 1643 2912 nornen,
1665 2849 1715 2902 nisi
1732 2848 1770 2918 qui

144 2933 212 2987 mini
226 2933 376 3003 accipiunt,
389 2932 474 2985 vitam
490 2928 528 2983 ibi
540 2933 656 2983 sumunt
674 2945 679 2980 :
694 2925 741 2995 qui
756 2925 809 2978 hoe
828 2923 941 2992 indigne
983 2932 1093 3004 accipit,
1111 2934 1138 2988 id
1151 2940 1194 2988 est
1213 2935 1260 3005 qui
1275 2935 1309 2988 ad
1325 2935 1377 2988 hoc
1391 2935 1612 3007 praedestinatus
1627 2944 1670 2991 est
1685 2937 1768 2999 aneo,

142 3013 1012 3089 manducant‚jtldicltlmsibimtlnducantetbibultt.lsiudssut
1025 3023 1089 3091 jure
1112 3023 1289 3077 Christianus
1302 3031 1416 3078 uocetur
1441 3030 1469 3078 et
1488 3025 1536 3077 sit,
1554 3025 1666 3080 Potest
1692 3031 1770 3096 etper

141 3116 238 3163 autern
251 3125 355 3161 manna
365 3108 439 3178 quod
454 3107 499 3161 hic
509 3105 685 3177 promittitur
704 3102 842 3164 fidelibus,
858 3102 940 3156 modo
982 3110 1057 3165 hunc
1071 3111 1192 3181 lapidem
1208 3111 1327 3181 ignitum
1337 3112 1460 3166 charitas
1468 3113 1601 3184 intelligi,
1615 3115 1770 3186 quaecanda

143 3196 255 3266 quidem
272 3197 301 3248 in
313 3201 489 3249 sacramento
499 3195 639 3264 accipiunt
650 3209 700 3263 per
711 3192 805 3251 sidem,
817 3191 941 3262 quando·
981 3215 1040 3252 rem
1051 3197 1145 3262 habet,
1162 3216 1212 3269 per
1225 3201 1278 3254 hoc
1292 3201 1364 3271 quod
1377 3201 1459 3256 restis
1469 3209 1513 3255 est
1539 3202 1673 3273 operiens
1685 3204 1770 3273 nigre·

142 3300 197 3353 que
210 3284 264 3337 hoc
274 3283 302 3336 in
318 3282 433 3336 veritate
442 3282 672 3352 perspiritualem
681 3287 816 3333 sumetur:
828 3285 854 3332 et
866 3278 940 3349 quod
981 3285 1074 3339 dinem
1083 3294 1259 3357 peccatorum
1273 3305 1278 3340 :
1292 3289 1442 3359 perignem
1454 3294 1563 3355 autem,
1580 3307 1725 3362 amorque
1737 3290 1770 3343 di·

142 3387 217 3426 nunc
226 3369 604 3434 milneiabsconditum,tunc
615 3368 863 3423 eritmnnil'eslum.
885 3367 939 3430 Qui
981 3373 1080 3445 ligitur
1093 3376 1167 3429 Deus
1178 3382 1206 3429 et
1218 3375 1408 3431 homaDatur
1421 3393 1488 3448 ergo
1495 3378 1677 3435 vincentibus
1690 3380 1770 3433 calcu-

141 3459 236 3531 itaque
246 3457 438 3520 racerit,dabo
450 3457 488 3511 illi
500 3473 604 3510 manna
619 3455 824 3519 absconditum,
846 3456 936 3522 idest,
980 3462 1024 3516 lus
1036 3463 1180 3530 candidus,
1190 3470 1222 3518 ut
1234 3465 1352 3534 diligant
1362 3466 1451 3520 Deum
1467 3472 1496 3520 et
1510 3468 1683 3539 proximum.
1695 3469 1772 3522 Datur

141 3566 233 3604 meam
248 3554 310 3621 post
323 3548 417 3602 finitos
432 3547 516 3615 huius
526 3546 588 3600 vitta
603 3544 712 3599 labores
724 3544 939 3615 contemplatio·
980 3552 1121 3606 incaleulo
1132 3569 1243 3619 nomen,
1259 3560 1291 3607 ut
1303 3554 1393 3624 ipsam
1414 3555 1598 3611 dilectionem
1612 3558 1771 3630 adimpleant

141 3655 206 3693 nem
220 3638 261 3693 illi
276 3637 437 3692 concedam.
452 3636 532 3691 Unde
545 3635 696 3689 Psalmista
710 3633 795 3687 dicit:
812 3633 940 3688 Satiatur
981 3640 1010 3693 in
1020 3642 1151 3695 mandato
1161 3658 1244 3700 novo,
1265 3643 1404 3713 Scriptum
1421 3645 1524 3715 quippe
1535 3653 1579 3700 est
1595 3666 1602 3702 :
1622 3649 1770 3702 ,pandarum

140 3729 208 3782 dum
223 3727 448 3793 morrisestabttur
462 3727 553 3792 pluria
570 3728 617 3777 tuo
637 3724 723 3794 (Psoi.
745 3722 814 3784 xvt).
838 3722 942 3775 Manna
982 3731 1122 3782 naottmdo
1133 3728 1215 3794 cobis
1227 3735 1258 3783 at
1269 3746 1313 3784 eos
1324 3733 1442 3785 inuicem
1456 3733 1588 3800 dittpotis
1603 3737 1692 3804 (loon.
1703 3746 1767 3792 nni.

141 3816 245 3870 etenim
256 3815 477 3885 interpretatur:
491 3813 564 3877 Quid
572 3819 615 3866 est
625 3812 677 3865 hoc
687 3810 765 3864 ‘ttius
780 3816 874 3863 autem
890 3827 940 3864 ne·
981 3817 1068 3886 Cujus
1078 3817 1200 3871 nominis
1211 3819 1341 3873 virtutem
1353 3819 1428 3874 solus
1441 3821 1493 3874 scit
1512 3822 1562 3892 qui
1576 3825 1687 3896 accipit,
1698 3824 1722 3879 id
1735 3830 1770 3878 est

141 3921 283 3976 quaquam
299 3903 436 3958 dicimus:
455 3902 528 3966 Quid
544 3905 587 3954 est
603 3902 663 3965 hoc,
679 3899 732 3953 nisi
752 3899 786 3953 de
811 3915 940 3970 requam
981 3905 1070 3974 quiin
1086 3923 1157 3960 noro
1169 3908 1301 3962 mandato
1312 3907 1381 3962 illud
1392 3910 1525 3977 custodit,
1538 3914 1616 3982 quod
1637 3913 1769 3986 discipulis

140 3999 206 4048 ante
220 4009 276 4047 non
290 3992 419 4046 vidimus.
437 3991 515 4045 lstud
531 3990 607 4044 enirn
621 4005 724 4042 alanna
749 4004 824 4042 nunc
844 3993 939 4041 manet
980 3999 1023 4048 est
1037 3995 1178 4049 collatum,

140 4082 432 4151 absconditum,juxta
440 4079 513 4149 quod
524 4078 676 4149 Apostolus
685 4077 743 4130 ait:
761 4077 835 4143 Quod
843 4080 939 4130 ocutus
1014 4084 1047 4137 Et
1057 4087 1153 4150 anpeto
1164 4085 1303 4153 Thyatira
1311 4087 1433 4141 Ecclesia
1442 4091 1692 4162 seribe'lhyatira,
1706 4092 1768 4146 sicui

140 4187 196 4226 non
207 4173 286 4238 cidit,
296 4171 433 4224 iterantis
443 4169 654 4228 audiuitnectn
664 4167 939 4220 carternitanum·
979 4172 1525 4241 supradictumest,illuminatadicitur,
1547 4179 1709 4250 significans
1718 4178 1768 4234 uni·

139 4261 190 4320 dit,
203 4275 262 4326 que
269 4261 438 4326 preparavit
451 4257 521 4309 Deus
545 4256 725 4321 ditiyentibus
739 4271 765 4307 se-
779 4256 804 4324 (Ι
818 4253 878 4307 Cor.
895 4255 935 4323 nl.
979 4276 1086 4313 versam
1099 4261 1260 4327 Ecclesiam,
1270 4263 1548 4332 quaeilluminntnest
1558 4285 1613 4338 per
1627 4270 1765 4335 Christum,

156 4348 189 4400 Et
199 4347 267 4400 dabo
280 4348 326 4399 itti
335 4344 475 4398 calculum
485 4343 674 4405 conditional
685 4344 718 4395 tn
726 4343 937 4396 cotratoaomen
946 4330 970 4389 D
979 4349 1027 4416 qui
1038 4354 1080 4402 est
1088 4350 1133 4403 lux
1145 4367 1209 4404 vera
1217 4351 1497 4408 illurninansomnem
1511 4355 1658 4412 hominem
1670 4359 1765 4413 ranien-

138 4436 397 4502 nutrimentalem,
414 4433 486 4500 qood
503 4447 582 4484 nemo
608 4433 660 4483 scit
687 4433 743 4483 nisi
766 4433 816 4498 ont
827 4433 935 4497 accipit·
978 4441 1034 4489 tem
1048 4437 1076 4490 in
1089 4438 1320 4494 huneniundum.
1338 4441 1542 4514 Ideoquequod
1559 4447 1610 4500 uni
1623 4447 1765 4519 specialiter

138 4524 270 4579 Calculus
284 4522 355 4594 lapis
366 4529 408 4576 est
420 4521 568 4591 pretiosus,
587 4519 635 4590 qui
648 4526 676 4573 et
685 4519 872 4573 carbunculus
886 4537 936 4590 ap·
977 4524 1107 4581 Ecclesiae
1125 4527 1216 4581 dicere
1235 4545 1327 4582 sermo
1342 4531 1452 4585 divinus
1468 4533 1591 4601 ridetur,
1608 4535 1763 4606 generaliter

136 4613 267 4685 pellatur,
282 4627 315 4665 eo
323 4610 431 4683 quodin
440 4607 564 4662 tenebris
574 4608 752 4673 constitutus,
770 4607 842 4662 sicut
853 4607 936 4662 carbo
978 4613 1013 4666 ad
1029 4630 1140 4666 omnem
1155 4614 1306 4668 Ecclesiam
1322 4616 1452 4686 pertinet.

135 4717 288 4756 succensus
302 4699 410 4769 fulgere
424 4695 660 4768 perhibetur.Per
673 4696 747 4750 hunc
764 4697 936 4767 autemlapi-
1011 4703 1357 4772 tlo’odicr‘tttttnsDatqui
1373 4706 1451 4759 habet
1475 4712 1614 4764 ocularet
1629 4713 1759 4778 (tamaium

135 4790 201 4844 dem
215 4791 274 4861 ipse
288 4786 455 4857 intelligitur
465 4785 603 4851 Christus,
617 4784 664 4854 qui
675 4786 750 4838 inter
761 4785 935 4853 hujusstecu·
976 4793 1059 4857 tpnia.
1073 4791 1123 4844 llic
1131 4792 1469 4862 jamaperteostenditur,
1481 4798 1564 4866 cujus
1579 4804 1678 4870 typum
1691 4814 1761 4868 auge

135 4877 295 4932 litenebras
321 4874 441 4941 refulsit,
463 4874 575 4944 quando
600 4873 723 4926 Verbum
749 4889 813 4926 earo
830 4873 933 4927 factum
975 4876 1210 4950 lusgerebat,qui
1224 4881 1282 4935 heac
1297 4882 1462 4937 ostendebat
1478 4884 1562 4940 beato
1584 4888 1692 4953 loanni,
1706 4900 1758 4941 eun

135 4970 187 5029 est,
200 4970 229 5018 et
255 4964 391 5018 habitarit
404 4963 434 5015 in
450 4961 539 5016 nobis.
567 4962 646 5016 Unde
663 4966 691 5014 et
703 4959 774 5014 bene
798 4961 933 5016 candidus
975 4966 1128 5025 suarerba.
1141 4969 1203 5022 Filii
1217 4969 1367 5035 Deirerba‚
1382 4972 1544 5042 profitetur,
1557 4975 1653 5030 dicens
1671 4994 1677 5028 ε
1696 4976 1756 5034 tlac,

134 5050 248 5113 dicitur,
261 5053 327 5121 quia
339 5053 400 5106 sine
410 5052 468 5104 ulla
482 5051 587 5122 peccati
599 5051 783 5104 otluscationc
809 5050 932 5104 mundus
974 5056 1042 5109 dicit
1057 5055 1144 5109 Filius
1156 5057 1303 5127 Dei,cujus
1317 5059 1389 5113 oculi
1401 5060 1475 5113 velut
1495 5062 1613 5118 flamma
1624 5065 1694 5135 ignis
1703 5060 1757 5117 exsi-

134 5138 347 5208 apparuitinter
360 5139 499 5204 homines,
515 5146 542 5192 et
553 5139 772 5193 divinitatissuro
787 5139 847 5192 luce
857 5145 933 5192 tene·
973 5150 1088 5210 stentes‚
1101 5151 1168 5198 sunt
1176 5144 1250 5199 dona
1258 5147 1380 5216 Spiritus
1389 5149 1557 5222 sanctique
1567 5158 1659 5207 totum
1674 5165 1757 5222 eorpus

132 5224 197 5280 bras
214 5231 315 5279 nostrie
336 5224 692 5282 mortalitatisillustrarit.
727 5227 798 5283 llicit
812 5227 929 5298 itaquo:
973 5232 1101 5286 Ecclesiae
1124 5232 1292 5286 illuminant.
1309 5234 1359 5289 Vel
1388 5237 1575 5294 certedirina
1599 5237 1756 5313 eloquium

131 5315 209 5370 Dabo
233 5314 352 5368 vincenti
382 5314 519 5367 caleulum
547 5333 674 5382 aureum,
691 5318 720 5371 id
748 5326 790 5371 est
815 5317 926 5372 daboei
968 5319 1069 5391 quibus
1080 5320 1215 5390 seriptum
1231 5327 1294 5375 est:
1312 5323 1435 5377 Lucerna
1447 5327 1563 5394 pedibas
1579 5333 1645 5383 tricis
1660 5329 1756 5383 certum

130 5404 279 5475 meipsum,
291 5402 379 5473 quide
389 5402 582 5472 mundantque
594 5415 708 5460 auctore
721 5407 818 5461 mortis
830 5409 927 5462 trium·
968 5416 1050 5463 turim
1062 5411 1151 5474 (Psoi.
1169 5411 1281 5477 csvrnl3
1300 5419 1328 5464 et
1342 5411 1465 5467 iterum:
1492 5418 1620 5484 tonitam
1633 5422 1754 5487 rhoetum

128 5494 206 5565 pluat,
215 5498 246 5548 ut
255 5491 291 5547 sit
302 5490 408 5545 scilicet
419 5504 497 5542 meus
506 5488 592 5544 frater
600 5499 629 5544 et
646 5495 784 5565 particeps
803 5498 882 5567 regni
898 5498 925 5551 in
969 5499 1500 5570 taamoclwrncntcrtlbid.)‚Veletiant,
1514 5507 1589 5560 oculi
1607 5505 1711 5562 Domini
1720 5505 1755 5558 in·
