3818 6104
132 302 167 360 se
336 303 526 359 samonis
546 286 788 357 nereensem.
810 281 923 358 irriso.
945 284 1023 357 oie.
1045 286 1137 358 aias·
1156 294 1179 360 1.
1200 332 1236 344 -
1254 305 1442 361 cenaene.
1462 305 1555 361 area.
1730 292 1763 361 bo

131 405 243 499 predere
255 427 398 491 simulant,
410 427 484 498 quod
495 427 567 481 male
577 426 756 496 intelligendo
767 428 919 482 ruminant
930 420 1071 506 Aintellig
1073 427 1138 492 itur,
1153 428 1186 483 de
1198 429 1392 499 quoscriptum
1404 437 1485 485 εειιι
1499 414 1692 484 Νιιιιιοιιοιιιιι
1709 393 1763 481 nisi

131 515 368 576 Ethocfaorentes
378 515 673 573 receduntaDonvvno
679 514 827 588 quidocuit
839 531 886 568 eos
897 531 925 569 ιιι
967 516 1043 569 solus
1058 516 1141 570 Deus
1155 517 1344 587 »ProJ'ecilit
1340 517 1633 591 aquelsraelbonum,
1648 492 1701 571 boc
1715 521 1763 576 est.

131 604 266 670 Ecclesia,
278 611 306 660 et
315 604 442 660 dediters
452 603 642 659 tortitudinem
647 610 786 672 ,:tqua‹on
776 604 926 658 rraadvcr·
967 592 1056 659 Deum
1072 621 1153 660 suum
1169 605 1292 675 reliquit,
1304 612 1333 660 ιι
1348 622 1398 676 pro
1414 592 1501 662 nihilo
1523 595 1628 661 duxit:
1648 603 1766 687 ide9que

131 693 221 750 sarius
234 693 410 749 dimicarent.
427 691 483 763 lpsi
503 707 567 744 rere
583 688 708 762 cogitant
721 702 819 748 contra
837 693 925 747 Deum
967 709 1030 749 cum
1043 692 1214 759 clamaverit,
1226 710 1281 749 non
1295 694 1441 751 exaudiam
1455 710 1520 748 eum
1535 698 1619 774 prtop
1620 708 1653 745 er
1607 678 1766 775 tlalsum

132 782 290 838 malitiam
272 797 462 852 impiissimas
473 782 592 835 haereses
605 786 790 844 exstruentes
801 781 926 853 fiuntque
967 798 1069 838 nomeu
1079 782 1176 846 lsrael
1193 782 1262 837 sed
1256 799 1386 838 innmcus
1400 783 1460 849 (hoc
1473 784 1525 839 est
1543 767 1692 863 Assyrius,
1712 779 1768 847 sire

130 869 237 927 similes
244 871 385 946 gentibus,
402 870 476 923 etad
491 868 611 926 nihilum
626 868 803 939 rediguntur
808 870 842 923 Et
856 870 927 923 tiles
968 870 1053 924 etiam
1069 854 1205 935 diabolus)
1217 879 1485 944 persequetureum,
1500 876 1528 926 et
1538 855 1766 950 comprehendet,

130 959 300 1016 vertuntur
293 975 323 1014 ιιι
337 974 433 1013 arcum
458 957 597 1033 dolosum,
618 957 686 1015 dum
708 974 766 1010 suis
781 957 927 1012 sententiis
969 958 1026 1040 qui,
1047 976 1091 1014 me
1105 975 1169 1029 rege
1183 960 1326 1024 derelicto
1342 961 1486 1043 petierunt
1499 957 1553 1015 srbv
1567 974 1675 1031 regem
1697 957 1770 1013 sieut

131 1053 251 1105 mortem
263 1047 315 1102 s1b1
330 1054 463 1103 aeternam
478 1046 611 1100 inferunt
628 1045 708 1101 Unde
720 1063 795 1115 prm
800 1046 857 1114 ipos
846 1045 928 1100 hae-
967 1032 1200 1120 habentreliquae
1212 1055 1320 1118 gentes
1339 1048 1527 1106 Undestathn
1544 1035 1716 1131 subiungit:

128 1135 282 1191 reticorum
295 1141 412 1206 propter
424 1134 563 1191 insaniam
576 1133 745 1204 linguaesuae
748 1135 852 1203 ,ιιιιιιιιἸ
856 1134 927 1187 υιιιι-
1007 1122 1085 1206 ¹lpsi
1100 1143 1297 1209 regnaverunt,
1302 1143 1394 1194 elnon
1410 1154 1441 1194 ex
1458 1153 1523 1195 me:
1538 1151 1680 1209 principes
1689 1136 1771 1191 essu

128 1238 196 1278 uum
214 1224 419 1294 blasphemant,
438 1222 760 1292 sententiaveriJ‘udicis
777 1223 925 1288 l'eriuntur,
968 1231 1074 1292 terunt,
1089 1232 1186 1281 etnon
1205 1227 1331 1295 cognovi.
1349 1214 1769 1299 oSihooadprimumregem

129 1312 264 1371 facientes
275 1311 395 1367 eadem
389 1328 417 1364 m
429 1310 493 1364 falsi
506 1310 629 1368 nominis
639 1311 771 1375 Ecclesia,
787 1327 847 1381 quae
862 1318 928 1365 ante
969 1330 1065 1393 eorum
1079 1312 1145 1371 Saul
1161 1331 1190 1369 rc
1193 1314 1264 1371 ferre
1280 1304 1460 1384 voluerimus,
1482 1313 1598 1387 quaestio
1613 1312 1705 1369 oritur
1720 1328 1771 1370 cur

128 1399 269 1457 faciebant
284 1398 374 1454 dum
368 1415 398 1451 m
412 1398 545 1471 AEgypto,
563 1399 616 1452 hoc
630 1406 682 1478 est,
694 1399 722 1453 in
738 1399 860 1455 tenebris
872 1416 929 1454 mo·
969 1386 1203 1458 Dominusdicat:
1214 1401 1271 1474 Ipsi
1287 1409 1485 1474 regnaverunt,
1495 1410 1585 1458 elnon
1595 1418 1627 1459 ex
1638 1407 1770 1467 macta,

129 1487 267 1544 rabuntur
280 1486 454 1543 infidelitatis
466 1492 494 1543 et
504 1487 678 1562 ignorantia.
970 1507 1033 1545 curn
1048 1490 1188 1547 Dominus
1200 1491 1315 1562 elegerit
1331 1508 1406 1556 eum,
1432 1497 1461 1546 et
1482 1507 1533 1563 per
1553 1480 1660 1547 sortem
1677 1506 1771 1572 regem

426 1629 543 1685 CAPUT
558 1623 636 1684 Vm
972 1580 1159 1635 constituerit.
1164 1581 1235 1635 Nam
1245 1587 1273 1635 et
1283 1566 1397 1636 Samuel
1407 1596 1513 1651 eorege
1524 1579 1677 1635 constitute
1687 1567 1769 1663 dixit:

972 1668 1163 1725 Certevidetis
1172 1686 1254 1739 quem
1267 1669 1352 1742 elegit
1363 1658 1507 1725 Dominus.
1519 1654 1599 1725 Unde
1610 1659 1674 1753 etin
1688 1650 1772 1723 domo

170 1756 368 1826 clugutturet
370 1772 405 1810 uo
419 1755 540 1812 sittuba.
555 1775 567 1808 ιι
579 1757 748 1813 Vochiest
763 1758 797 1812 ad
813 1758 931 1830 prophe·
941 1738 1166 1814 Babsconditum
1181 1744 1313 1831 prodidit,
1330 1764 1359 1813 et
1347 1747 1528 1815 lauriculam
1539 1738 1684 1839 Samuelis
1708 1762 1772 1810 ante

129 1851 198 1912 tarn,
215 1847 260 1901 cui
284 1845 444 1916 praecipitur
456 1852 488 1901 ut
503 1846 543 1902 sio
554 1847 657 1902 exaltet
645 1852 773 1912 tvoceni,
791 1852 930 1918 quatenus
971 1847 1032 1916 ejus
1048 1847 1198 1901 adventurn
1215 1846 1356 1902 revelavit
1379 1837 1434 1903 Sed
1452 1828 1596 1902 sciendum
1617 1845 1685 1918 quia
1698 1824 1773 1901 Deus

128 1934 203 1992 tubes
213 1935 251 1990 sit
263 1934 374 1991 similis
395 1941 426 1992 ut
439 1935 553 2006 plurimi
569 1952 633 1990 eum
646 1936 764 1991 audiant
779 1936 930 1991 vociferari·
970 1935 1146 2005 omnipotens
1159 1935 1309 2017 aliquando
1320 1925 1380 1988 sieri
1391 1922 1529 2004 permittit
1544 1934 1618 2007 quod
1632 1950 1690 1989 non
1702 1922 1770 2016 vult,

128 2027 198 2089 tem,
215 2023 617 2099 quiaplurimipeccaverunt
640 2024 842 2095 Deniquequid
863 2042 926 2078 eum
970 2012 1341 2093 sicutdeipsiuselectiobe
1360 2013 1465 2079 drotum
1488 2023 1612 2107 prolecto
1640 2026 1767 2078 constat

128 2113 586 2182 exaltatavoceeporteatdioere,
602 2113 865 2185 statirnsubjungit,
885 2115 928 2168 di·
971 2097 1770 2194 Viditquippepronaillorumcordaadelectioncmre'gis,

129 2216 218 2255 cens:
239 2199 351 2264 «Quasi
366 2200 461 2270 aquila
474 2217 559 2271 super
573 2202 686 2257 domum
702 2201 823 2257 Domini
842 2203 928 2267 »Quo
970 2190 1773 2271 etideopermisitlierisecundumquodpetebantcovvtra

128 2289 160 2347 ia
176 2289 235 2344 loco
248 2289 343 2360 aquila
358 2290 515 2361 appellatur
528 2290 795 2356 Nabuchodonosor,
816 2291 929 2345 veniens
970 2305 1050 2345 suain
1063 2290 1247 2344 voluntatem.
1259 2291 1382 2355 Duodea
1397 2289 1522 2346 tonitruo
1534 2295 1562 2343 ct
1576 2288 1772 2367 coruscatione

132 2378 267 2435 adversus
291 2377 467 2433 Hierusalem
484 2384 512 2432 et
527 2378 575 2431 Dei
590 2380 737 2450 templum,
756 2381 830 2452 quod
849 2380 879 2434 in
898 2397 932 2437 ea
971 2378 1045 2433 facta
1060 2384 1187 2450 tempore
1210 2379 1304 2443 aestive
1319 2385 1416 2434 centra
1439 2377 1672 2433 consuetudinem
1696 2376 1772 2432 illius

132 2473 194 2521 erat
208 2468 303 2521 situm.
321 2467 374 2543 Qui
385 2464 485 2538 aquila
496 2474 676 2538 coaeparatur
692 2470 930 2539 propternimiam
971 2473 1064 2530 terrae,
1078 2475 1175 2539 aperte
1192 2474 1375 2524 monstratur.
1397 2454 1476 2521 Unde
1502 2473 1530 2521 et
1555 2466 1669 2521 Samuel
1681 2465 1771 2520 sciens

131 2556 307 2612 velocitatem
325 2557 365 2609 vel
382 2556 648 2627 rapacitatem.quia
662 2557 789 2611 imitatus
798 2565 841 2612 est
855 2560 931 2612 vola·
972 2557 1024 2610 boc
1043 2557 1132 2609 Deum
1156 2557 1239 2621 nolle,
1255 2556 1381 2629 praedixit
1396 2557 1436 2610 eis
1450 2558 1498 2624 jus
1513 2555 1597 2625 regis,
1615 2555 1663 2628 q'ui
1677 2554 1771 2632 duris-

129 2650 192 2703 ιιιιιι
208 2646 310 2716 aquilae
333 2645 436 2717 raptim
460 2645 617 2699 festinantis
646 2645 680 2698 ad
701 2648 831 2716 praedam.
852 2648 931 2701 Unde
972 2644 1044 2700 sivua
1056 2644 1189 2699 servitute
1200 2651 1279 2700 erant
1295 2646 1320 2698 ei
1333 2645 1507 2715 subjiciendi,
1526 2653 1558 2698 ut
1572 2644 1607 2697 ad
1622 2643 1772 2698 Dominum

132 2734 259 2792 Ezechiel
274 2732 432 2805 parabolice
442 2734 519 2789 deco
534 2735 660 2806 loquitur
677 2753 683 2788 :
700 2735 801 2808 Aquila
815 2736 931 2808 grandis
972 2748 1065 2802 regem
1077 2733 1324 2787 clementissimum
1345 2740 1562 2789 reverterentur.
1577 2732 1606 2788 Si
1620 2738 1717 2807 autem
1737 2731 1772 2786 ad

132 2839 300 2894 magnarum
314 2823 434 2889 alarum,
455 2824 539 2894 longo
554 2822 745 2877 membrorum
760 2825 846 2880 ductu
856 2825 932 2881 venit
971 2821 1130 2885 Jeroboamt
1143 2822 1190 2892 qui
1202 2827 1298 2893 11⁰&ea
1312 2819 1772 2895 decemt1'ibubuspraesuit.etad

131 2912 167 2970 ed
179 2911 424 2980 Libanumlpsum
436 2911 539 2984 quippe
552 2911 602 2965 Dei
615 2913 760 2988 templum,
771 2930 856 2985 super
875 2932 929 2987 que
971 2917 1086 2966 caeteros
1101 2911 1241 2983 principes
1250 2911 1297 2985 qui
1310 2911 1336 2965 ei
1351 2911 1379 2965 in
1395 2927 1482 2981 regno
1496 2914 1700 2976 successerunt,
1719 2910 1773 2964 ista

130 3001 274 3071 propheta
295 3000 459 3070 praecipitur
472 3000 640 3056 annuntiare
653 3001 803 3057 adventum
817 3003 927 3073 aquilae,
971 3000 1159 3064 retulerimus,
1177 2999 1324 3055 ruanvleste
1333 3015 1528 3070 cognoscimus
1543 2999 1595 3053 hoc
1604 3004 1704 3052 contm
1724 2997 1772 3053 Dei

129 3088 256 3143 Ezechiel
266 3089 389 3159 appellat
397 3088 544 3145 Libanum
548 3089 627 3146 Unde
642 3088 671 3142 et
681 3090 829 3146 Zacharias
843 3091 931 3163 loqui·
972 3090 1176 3144 ordinationem
1194 3089 1307 3143 t'actum.
1312 3089 1390 3143 Licet
1402 3088 1477 3143 enim
1494 3089 1568 3143 Deus
1582 3092 1698 3159 propter
1713 3103 1773 3166 pec·

131 3175 600 3242 tur,dicens:thperi,L1bane
617 3183 738 3250 portast
741 3195 801 3246 uas,
816 3186 930 3236 eteom-
936 3163 1063 3233 Ocatum
1079 3177 1236 3232 Salomonis
1256 3178 1345 3234 iratus
1367 3193 1483 3247 regnum
1503 3175 1627 3231 dividere
1644 3175 1772 3255 voluerit,

131 3265 216 3322 odat'
211 3263 283 3337 ignis
297 3265 395 3320 cedros
410 3271 484 3320 tuos.
498 3285 508 3314 ι
528 3286 539 3317 r
558 3266 612 3320 Pro
626 3283 659 3320 eo
675 3267 750 3338 quod
762 3271 931 3340 transgressi
972 3269 1067 3333 tamen
1083 3262 1270 3322 contrasunvn
1281 3268 1455 3321 voluntatem
1469 3266 1587 3337 populus
1599 3248 1687 3320 lsrael
1698 3264 1774 3318 lero-

130 3355 404 3420 suntsoedusmeum,
415 3354 539 3424 etlegem
549 3356 820 3426 meampnevartcati
828 3365 903 3415 sunt.
917 3379 928 3409 ι
972 3354 1055 3410 boam
1071 3356 1164 3427 elegit.
1180 3355 1320 3411 Debuerat
1338 3357 1411 3410 enim
1423 3357 1504 3428 J'uxta
1517 3359 1690 3425 preceptum
1705 3370 1772 3408 con·

130 3443 166 3499 Et
180 3444 225 3497 hic
239 3460 335 3497 versus
348 3443 381 3496 ad
397 3444 543 3513 superiora
558 3444 687 3512 pertinet,
701 3461 756 3516 que
772 3448 932 3517 praecipitur
973 3445 1065 3499 sulere
1089 3445 1188 3508 Deum,
1207 3461 1243 3498 an
1257 3446 1341 3499 vellet
1354 3445 1407 3498 hoe
1422 3443 1493 3507 deri,
1511 3441 1588 3497 etsie
1603 3459 1654 3513 per
1668 3447 1771 3497 sortem

131 3533 276 3603 prophetae
289 3539 321 3586 ut
334 3533 441 3585 excelsa
459 3549 523 3587 vore
538 3532 650 3594 claruet,
663 3532 835 3604 quiaaqeila
847 3553 932 3607 super
973 3535 1076 3603 eligere
1100 3549 1205 3602 regem,
1233 3548 1289 3587 nen
1311 3532 1463 3586 secundum
1487 3546 1568 3584 suam
1587 3530 1770 3585 voluntatem.

131 3621 247 3677 domum
263 3622 322 3677 Der
340 3622 375 3677 Et
397 3628 439 3675 cst
459 3638 575 3676 seusus:
589 3620 668 3684 Quod
683 3621 733 3675 tibi
747 3621 817 3686 dico
835 3640 931 3694 opro-
973 3622 1045 3676 Nam
1060 3626 1089 3674 et
1102 3636 1174 3688 sepe
1190 3619 1434 3674 buntnecessarvae
1447 3635 1546 3682 causae
1561 3634 1623 3688 qua
1635 3616 1772 3687 praeteriri

131 3711 227 3781 pheta,
243 3717 327 3781 atque
343 3709 473 3781 praecipio
489 3716 521 3766 ut
533 3710 562 3763 in
574 3715 690 3780 gutture
705 3717 753 3765 tuo
764 3712 800 3766 sit
813 3713 891 3776 tuba,
903 3706 931 3768 id
973 3714 1127 3778 nequeunt,
1138 3707 1186 3761 sed
1196 3711 1290 3760 tamen
1302 3695 1502 3779 quiahomines
1512 3721 1568 3759 non
1581 3704 1631 3758 Dei
1642 3705 1771 3759 volunta·

132 3803 176 3855 eet
196 3815 302 3884 magna
324 3815 387 3855 voce
402 3798 553 3854 annunties
567 3798 662 3854 venire
675 3816 771 3870 regem
786 3782 931 3856 Chaldaeo·
971 3800 1039 3860 tem,
1043 3796 1091 3850 sed
1106 3812 1186 3850 suam
1202 3796 1231 3848 in
1241 3776 1285 3848 his
1298 3793 1771 3863 attendunt,graviterdelinquunt,

131 3904 204 3950 rum,
231 3905 288 3944 non
312 3887 347 3942 ob
366 3888 452 3943 aliam
471 3904 584 3943 causam
604 3888 765 3958 hocjubeo,
782 3890 835 3944 nisi
856 3893 929 3963 quod
971 3889 1052 3952 sicut
1056 3889 1131 3944 verbv
1142 3888 1244 3958 gratia
1247 3887 1282 3941 de
1294 3887 1411 3942 Domino
1422 3886 1686 3952 Salvatoredrcvtur
1698 3886 1772 3957 quod

129 3977 297 4047 transgressi
309 3977 470 4034 suntfoedus
481 3994 574 4034 meum
584 3976 802 4043 faciendoidola‚
806 3983 834 4032 et
841 3980 931 4051 legem
973 3985 1102 4051 oporteat
1112 3976 1184 4031 tradi
1195 3975 1436 4041 Filiumhominis‚
1441 3975 1511 4030 mori
1515 3975 1680 4046 ,etsepeliri,
1684 3981 1712 4030 et
1724 3991 1774 4029 eae-

130 4082 223 4125 meem
244 4067 418 4137 prevaricati
441 4073 516 4132 sunt,
541 4083 597 4136 qua
616 4067 672 4122 diri
689 4085 694 4121 :
714 4086 726 4119 ι
743 4068 807 4122 Νοιι
823 4067 929 4124 facietis
970 4064 1324 4143 teraaeposteainfertur:
1336 4063 1549 4118 Vaeillibomini
1562 4079 1702 4136 perquem
1714 4069 1775 4118 tra·

130 4155 209 4209 vobis
223 4155 291 4209 deos
306 4171 407 4209 aureos
422 4154 464 4208 vel
479 4163 635 4224 argenteos.
657 4175 668 4207 ι
972 4155 1080 4210 dendus
1087 4155 1134 4209 sit.
1146 4155 1243 4227 Neque
1258 4152 1334 4206 enim
1344 4151 1440 4222 inejus
1451 4157 1541 4204 morte
1551 4156 1675 4204 nostram
1687 4150 1774 4205 ludas

162 4241 931 4310 vMeinvocabunt,Deusmeus,cognorinruste,lsrael.s
972 4242 1176 4305 necessitatem,
1194 4248 1244 4295 aut
1256 4238 1307 4293 Dei
1323 4238 1510 4292 consideravit
1520 4238 1702 4305 voluntatem,
1724 4238 1774 4293 sed

133 4329 261 4395 Quando,
276 4329 379 4399 inquit,
400 4328 545 4399 captivitas
566 4329 700 4395 evenerit,
724 4332 812 4401 pressi
831 4347 933 4405 angus·
971 4331 1063 4401 potius
1079 4346 1159 4382 suam
1175 4333 1338 4383 secutusest
1348 4327 1540 4396 cupiditatem.
1554 4325 1679 4397 Ideoque
1699 4327 1771 4396 quod

131 4417 182 4483 tia,
199 4417 366 4474 necessitate
385 4418 501 4485 cogente
526 4416 695 4472 invocabunt
716 4435 771 4476 nie,
786 4426 932 4489 poscentes
945 4414 1773 4502 DDeusantesaconiafieripraeordinarerat,istefacienspe-

131 4506 267 4566 auxilium
283 4512 311 4560 et
325 4505 705 4569 misericordiametdicent:
721 4526 732 4557 ι
745 4507 932 4577 eognovimus
972 4504 1775 4581 rennimortedumnatusest.ipsiitaque1·egnaverunt,et

131 4600 169 4662 te,
190 4593 288 4660 Israel,
309 4616 319 4647 v
340 4595 368 4649 id
391 4599 434 4649 est
455 4610 505 4648 nos
525 4594 573 4666 qui
591 4594 767 4668 appellamur
789 4596 888 4664 lsrael,
904 4603 932 4650 et
972 4610 1029 4648 non
1042 4609 1074 4647 ex
1090 4610 1133 4647 me
1146 4609 1151 4643 :
1165 4592 1528 4667 prinoipesexstitcrunt,et
1540 4610 1595 4647 non
1606 4594 1732 4663 cognovi,
1746 4591 1773 4646 id

131 4701 276 4740 servamus
290 4699 393 4740 nomen
408 4682 555 4753 antiquum
569 4680 662 4746 Jacob,
677 4682 725 4755 qui
744 4683 795 4737 tibi
814 4682 929 4755 placuit,
972 4680 1773 4754 estnouelcgieos,ideoqueeosrepr·obo.Soir·eautemDei,

131 4771 236 4831 seimus
250 4780 278 4827 te
293 4780 377 4844 atque
390 4771 593 4842 cognoscimus,
610 4775 639 4825 et
653 4777 767 4849 propter
780 4772 822 4827 tui
835 4773 928 4842 cogni·
970 4771 1073 4843 eligere
1082 4778 1141 4825 est:
1155 4771 1262 4825 nescire
1272 4780 1378 4832 autem,
1387 4770 1565 4843 reprobare«
1574 4772 1773 4824 Aurumsuum

131 4861 237 4933 tionem
252 4877 337 4931 quam
358 4878 415 4932 prae
440 4861 569 4917 omnibus
587 4859 717 4933 gentibus
731 4859 877 4925 habemus,
893 4862 928 4915 li·
970 4867 998 4915 et
1008 4866 1158 4930 argentum
1170 4859 1386 4914 suumlecerunt
1397 4859 1449 4912 sibi
1460 4859 1535 4914 idola
1545 4865 1577 4913 ut
1587 4858 1745 4922 interirent,
1760 4878 1771 4909 ι

128 4945 197 5004 bera
213 4964 271 5004 nos.
459 5020 462 5025 ι
970 4950 997 5006 id
1014 4956 1065 5011 est,
1081 4949 1147 5019 quia
1161 4948 1204 5001 his
1218 4948 1411 5012 abundabant,
1434 4950 1561 5018 neglecto
1577 4947 1635 5001 Deo
1651 4945 1698 5017 qui
1715 4947 1774 5000 bac

169 5056 180 5088 ι
200 5035 324 5105 ProJ'ecit
347 5036 433 5091 Israel
455 5035 570 5101 bonum,
597 5038 724 5093 inimicus
745 5044 930 5110 persequetur
970 5037 1025 5094 illis
1037 5038 1072 5091 ad
1088 5044 1218 5092 ornatum
1234 5043 1261 5090 et
1276 5037 1440 5092 deliciarum
1456 5035 1629 5091 alssuentiam
1645 5034 1771 5095 dederat,

131 5141 206 5181 eum.
222 5144 233 5176 ι
246 5124 400 5194 Responsio
409 5130 452 5177 est
463 5125 512 5179 Dei
523 5126 724 5198 omnipotentis
734 5128 769 5182 ad
780 5128 842 5190 boc,
855 5127 929 5199 quod
969 5126 1096 5181 fecerunt
1105 5125 1158 5180 sibi
1167 5122 1768 5186 idolacontraanivnamsuamutiuterirent,

130 5212 185 5289 ipsi
199 5213 340 5266 dixerant:
360 5213 569 5281 «Cognovimus
579 5219 617 5280 te,
634 5198 730 5271 Israel.
747 5237 760 5269 ιι
773 5203 806 5270 Et
817 5221 859 5271 est
869 5232 929 5270 sen·
970 5215 1081 5286 quiadii
1092 5215 1299 5285 quessecerant,
1309 5214 1532 5269 causamortiset
1538 5210 1704 5282 perditionis
1714 5211 1771 5265 illis

130 5317 194 5359 sus:
204 5299 492 5366 Quomodovocamini
504 5301 724 5371 nominelsrael,
737 5307 783 5376 qui
795 5307 930 5376 interpre·
970 5301 1397 5373 exstiterunt.Spiritnaliterista
1407 5298 1773 5370 quaedeNabuchodonosor

129 5394 207 5447 tatur
221 5389 262 5442 vir
274 5387 369 5442 videns
384 5374 484 5450 Deum,
497 5403 560 5443 cum
572 5391 746 5460 projeceritis
756 5393 870 5457 bonum,
877 5394 929 5448 hoc
970 5391 1112 5465 dicuntur,
1124 5396 1241 5462 possunt
1254 5388 1352 5443 reterri
1365 5388 1400 5442 ad
1415 5387 1558 5442 diabolum
1562 5388 1623 5461 ,qui
1635 5388 1663 5441 in
1675 5388 1773 5457 pleris-

133 5485 185 5557 est,
208 5464 359 5549 Dominum
384 5475 486 5540 Deum,
511 5479 929 5561 equolacobappellatusest
969 5496 1025 5554 que
1040 5480 1106 5534 locvs
1122 5481 1272 5551 Scriptura
1287 5477 1386 5532 divitia
1402 5477 1499 5552 aquila
1511 5476 1679 5548 appellatur
1691 5476 1771 5532 Unde

133 5548 244 5624 lsrael?
259 5564 367 5620 Bonum
384 5550 460 5619 enirn
472 5565 548 5636 quod
564 5552 723 5636 projecerat
740 5567 838 5624 Israel.
854 5570 930 5625 Deus
971 5575 1031 5622 est:
1047 5569 1076 5623 Si
1086 5570 1225 5623 exaltatus
1234 5566 1321 5620 fueris
1332 5573 1365 5620 ut
1377 5565 1483 5635 aquila,
1494 5565 1559 5620 inde
1572 5565 1720 5619 detraham
1731 5570 1769 5631 te,
