3840 6098
87 288 136 355 48⁸.
442 292 633 349 fflffll'l'lt)
648 292 688 349 IN
702 293 781 351 EPP.
798 295 826 349 S.
843 294 962 350 PAULI.
977 320 1014 337 ·—
1027 294 1066 350 ΙΝ
1082 290 1195 349 suist.
1210 288 1262 348 ΑΒ
1271 286 1360 349 Μ.
1668 287 1722 351 486

89 411 1024 488 appellatur.Operatoresverodicunturimpudici.iuve-Aintret,
1045 421 1208 486 coinquinat
1227 417 1363 469 bominem
1384 415 1492 483 (dietih.
1514 415 1580 482 xv);
1601 419 1629 469 et
1654 415 1723 470 illud

89 506 209 567 secundi,
226 512 311 574 etque
326 505 485 572 irreligiosi.
498 507 558 558 il'un
572 509 604 558 in
618 510 797 559 coiitmnmie.
814 507 885 560 Cen·
925 506 1049 574 Apostoli
1067 525 1073 559 ;
1092 507 1192 559 Oinnio
1206 506 1314 557 inundo
1331 505 1441 557 ineradis
1453 506 1517 564 (Tit.
1533 510 1551 566 Ι)
1565 522 1572 556 t
1588 505 1657 557 etin
1673 505 1723 558 Ge¹

90 593 709 663 tertiorstaltereetiosiiecontroversie.quie
720 596 884 664 plerumque
925 600 984 651 nesi
1000 618 1006 650 ι
1030 600 1096 652 Vidit
1113 600 1366 664 laurentiumque
1382 599 1492 662 fecerat,
1509 601 1533 650 et
1549 602 1629 649 eterit
1647 598 1724 650 uolde

92 696 116 733 ex
129 683 335 752 questionibus
349 683 556 752 siripimmum
572 685 643 735 solet
656 684 733 742 oriri,
747 693 777 736 ut
792 684 885 736 ridea-
928 688 1081 751 lionoffien.
1103 701 1134 739 ii.
1151 685 1203 748 Qui
1220 685 1313 737 taliter
1327 693 1391 737 suut
1407 685 1480 738 firmi
1497 685 1523 736 in
1541 685 1604 744 lide.
1622 685 1726 758 debent

91 771 203 838 torquis
213 772 319 841 aliquid
331 771 475 841 sapientiae
487 772 599 826 habere.
612 773 677 824 dum
689 772 776 825 alium
792 773 887 825 vicerit
927 791 1070 828 assumere
1085 775 1112 827 in
1136 775 1264 827 allectum
1281 773 1426 826 charitatis
1445 779 1472 826 et
1494 772 1522 826 in
1546 773 1725 826 dilectionem

91 874 131 911 suo
148 858 322 927 pulsatione,
339 867 368 912 et
383 860 502 913 maxime
518 877 550 912 ex
575 877 604 913 re
628 861 732 913 nullius
755 861 886 914 utilitatis
927 881 1006 918 suam
1022 863 1159 917 Judaeum.
1176 863 1221 932 qui
1244 868 1323 931 putat
1347 862 1458 914 suillam
1482 878 1605 922 earnem.
1622 861 1726 931 lepori-

81 946 218 1001 neseitur.
234 947 298 1001 ldeo
310 964 373 1001 vero
383 948 497 1001 vitanda
509 957 560 1010 est.
572 949 638 1016 quia
654 949 740 1002 rixam
758 955 884 1016 generat.
928 970 1003 1017 nani,
1015 952 1210 1020 anguillinam.
1221 950 1392 1002 immundam
1406 966 1475 1003 esse.
1488 957 1516 1003 et
1528 957 1630 1004 cetera
1640 968 1655 1003 a
1666 950 1726 1020 qui·

73 1038 115 1092 cle
129 1051 191 1105 qua
206 1036 334 1105 procedit
347 1037 452 1093 odium.
468 1048 494 1090 et
509 1038 543 1090 de
558 1037 621 1090 odio
634 1038 787 1090 enormitas
804 1036 883 1090 miili:
927 1041 978 1094 bus
989 1042 1031 1093 lex
1044 1039 1180 1110 prohibet.
1194 1045 1221 1090 et
1232 1055 1293 1107 quae
1306 1038 1352 1090 ille
1362 1044 1427 1090 ante
1439 1029 1633 1105 gretiam'fidei
1645 1039 1726 1107 quasi

65 1124 884 1193 etaeiiiulotiencAEmulatiorariushabetsignilicationes:
927 1129 1097 1185 communia.
1107 1129 1133 1180 id
1146 1133 1188 1180 est
1202 1127 1314 1189 munds,
1324 1125 1443 1178 dicebat.
1456 1127 1543 1179 lstum
1554 1134 1647 1180 tamen
1659 1141 1727 1196 prce⁴

58 1212 233 1283 Significat
247 1212 322 1265 enim
338 1213 532 1266 imitationem.
545 1213 681 1282 significat
697 1213 831 1266 studium·
848 1213 887 1266 si·
928 1219 995 1288 cipit
1008 1216 1159 1286 Apostolus
1174 1230 1317 1267 assumere
1334 1215 1360 1266 in
1374 1214 1561 1268 dilectionem.
1575 1215 1727 1283 assumite,

47 1301 202 1383 gnificat
216 1307 243 1354 et
258 1301 401 1360 invidiam,
415 1303 543 1372 qusquis
556 1302 672 1354 atterius
686 1302 820 1354 felicitate
833 1305 889 1354 tor·
930 1307 1029 1376 inquit.
1048 1306 1126 1357 illum
1142 1304 1226 1357 tatem
1246 1303 1372 1355 Judaeum
1393 1303 1421 1355 in
1439 1303 1568 1355 affectum
1583 1303 1728 1356 charitatis

47 1397 200 1471 quatur,
212 1395 245 1442 ut
256 1389 285 1443 iu
300 1390 351 1443 hoc
367 1390 435 1442 loco.
450 1391 527 1445 Unde
538 1398 565 1444 et
580 1391 697 1445 aemulus
711 1391 814 1443 dieitur
828 1390 889 1443 imi·
929 1405 957 1449 et
973 1394 1058 1447 nolite
1072 1393 1227 1461 dijudicare
1243 1392 1320 1444 illum
1345 1391 1372 1443 in
1387 1390 1603 1459 cogitationibus
1617 1376 1726 1452 vestris,

40 1491 167 1544 tator,
187 1477 293 1531 dii-itur
307 1477 448 1532 studiosus
463 1486 492 1532 et
506 1479 624 1532 invidus.
929 1498 1020 1552 neque
1032 1480 1207 1534 cmitendatis
1218 1495 1280 1532 cum
1297 1479 1353 1543 ille,
1367 1479 1431 1531 licet
1441 1479 1570 1548 quaedaui
1584 1478 1731 1532 'immunda

104 1567 173 1624 Sed
185 1567 347 1618 induimini
358 1568 505 1620 fluminum
517 1569 609 1620 desum
619 1568 770 1621 Christum.
785 1568 889 1620 Sensus
930 1580 1032 1642 putans
1047 1569 1118 1622 nolit
1130 1568 1309 1621 manducare.

43 1679 98 1720 ει
117 1654 326 1723 superioribus
340 1655 441 1723 pendet
462 1655 507 1708 ubi
524 1656 648 1725 praecipit
662 1655 701 1709 sic
718 1655 795 1709 indui
811 1672 890 1707 urma
965 1662 1045 1712 Alius
1059 1661 1133 1711 enini
1149 1658 1233 1709 credit
1249 1672 1275 1708 se
1290 1657 1461 1708 iiioniiuccre
1475 1659 1579 1708 oiiinic.
1597 1655 1685 1720 Alius,
1701 1655 1730 1708 id

42 1745 165 1807 lucis.
180 1750 214 1796 ut
229 1743 256 1795 in
272 1743 317 1795 die
333 1743 449 1796 honeste
463 1744 656 1797 ambulemus:
672 1745 774 1802 Nolite.
787 1744 887 1813 inquit,
898 1728 1103 1816 Bestgentilis.
1115 1747 1212 1798 firmus
1225 1744 1253 1797 in
1268 1745 1332 1797 lide.
1344 1745 1433 1797 eredit
1445 1744 1538 1797 omma
1553 1746 1657 1798 menda
1669 1759 1730 1797 esse

46 1831 243 1894 ambulare.
265 1830 291 1885 id
309 1840 351 1885 est
367 1832 456 1885 iiiere
471 1832 499 1885 in
514 1833 765 1886 comessationibus
779 1839 807 1886 et
823 1833 889 1885 reli·
931 1836 1042 1889 mundis
1074 1833 1240 1904 bominibus.
1267 1835 1430 1899 Quintilem
1451 1836 1648 1899 infirmasset,
1670 1835 1733 1885 olus

50 1924 149 1997 quis
161 1920 302 1979 vitiisssd
314 1920 461 1974 induimini
473 1920 725 1974 Dominumlesum
735 1921 888 1976 Christum.
932 1927 1086 1977 niciuducct.
1096 1923 1208 1976 ludiuus
1221 1922 1268 1991 qui
1280 1922 1408 1974 infirmus
1419 1922 1447 1974 in
1460 1922 1524 1982 fide.
1538 1922 1583 1991 qui
1595 1921 1731 1991 quasdam

54 2011 138 2076 Sed
159 2009 278 2078 quaestio
288 2009 387 2070 oritur,
399 2009 538 2078 quomode
555 2011 694 2079 possimus
704 2008 820 2063 induere
832 2011 890 2063 Do·
932 2030 1030 2066 carnes
1039 2011 1226 2068 abominatur.
1235 2013 1300 2062 dum
1310 2027 1366 2063 nun
1374 2010 1432 2063 vult
1442 2011 1651 2071 eoscomedere.
1660 2011 1731 2074 elus,

56 2101 197 2153 minum
213 2098 309 2151 lesum
325 2097 477 2161 Christum,
494 2099 539 2167 qui
556 2099 769 2168 quadragesimo
785 2099 829 2152 die
847 2115 892 2151 re·
934 2102 960 2154 id
969 2099 1469 2168 estherbamliei·toruru,etquidquid
1481 2098 1731 2168 eordiejusplacet,

60 2185 664 2240 surrectionissuiecoelorumaltitiidinem
673 2188 838 2257 penetravit.
847 2186 891 2239 ubi
934 2192 987 2244 hoc
997 2196 1091 2243 suniat
1107 2190 1148 2242 'lu
1160 2196 1255 2241 autem
1266 2187 1322 2240 noli
1334 2187 1413 2240 illum
1426 2188 1589 2256 dijudicare.
1599 2188 1651 2240 Per
1662 2187 1734 2250 olus,

62 2275 190 2328 sedere
198 2274 438 2328 nuneciediturin
450 2276 623 2345 plenitudiue
634 2283 756 2346 paterme
766 2277 894 2343 majesta-
936 2279 1028 2333 omnia
1039 2276 1502 2347 genereherbarumdesignantur.
1515 2282 1581 2345 apta
1591 2275 1737 2328 comestio·

62 2362 142 2415 tis?
160 2363 290 2418 Christus
301 2380 368 2432 ergo
383 2364 442 2434 ipse
453 2374 496 2417 est
505 2365 652 2434 sapientis,
667 2364 725 2434 ipse
736 2371 777 2417 est
788 2365 894 2417 instan-
936 2371 975 2422 ni.
986 2367 1163 2421 llicitbeutus
1174 2365 1360 2434 llieronymus
1371 2386 1372 2390 ¹
1384 2365 1436 2432 Qui
1446 2365 1744 2434 infirmusestirnpetit.

65 2448 138 2507 tia.
156 2451 217 2521 ipse
239 2458 283 2506 est
297 2469 358 2521 pax.
376 2458 402 2505 et
419 2450 532 2521 reliquae
549 2453 665 2507 vii-tuus
681 2453 709 2506 in
730 2453 790 2523 ipso
805 2459 871 2506 sunt
887 2471 892 2505 :
938 2457 1071 2519 libidinis,
1084 2455 1224 2508 abstineut
1235 2470 1251 2507 a
1264 2454 1395 2506 carnibus
1407 2461 1435 2506 et
1451 2453 1523 2514 vino,
1536 2453 1636 2523 quibus
1651 2453 1737 2506 libido

65 2535 237 2594 Christum
251 2542 346 2610 itaque
359 2540 456 2594 induit.
472 2542 517 2610 qui
529 2557 627 2594 omnes
638 2542 834 2611 virtutesquas
845 2542 897 2594 seit
937 2546 1083 2605 excitatur.
1107 2551 1135 2597 et
1164 2544 1225 2596 olus
1253 2543 1409 2595 manducet.
1427 2542 1512 2594 idest
1528 2542 1594 2594 siles
1614 2541 1690 2595 cibos
1710 2546 1739 2595 et

64 2619 113 2675 in
134 2626 186 2682 illo
197 2646 268 2683 esse.
282 2629 447 2699 inquantum
460 2630 532 2682 valet
542 2647 604 2683 cum
621 2631 669 2683 Dei
683 2631 822 2698 adjutorio
833 2631 895 2683 illes
937 2632 1277 2703 aridosiquibuslrenatur
1285 2637 1313 2684 et
1322 2630 1736 2700 restringiturfluxuslibidinis)

64 2718 223 2779 assumit.
230 2719 313 2787 juxta
325 2718 396 2787 quod
412 2718 481 2771 alias
493 2719 642 2788 Apostolus
654 2719 737 2772 dicit:
755 2720 898 2789 Quotquot
938 2725 1020 2777 edere
1030 2723 1128 2775 discat.
1141 2719 1303 2774 Crassitudo
1314 2720 1386 2773 enim
1398 2720 1534 2775 earnium.
1553 2727 1581 2771 et
1601 2718 1738 2772 deliciosae

65 2798 121 2852 fn
130 2805 465 2874 Christebopiisotiesti's,
476 2809 616 2860 Gliiu'stuin
628 2808 826 2869 induististGet
845 2808 894 2874 1¹1l3
938 2812 1035 2882 epulae.
1053 2818 1203 2880 proi-ocant
1218 2824 1331 2861 carnem
1347 2807 1472 2877 corporis
1487 2807 1521 2860 ad
1538 2806 1690 2860 libidinem.

61 2880 112 2938 id
134 2900 189 2953 est.
202 2911 300 2948 omnes
317 2896 433 2949 virtutes
443 2902 509 2949 tunc
522 2895 653 2949 induistis
666 2914 671 2948 :
683 2897 749 2966 quio
760 2896 795 2949 ab
809 2896 898 2951 omui*
975 2901 1010 2960 ls.
1020 2900 1046 2953 id
1055 2904 1097 2952 est
1103 2898 1280 2968 gentilis‚qiii'
1287 2898 1436 2949 inanducat
1446 2895 1742 2949 indifferenterumnes

60 2967 144 3031 bus
162 2985 286 3054 peccatis
302 2985 428 3038 mundati
445 2986 520 3039 estis.
537 2987 672 3042 Similiter
687 2993 714 3040 et
730 2986 757 3038 iu
773 2986 825 3038 hoc
838 2987 897 3039 loco
938 2988 1023 3052 cibos,
1040 3004 1095 3040 nou
1112 2988 1324 3039 inoiiducontcin
1348 2984 1474 3038 Judaeum
1492 3000 1546 3037 nou
1570 2988 1691 3052 spernat,
1711 2983 1741 3036 iu

56 3057 312 3143 intelligendum
337 3079 380 3127 est
403 3093 409 3127 ι
440 3075 601 3138 luduimini‚
625 3075 725 3145 inquit,
748 3075 1033 3139 DeininumCanimo
1048 3091 1109 3139 suo,
1132 3075 1210 3145 quasi
1228 3074 1320 3127 mimis
1330 3074 1458 3143 justum;
1475 3078 1499 3125 et
1516 3076 1567 3140 qui
1581 3089 1635 3125 non
1659 3087 1741 3125 niran-

53 3144 190 3242 Jt'sum
207 3161 364 3227 Christum,
379 3162 406 3215 id
427 3171 469 3216 est
491 3180 588 3216 onuies
606 3164 723 3216 virtutes
739 3180 808 3233 quas
823 3163 898 3216 scitis
942 3168 1023 3219 diceet
1038 3166 1139 3227 omnia,
1153 3170 1185 3217 ut
1196 3164 1318 3224 ludaeuS.
1332 3164 1544 3216 manducantem
1556 3161 1659 3221 omnia,
1672 3171 1742 3231 gen·

50 3247 110 3295 ¹ss
139 3247 205 3318 ipso
228 3267 300 3308 esse.
324 3258 355 3304 ut
371 3252 430 3321 ipse
446 3252 481 3304 sit
497 3252 582 3305 decus
596 3259 680 3322 atque
701 3258 899 3305 ornamentum
942 3255 1020 3308 tilem
1033 3254 1169 3314 videlieet.
1184 3269 1236 3305 non
1242 3254 1349 3320 judicet
1361 3266 1451 3320 neque
1463 3251 1649 3320 reprehendat
1662 3249 1743 3320 quasi

50 3336 233 3394 vesurum.
249 3341 283 3394 El
297 3343 390 3394 cornis
405 3356 502 3392 curam
518 3357 550 3393 ue
564 3344 683 3407 feceritis
697 3344 727 3393 iu
746 3343 898 3394 desideriis.
943 3359 1021 3396 reum
1033 3350 1062 3396 et
1073 3350 1254 3412 peccatorem.
1266 3341 1405 3409 Utrosque
1417 3339 1500 3401 euim.
1510 3341 1524 3393 J
1528 3339 1621 3392 udieos
1635 3346 1663 3392 et
1673 3352 1744 3408 geu·

46 3407 155 3480 Non
178 3430 232 3495 eit,
248 3429 443 3484 necessitatem
459 3430 550 3482 carnis
565 3430 754 3486 defeceritis:
771 3430 834 3500 quia
850 3446 901 3483 ne·
944 3432 1016 3488 tiles.
1028 3431 1144 3484 alternis
1156 3427 1568 3483 instruitseuteiitiis.Potestet
1579 3427 1745 3495 spirituliter

44 3514 172 3571 cesse
192 3525 240 3572 est
259 3525 292 3571 ut
316 3519 526 3582 mauducemus,
554 3517 693 3581 bibamus.
717 3519 900 3576 dormiamus
944 3521 1060 3589 intelligi
1072 3519 1224 3572 secuudum
1239 3518 1349 3570 beatum
1361 3516 1613 3586 Gregorium:Qui
1630 3515 1747 3568 mandu-

41 3600 262 3661 vestiarum.
272 3607 329 3659 llor
340 3606 406 3676 quia
418 3607 604 3660 necessarium
616 3615 668 3661 est.
679 3624 732 3661 nou
746 3607 901 3678 probibuit3
944 3618 998 3668 cut.
1015 3609 1114 3678 inquit.
1131 3608 1158 3660 id
1183 3606 1289 3676 estqui
1306 3605 1467 3659 meditando
1488 3611 1516 3657 et
1535 3603 1684 3657 scrutando
1700 3617 1745 3656 se·

41 3688 138 3743 ⁸0¹1
151 3696 253 3751 carnis
262 3711 359 3748 euram
372 3696 401 3748 in
415 3696 569 3753 desideriis.
582 3696 608 3748 iil
625 3706 668 3749 est
679 3698 794 3762 malum,
808 3704 905 3767 utpote
945 3715 1021 3751 cram
1031 3697 1202 3766 Scripturain
1212 3701 1359 3765 penetrare
1368 3694 1509 3746 ralet.uou
1518 3693 1745 3755 manducantem,

41 3771 284 3844 “dumetum
312 3784 467 3853 crapulam,
495 3784 671 3848 ebrietatem,
692 3803 773 3839 usum
794 3801 905 3856 queque
947 3787 975 3840 id
989 3793 1031 3839 est
1051 3787 1128 3839 illum
1145 3784 1192 3854 qui
1211 3798 1264 3835 non
1281 3783 1353 3835 rniet
1368 3795 1524 3851 penetrare.
1543 3797 1596 3833 uon
1613 3778 1747 3849 despiciat

42 3848 266 3929 balnearum
279 3872 352 3926 ultra
364 3889 448 3942 quum
460 3874 597 3943 expediat.
609 3881 637 3927 et
647 3881 746 3928 caetera
759 3892 819 3945 qufe
830 3874 904 3927 desi·
947 3891 1037 3944 neque
1058 3880 1181 3940 spernat.
1197 3873 1316 3926 Econtra
1332 3870 1379 3940 qui
1401 3887 1456 3922 non
1480 3869 1640 3928 manducat,
1662 3867 1689 3920 id
1705 3872 1748 3921 est

45 3940 179 4015 dem
201 3962 309 4016 misera
330 3978 406 4022 earo.
424 3978 458 4015 ne
473 3963 624 4032 perficiatis
638 3964 694 4029 ait;
711 3971 739 4017 et
755 3980 810 4016 nnn
825 3962 904 4027 dixit,
948 3965 994 4033 qui
1010 3979 1064 4016 non
1079 3961 1209 4030 intelligit
1224 3977 1274 4012 uec
1284 3959 1356 4019 vitiet
1369 3963 1516 4028 penetrare
1527 3956 1748 4027 profunditatem

47 4026 133 4094 Ne
141 4051 291 4122 cogitetis.
300 4051 433 4121 quoniam
442 4052 614 4121 impossibile
624 4060 666 4106 est
675 4069 785 4106 cessure
796 4052 907 4121 penitus
947 4054 1104 4107 diuinarum
1121 4049 1337 4119 scripturarum.
1355 4048 1437 4100 illurn
1451 4046 1499 4116 qui
1513 4045 1646 4114 intelligit
1659 4051 1689 4097 et
1702 4058 1748 4097 ss·

51 4133 81 4173 Β
96 4140 299 4207 cogitatum
308 4139 536 4193 delectationum.
546 4142 598 4194 Sed
611 4142 662 4195 boc
672 4141 904 4194 considerandum
947 4144 1026 4214 piens
1037 4149 1088 4197 est.
1099 4156 1153 4194 uon
1164 4139 1309 4192 contristet
1324 4154 1413 4208 neque
1427 4136 1579 4207 despiciat:
1592 4137 1662 4189 neus
1673 4137 1748 4189 enini

57 4221 165 4281 quia
177 4229 257 4301 quod
268 4227 412 4300 prohibuit
424 4228 452 4281 in
463 4229 608 4283 desideriis
618 4231 755 4284 eiiueessit
768 4231 796 4283 iu
811 4245 905 4283 neces·
948 4235 1041 4287 illurn.
1058 4229 1192 4284 subaudis
1205 4227 1340 4298 gentilem
1357 4226 1571 4279 manducantem
1586 4224 1692 4278 omnia.
1708 4240 1751 4278 cs·

65 4299 244 4372 sitatibus.
261 4317 427 4371 Adhibenda
442 4325 486 4371 est
499 4319 602 4372 etenim
624 4336 691 4373 cura
709 4320 784 4372 carni
806 4320 834 4371 iu
857 4325 1066 4414 ue-Dsmnpsit
1079 4320 1113 4373 ad
1129 4319 1211 4372 tidem
1225 4333 1304 4371 suam
1319 4332 1401 4386 quem
1414 4315 1534 4386 perfecte
1549 4314 1654 4379 docuit,
1666 4318 1697 4367 ut
1711 4313 1750 4368 nil

74 4401 283 4461 mestianum
299 4425 304 4458 :
319 4405 348 4459 in
364 4406 472 4460 deliciis
487 4423 551 4460 iero
565 4421 590 4461 ei
607 4409 718 4462 luxuria
731 4416 815 4478 utque
831 4407 908 4462 omni
950 4418 1030 4482 putet
1043 4408 1220 4462 immundum
1237 4422 1297 4460 esse
1313 4404 1424 4459 mundis
1439 4404 1608 4458 hominibus.

85 4492 341 4567 eoncupiscentia,
355 4496 468 4566 penitus
484 4497 664 4550 excludenda.
987 4501 1027 4553 Tu
1038 4501 1101 4567 quis
1111 4515 1136 4550 es
1148 4499 1198 4565 qui
1201 4497 1314 4565 judices
1324 4497 1451 4547 alienum
1460 4498 1588 4547 serrum?
1599 4493 1632 4546 Et
1641 4497 1684 4546 est
1690 4508 1752 4545 sen·

553 4640 559 4653 .
950 4606 998 4643 sus
1011 4608 1015 4641 :
1026 4589 1055 4642 Si
1065 4587 1224 4641 Deusillum
1230 4584 1363 4655 gentilem
1374 4582 1565 4651 assumpsitad
1576 4581 1659 4633 fldem
1670 4594 1750 4633 suam

405 4638 521 4694 CAPUT
540 4638 612 4693 Ην·
951 4685 983 4733 ut
999 4676 1091 4730 omnia
1108 4676 1265 4729 manducet.
1283 4679 1312 4725 tu
1329 4672 1391 4741 quis
1407 4688 1445 4726 es.
1458 4671 1504 4740 qui
1520 4670 1597 4722 illum
1613 4669 1648 4721 de
1661 4682 1752 4721 come·

149 4754 292 4825 lattiniani
308 4768 402 4816 oritoni
418 4765 450 4816 iii
463 4765 514 4830 fido
527 4767 667 4826 assumite.
682 4763 817 4819 subaudis
831 4764 860 4819 in
872 4764 911 4818 af·
952 4767 1098 4820 stionesua
1110 4761 1309 4831 reprehendis?
1323 4760 1418 4813 Potest
1432 4764 1525 4810 temen
1536 4765 1564 4810 et
1574 4758 1632 4810 liaec
1643 4760 1752 4810 senten-

126 4838 909 4921 litlueheritatismoni'ndisceptationibuscopitdti'onum
952 4857 992 4910 iia
1003 4856 1037 4908 ud
1047 4855 1174 4908 Judaeum
1187 4853 1215 4905 in
1231 4851 1284 4904 tide
1294 4857 1469 4917 assumptum
1481 4845 1588 4908 reterri,
1598 4845 1752 4899 secundum

132 4927 300 5003 'idatmaiii
310 4938 558 5010 dijudicationibus
568 4941 626 4994 sire
634 4942 663 4995 in
674 4942 909 4996 contentionibus.
953 4943 1026 5014 quod
1037 4942 1183 5012 sequentia
1194 4939 1374 4993 manifestant
1385 4940 1416 4987 ut
1424 4934 1548 4987 dicatur:
1563 4934 1635 4989 Deus
1645 4949 1754 4988 assum·

135 5017 296 5083 luimusest
309 5030 337 5082 in
349 5029 412 5090 fide.
425 5029 472 5099 qui
485 5030 514 5082 in
524 5031 617 5100 ulique
627 5039 705 5101 parte
717 5032 779 5084 fidei
791 5032 910 5095 dubitat,
952 5032 1009 5102 psit
1021 5031 1147 5084 ludaeum
1162 5029 1195 5080 ud
1213 5027 1293 5080 iidem
1310 5039 1400 5081 suam.
1417 5023 1481 5076 licet
1495 5024 1541 5076 ilie
1556 5023 1682 5093 quaedam
1699 5023 1753 5077 im·

138 5123 176 5164 titt
183 5117 259 5171 eredit
274 5117 397 5188 perfecte
409 5117 482 5171 sicut
493 5119 661 5172 credendum
673 5126 725 5172 est.
738 5120 860 5173 infidelis
870 5127 912 5173 est
954 5119 1059 5172 munda
1072 5118 1161 5170 adhuc
1177 5122 1254 5184 putet
1264 5120 1292 5166 et
1303 5110 1419 5180 rejiciat.
1437 5118 1467 5165 tu
1482 5112 1594 5181 quises.
1611 5130 1627 5165 ο
1640 5111 1756 5183 gentilis

139 5203 191 5259 tuti.
200 5205 242 5272 qui
256 5205 327 5258 nihil
342 5205 405 5258 lidei
421 5205 512 5259 babet.
527 5206 637 5260 Firmus
651 5215 744 5260 nutem
760 5209 842 5260 estin
860 5208 912 5261 fide
955 5207 1053 5268 fidelis.
1071 5205 1118 5274 qui
1136 5203 1246 5272 judicas
1261 5201 1381 5254 alienum
1406 5214 1517 5254 servum
1533 5218 1539 5252 :
1556 5201 1683 5255 Judaeum
1699 5200 1754 5254 sci·

138 5284 245 5352 existens.
263 5294 310 5363 qui
326 5293 356 5346 iii
371 5310 403 5347 ea
419 5295 487 5347 nibil
504 5294 624 5348 dubitat.
642 5296 713 5365 Ergo
728 5297 856 5349 iiiiii-inus
871 5302 913 5349 est
957 5297 1021 5349 licet
1044 5307 1153 5346 serium
1173 5291 1276 5343 Christi
1292 5305 1342 5360 per
1355 5289 1461 5343 fidem?
1478 5289 1533 5345 Suo
1554 5291 1670 5343 ltimuno
1687 5293 1751 5354 slat,

137 5381 161 5435 in
179 5375 222 5433 lde
238 5382 352 5435 iudaeus
366 5383 414 5452 qui
436 5383 544 5436 noviter
558 5385 591 5437 ad
610 5386 693 5438 finem
714 5386 836 5441 veniens.
857 5400 914 5438 non
955 5382 1089 5438 subaudis
1102 5383 1124 5434 si
1141 5379 1280 5439 ueiiectus
1299 5386 1339 5432 est
1356 5378 1383 5431 in
1399 5379 1462 5441 tide,
1479 5384 1529 5431 out
1546 5379 1619 5431 cadit
1636 5376 1753 5430 Domino

134 5467 202 5544 putet
216 5483 311 5524 omues
324 5471 402 5526 cilios
416 5473 549 5537 mundus;
565 5473 664 5526 iii-mus
680 5473 788 5526 veroin
804 5473 857 5525 tide
872 5479 915 5526 est
955 5490 1016 5538 suo,
1032 5472 1055 5525 si
1077 5472 1106 5523 in
1127 5485 1161 5523 ea
1181 5469 1301 5523 dubitat.
1319 5467 1438 5522 Domino
1453 5484 1503 5521 suu
1522 5472 1578 5520 stat
1590 5465 1711 5522 iudaeus¹
1729 5462 1753 5514 si

131 5553 299 5636 gentilisqui
319 5560 504 5617 illud-seruet
514 5559 660 5634 Evangelii
671 5576 677 5612 :
689 5563 914 5630 Nonquodinos
955 5560 1094 5632 perfectus
1117 5563 1170 5629 est,
1194 5563 1223 5614 et
1241 5558 1265 5613 si
1284 5556 1379 5617 omnio
1396 5555 1485 5613 credit
1502 5554 1618 5622 munde,
1639 5551 1706 5622 quta
1723 5549 1756 5605 itt
