3818 6104
577 295 787 356 meamne
806 296 1075 358 maiomam
1093 293 1327 360 merneram
1670 298 1762 369 ets

509 568 578 646 IN
601 562 974 645 ZAOHARIAM
999 567 1389 652 PROPHETAM.
1415 637 1419 645 .

160 814 320 880 Zacharias,
336 814 412 871 filius
425 812 580 882 Barachiae,
597 815 672 870 lilius
691 813 781 874 nodo,
797 820 867 894 pene
883 806 1051 870 ul-ntatur.
1064 813 1118 867 Sed
1134 819 1163 868 et
1177 814 1268 870 omnis
1281 816 1328 891 qui
1341 818 1436 873 studet
1449 834 1556 877 memor
1565 836 1627 877 esse
1636 818 1760 885 Domini,

127 902 213 957 liuius
229 903 376 960 duodecim
399 905 608 977 prophetarum,
626 902 809 976 synchronos,
828 900 864 971 lid
883 904 926 953 est
966 907 1041 954 recte
1062 900 1136 956 filius
1150 900 1253 959 dicitur
1276 904 1427 975 Barachiae,
1444 906 1472 960 id
1494 914 1538 962 est
1560 903 1764 965 benedictionis

128 989 352 1063 contemporalis)
372 992 426 1047 luit
445 982 550 1066 hggaei.
568 992 719 1065 propheta.
741 990 829 1046 Simul
849 989 923 1043 enim
966 989 1086 1042 Domini.
1104 992 1137 1047 Et
1157 992 1230 1047 nlius
1248 992 1337 1071 Addo,
1359 995 1387 1049 id
1406 999 1448 1049 est
1467 995 1621 1050 testimonii
1639 996 1761 1060 Domini,

127 1070 176 1137 snb
187 1078 275 1135 Dario
285 1081 407 1136 secundo
422 1083 483 1152 elus
493 1082 572 1156 regni
587 1098 661 1136 anno
676 1081 921 1153 prophetaverunt.
967 1078 1099 1147 quoniam
1110 1078 1314 1149 quiChristum
1325 1080 1467 1137 coufessus
1478 1082 1563 1139 luerit
1572 1098 1666 1140 ceram
1675 1084 1764 1140 homi-

128 1166 179 1224 sed
194 1157 344 1223 Zacharias
358 1171 386 1224 in
401 1187 497 1227 mense
511 1176 617 1232 octavo,
634 1171 682 1245 qui
705 1175 748 1224 est
771 1170 845 1241 apud
869 1169 925 1220 lle-
967 1166 1058 1231 nibus,
1073 1166 1253 1224 confitebitur
1270 1186 1334 1224 eum
1349 1169 1408 1243 ipse
1423 1187 1516 1224 coram
1531 1171 1589 1225 Deo
1603 1170 1697 1238 Patre,
1714 1172 1762 1244 qui

128 1255 215 1311 braeos
235 1253 405 1327 November,
426 1262 544 1330 nggaeus
570 1275 635 1315 vero
653 1264 731 1313 sexto
752 1274 856 1318 mense,
878 1257 925 1327 qui
967 1261 1010 1309 est
1024 1255 1051 1309 in
1065 1256 1151 1311 colis.

127 1345 310 1401 nihilominus
331 1346 405 1418 apud
425 1348 487 1402 illos
506 1347 626 1405 habetur
645 1346 818 1419 September,
834 1344 927 1417 prima
1005 1363 1017 1394 c
1034 1346 1126 1400 Iratus
1136 1352 1179 1401 est
1189 1347 1325 1402 Dominus
1337 1364 1422 1419 super
1433 1355 1527 1420 patres
1539 1355 1643 1407 vestros
1654 1349 1764 1405 iracun-

128 1433 172 1487 die
185 1433 294 1488 mensis
306 1434 474 1507 prophetare
487 1436 579 1505 coepit,
594 1452 627 1488 ac
638 1440 787 1506 propterea
799 1434 924 1488 decimus
967 1432 1013 1486 die
1024 1437 1135 1507 magna,
1146 1441 1173 1490 et
1185 1435 1259 1490 dices
1269 1434 1305 1490 ad
1315 1454 1362 1490 eos
1374 1455 1379 1489 :
1393 1432 1537 1492 Haeodicit
1545 1436 1681 1492 Dominus
1689 1437 1764 1493 Deus

127 1520 173 1575 iile
185 1522 252 1591 jure
266 1522 335 1584 loco,
359 1523 413 1576 iste
428 1540 492 1576 vero
508 1523 672 1578 undecimus
686 1523 856 1576 constitutus
871 1526 921 1576 est.
966 1523 1154 1579 exercituum:
1169 1524 1370 1578 convertimini
1379 1525 1413 1579 ad
1425 1542 1479 1590 me,
1490 1526 1531 1579 ait
1541 1526 1764 1583 Dominusexer·

129 1608 178 1662 ilic
192 1616 289 1664 autem
305 1608 406 1665 Darius
428 1612 501 1666 silius
514 1611 568 1666 luit
583 1611 731 1682 Hydaspis
748 1616 848 1680 quarto
864 1611 924 1664 loco
965 1609 1082 1672 cituum,
1099 1618 1127 1666 et
1141 1615 1288 1667 convertar
1301 1613 1336 1666 ad
1352 1626 1408 1679 ros,
1424 1612 1492 1667 dicit
1508 1614 1642 1669 Dominus
1657 1613 1765 1670 exerci-

127 1705 188 1773 post
203 1699 310 1770 Cyrum
328 1700 420 1753 Persis
442 1706 471 1754 et
489 1700 578 1754 Medis
603 1701 754 1771 imperans.
779 1692 924 1770 Siquidem
964 1703 1056 1762 tuum,
1081 1717 1116 1755 ne
1131 1700 1193 1754 sitis
1206 1700 1278 1756 sicut
1294 1706 1387 1772 patres
1403 1702 1498 1766 vestri,
1514 1701 1549 1755 ad
1567 1718 1637 1772 quos
1659 1702 1764 1757 clama-

128 1786 217 1857 cyrus
227 1786 421 1842 chaldaeoruni
435 1788 572 1842 destruxit
582 1789 779 1860 imperium,et
790 1786 817 1841 ln
828 1786 924 1841 Medos
965 1786 1033 1840 bant
1048 1788 1189 1858 prophetae
1207 1788 1323 1860 priores,
1340 1789 1473 1843 dicentes.
1491 1808 1505 1840 n
1522 1788 1601 1852 Quod
1617 1789 1706 1842 iratus
1718 1788 1763 1845 di-

127 1880 153 1929 et
165 1874 269 1930 Persas
284 1877 437 1931 transtulit.
455 1876 506 1931 ilic
522 1878 612 1948 primo
627 1894 700 1931 anno
715 1876 795 1948 regni
808 1876 862 1937 sui,
879 1893 923 1930 se·
965 1876 1046 1940 citur,
1064 1892 1120 1929 non
1141 1882 1184 1930 est
1198 1877 1353 1947 putandum
1370 1875 1444 1948 quod
1462 1877 1489 1930 in
1505 1893 1569 1930 eum
1586 1877 1643 1933 ulla
1659 1876 1762 1932 mentis

127 1963 246 2017 cundum
257 1964 331 2036 quod
341 1964 427 2020 isaias
435 1966 611 2038 praedixerat,
623 1965 923 2040 quinquagintalermo
965 1962 1139 2033 perturbatio
1154 1963 1245 2030 cadat,
1257 1964 1305 2019 sed
1321 1982 1371 2036 per
1386 1965 1438 2018 hoc
1452 1964 1579 2020 innuitur
1589 1965 1688 2037 dignos
1701 1981 1762 2020 esse

127 2042 211 2107 millia
226 2052 402 2123 captivorum
416 2055 450 2108 de
465 2048 606 2127 Babylone
621 2055 729 2109 remisit
744 2056 771 2108 in
786 2055 800 2107 J
804 2054 922 2108 udaeam.
964 2050 1007 2107 ira
1021 2057 1105 2123 atque
1120 2052 1241 2106 vindicta
1252 2070 1299 2107 eos
1310 2052 1410 2124 quibus
1420 2054 1473 2107 hoc
1483 2053 1593 2110 dicitur.
1606 2054 1664 2108 Nec
1673 2054 1764 2109 iratus

127 2138 196 2192 Vasa
213 2142 326 2212 quoque
340 2143 438 2213 templi
454 2142 574 2209 Domini,
591 2160 652 2213 quae
667 2115 957 2197 NabuchodonosorB
965 2139 1116 2207 ulciscitur,
1132 2141 1179 2213 qui
1196 2140 1231 2195 ad
1246 2140 1298 2194 hoc
1313 2142 1429 2213 corripit
1444 2147 1476 2194 ut
1489 2141 1629 2197 emendet.
1641 2141 1720 2196 Unde
1735 2146 1763 2196 et

127 2227 236 2291 tulerat,
263 2228 394 2291 reddidit,
412 2232 589 2303 ettemplum
612 2231 776 2286 reaedificari
793 2230 879 2302 iussit
893 2233 921 2284 in
963 2229 1099 2300 sequitur,
1118 2230 1358 2284 «convertimini.
1386 2230 1486 2285 »Nam
1501 2230 1523 2283 si
1539 2231 1628 2284 iratus
1643 2236 1696 2295 est,
1712 2246 1763 2287 cur

128 2312 372 2379 llierusalem‚sub
382 2318 531 2373 Zorobabel
540 2324 569 2373 et
578 2320 643 2374 lesu
653 2320 797 2374 sacerdote
808 2336 917 2390 magno.
963 2323 1115 2370 eosmonet
1124 2322 1156 2371 ut
1170 2318 1386 2372 convertantur?
1398 2317 1533 2390 Praecepit
1545 2334 1611 2388 ergo
1623 2317 1718 2388 eisqui
1728 2317 1763 2373 de

130 2400 316 2474 Hunccyrum
325 2404 588 2478 Thomyris,regina
598 2408 922 2478 Massagetarum,inter-
963 2402 1106 2476 babylone
1119 2407 1271 2464 redierant.
1288 2411 1321 2459 ut
1334 2412 1540 2462 convertantur,
1556 2422 1591 2459 ne
1606 2395 1764 2461 sustineant

130 2487 197 2552 lecit,
208 2492 329 2565 eJ'usque
343 2502 429 2564 caput
444 2496 472 2548 in
483 2499 575 2550 utrem
589 2498 702 2566 plenum
714 2496 850 2567 sanguine
862 2514 923 2566 pro·
963 2493 1014 2546 lilii
1025 2495 1099 2564 quod
1111 2495 1303 2549 sustinuerant
1317 2501 1418 2564 patres
1434 2492 1569 2549 Dominus
1580 2502 1674 2549 autem
1686 2507 1764 2549 exer-

130 2577 682 2652 jecit,di'cens:Bibesanguinem,quem
698 2583 921 2655 sempersitistil
963 2581 1080 2641 cituum,
1108 2583 1180 2652 quod
1206 2582 1342 2637 Hebraico
1370 2584 1473 2637 dicitur
1499 2583 1625 2645 sabaoth,
1649 2589 1766 2638 vocatur

134 2660 195 2719 Huic
211 2667 348 2719 successit
362 2669 390 2720 in
403 2686 520 2741 regnum
536 2669 623 2724 Filius
635 2671 695 2739 ejus
706 2670 866 2742 Cambyses.
880 2673 923 2725 cui
966 2669 1039 2739 quod
1055 2669 1107 2722 sub
1122 2688 1151 2725 se
1172 2670 1256 2725 hahet
1270 2672 1390 2725 coelestis
1404 2671 1510 2728 militiae
1531 2671 1677 2726 exercitus.
1694 2664 1763 2725 Tem

134 2762 320 2810 sumesseront
339 2755 395 2811 duo
409 2756 510 2813 iratres
525 2758 599 2828 magi
617 2777 622 2810 :
642 2758 743 2831 quibus
758 2758 922 2823 interiectis,
965 2764 1059 2813 autem
1082 2760 1202 2832 Aggasus
1221 2776 1305 2832 quam
1326 2768 1354 2814 et
1372 2759 1519 2812 Zacharias
1537 2757 1763 2831 frequentissime

136 2826 225 2895 llariivs
248 2842 302 2897 iste
329 2842 469 2916 Hydaspis
491 2842 576 2909 filius,
592 2863 639 2900 rex
656 2834 803 2903 Persarum
819 2850 923 2903 consti·
965 2842 1116 2905 Dominum
1131 2849 1302 2903 exercituum
1314 2848 1466 2924 appellant,
1481 2844 1512 2901 ut
1525 2848 1566 2902 eis
1578 2848 1679 2923 darent
1692 2844 1763 2902 lidu-

137 2928 204 2983 ntus
219 2936 272 2984 est.
289 2931 378 3005 Cujus
403 2934 524 2989 secundo
546 2951 620 2989 anno
644 2937 791 2993 Zacharias
810 2953 923 2991 exorsus
963 2934 1045 3000 ciam,
1059 2937 1107 3007 qui
1122 2943 1219 2993 contra
1233 2938 1306 3009 regis
1320 2936 1468 2993 Persarum
1483 2936 1641 3007 imperium.
1655 2934 1683 2990 el
1695 2950 1764 2989 con-

138 3018 485 3093 estprophetare.ltaquea
493 3023 585 3095 primo
595 3038 668 3078 anno
678 3023 742 3095 cyri
752 3024 924 3096 regisusque
964 3027 1009 3081 na
1018 3025 1122 3097 Cyrum
1135 3026 1295 3091 frementes,
1305 3024 1443 3098 templum
1454 3024 1564 3080 Domini
1577 3022 1760 3078 aedificabant.

139 3101 166 3155 ed
176 3104 329 3161 secundum
344 3124 449 3163 annum
460 3109 547 3176 Darii,
559 3118 758 3183 computantur
768 3112 834 3166 anni
850 3129 923 3185 qua·
966 3130 978 3162 v
997 3108 1061 3171 Haec
1078 3114 1145 3167 dicit
1158 3115 1296 3169 Dominus
1309 3115 1481 3169 exercituum
1497 3133 1502 3167 :
1518 3110 1720 3168 convertimini
1729 3106 1764 3165 de

141 3188 264 3267 draginta,
280 3197 310 3248 in
329 3195 430 3268 quibus
446 3199 535 3253 altare
551 3204 662 3256 tanturn
677 3202 849 3256 exstructum
863 3200 923 3256 lue·
963 3201 1015 3255 viis
1030 3203 1130 3257 vestris
1145 3204 1235 3271 malis,
1251 3210 1278 3258 et
1303 3203 1338 3258 de
1353 3198 1569 3276 cogitationibus
1584 3200 1683 3256 vestris
1699 3217 1764 3275 pes-

142 3287 182 3339 nt,
195 3286 222 3335 et
232 3282 312 3355 lacta
326 3285 424 3357 templi
439 3286 630 3353 fundamenta,
648 3289 745 3343 vicinis
762 3286 923 3348 nationibus
964 3289 1053 3355 simis,
1072 3296 1099 3348 et
1113 3308 1169 3345 non
1184 3291 1335 3348 audierunt
1349 3310 1441 3364 neque
1457 3288 1640 3347 attenderunt
1652 3286 1688 3344 ad
1708 3289 1762 3353 me,

143 3381 167 3420 ex
177 3376 311 3447 praecepto
325 3372 470 3445 Cambysae
492 3375 566 3448 regis
580 3394 627 3431 eos
645 3376 869 3450 prohibentibus
888 3396 923 3433 ne
964 3376 1034 3433 dicit
1045 3378 1191 3437 Dominus.
1205 3381 1302 3435 Patres
1316 3382 1400 3435 vestri
1413 3368 1460 3438 ubi
1475 3387 1542 3439 sunt
1556 3384 1585 3434 et
1599 3378 1765 3457 prophetae?

144 3457 262 3531 templum
275 3462 319 3515 vel
334 3460 474 3517 civitatem
488 3463 668 3520 aedificarent.
964 3468 1092 3538 nunquid
1102 3468 1131 3521 in
1142 3467 1344 3542 sempiternum
1356 3467 1464 3533 viventi
1477 3470 1669 3524 verumtamen
1679 3465 1765 3520 verba

965 3564 1027 3609 mea
1040 3561 1067 3609 et
1082 3557 1208 3629 legitima
1221 3575 1284 3611 mea
1296 3574 1357 3628 quae
1370 3557 1499 3611 mandavi
1512 3556 1599 3610 servis
1613 3556 1683 3610 meis
1697 3571 1765 3627 pro·

382 3609 499 3663 CAPUT
518 3609 672 3665 PRIMUM·
964 3641 1065 3718 phetis,
1082 3647 1209 3717 nunquid
1235 3664 1291 3700 non
1310 3647 1580 3718 comprehenderunt
1600 3647 1695 3717 patres
1714 3661 1761 3697 ve-

172 3728 225 3785 ‹ln
238 3738 335 3787 mense
346 3737 442 3787 octavo
456 3733 485 3787 in
497 3750 571 3787 anno
581 3735 702 3791 secundo
712 3734 790 3789 Darii
801 3734 875 3807 regis
885 3735 927 3790 ia·
968 3733 1059 3785 siros?
1082 3732 1116 3787 Et
1136 3735 1261 3788 conversi
1277 3739 1353 3796 sunt,
1370 3740 1399 3787 et
1421 3734 1553 3791 dixerunt
1569 3752 1574 3786 :
1592 3734 1670 3788 Sicut
1684 3731 1765 3805 cogi-

148 3819 206 3872 ctuuv
214 3824 256 3874 est
265 3820 381 3877 verbum
395 3816 508 3879 Domini
520 3822 555 3876 ad
568 3817 730 3878 Zachariam
743 3824 831 3878 silium
843 3824 927 3878 Bara·
967 3820 1353 3879 tavitDominusexercituum
1362 3820 1765 3878 facerenobissecundumvias

149 3902 198 3961 aba
208 3899 296 3967 lilium
310 3900 400 3976 Addo,
412 3906 588 3983 prophetem.
604 3933 615 3963 ι
628 3910 701 3966 Nota
711 3909 785 3983 quod
798 3920 826 3967 et
838 3913 926 3967 Bara—
967 3916 1079 3965 nostras
1089 3914 1117 3963 et
1128 3911 1280 3965 secundum
1293 3910 1504 3965 adinventiones
1514 3908 1634 3975 nostras,
1643 3908 1766 3963 lecitno-

150 3990 200 4048 elie
211 3986 239 4051 et
258 3990 337 4053 riddo
354 3997 428 4052 lilius
447 3999 557 4054 dicatur
570 3991 725 4055 Zacharias.
744 3994 859 4056 Constat
873 4018 924 4056 aii·
965 3992 1017 4051 bis.
1029 4015 1041 4048 r
1053 3995 1117 4051 ilaec
1125 4014 1157 4050 ex
1165 3998 1303 4068 superiori
1313 3998 1436 4069 pendent
1445 3995 1576 4067 capitulo,
1586 3994 1635 4049 uhi
1645 3995 1762 4049 dicitur:

152 4083 192 4134 hu
205 4085 272 4139 hunc
287 4085 368 4141 Addo
384 4086 463 4142 illum
478 4104 538 4141 esse
558 4088 605 4162 qui
621 4091 663 4155 (ut
674 4088 785 4159 Regum
800 4089 871 4143 liber
884 4089 926 4144 in·
968 4106 980 4136 v
993 4085 1034 4141 Ne
1044 4085 1105 4139 sitis
1116 4086 1188 4141 sicut
1196 4088 1289 4157 patres
1300 4085 1394 4152 vestri,
1406 4086 1442 4140 ad
1453 4101 1523 4157 quos
1532 4080 1693 4138 clamabant
1702 4098 1766 4161 pro-

153 4165 217 4239 dicat)
224 4166 323 4229 missus
332 4166 369 4230 avl
381 4175 548 4231 Hieroboam
557 4193 652 4249 regem
665 4176 828 4248 pessimum,
840 4192 927 4250 quan·
967 4172 1058 4246 phem
1073 4174 1189 4244 priores,
1205 4174 1329 4228 dicentes
1345 4193 1351 4227 :
1371 4175 1434 4228 llaec
1449 4173 1516 4227 dicit
1535 4168 1672 4227 Dominus
1686 4187 1766 4227 exer·

154 4252 178 4308 ⁶0
188 4254 305 4321 stellare
317 4263 442 4329 dirutum
458 4270 509 4328 est,
525 4271 554 4319 et
565 4281 665 4323 manus
680 4267 756 4337 regis
768 4266 852 4332 aruit,
867 4284 926 4321 rur·
967 4261 1073 4319 cituum
1089 4281 1094 4314 :
1109 4262 1309 4318 convertimini
1321 4280 1338 4317 a
1351 4261 1401 4316 viis
1411 4263 1521 4329 vestris,
1536 4264 1614 4316 sete.
1627 4261 1699 4335 Ergo
1711 4276 1768 4315 non

155 4356 242 4421 nsque,
252 4358 351 4409 orante
364 4353 422 4407 viro
436 4346 496 4419 Dei,
508 4352 638 4412 restituta
651 4358 702 4410 est.
714 4356 799 4409 Juxta
813 4373 925 4411 sensum
967 4350 1114 4404 Zacharias
1130 4357 1181 4407 hoc
1201 4367 1233 4404 ex
1249 4367 1300 4404 sua
1314 4365 1433 4424 persona
1448 4349 1526 4416 dicit,
1542 4350 1590 4405 sed
1614 4340 1647 4403 vix
1662 4352 1769 4421 praece-

156 4430 307 4507 tllegoricum
323 4446 437 4501 octavus
450 4443 564 4505 mensis,
585 4436 632 4513 qui
647 4450 689 4498 est
704 4445 779 4514 apud
795 4442 926 4501 Hebraeos
967 4439 1093 4493 dentium
1110 4436 1319 4509 prophetarum,
1347 4438 1394 4508 qul
1409 4438 1568 4492 clamabant
1582 4453 1614 4491 ex
1629 4454 1695 4495 voce
1711 4438 1767 4492 Do-

156 4517 295 4595 l'ovsmbrr,
308 4531 421 4589 initium
435 4537 478 4592 est
491 4532 602 4598 hiemis,
616 4538 644 4586 et
658 4533 763 4590 nullam
779 4531 864 4588 habet
878 4550 925 4587 so.
966 4527 1035 4580 mini
1051 4527 1174 4585 dicentes
1192 4546 1197 4579 :
1213 4547 1223 4576 v
1242 4527 1455 4590 convertimini,
1475 4546 1486 4576 ι
1502 4533 1554 4580 etc.
1567 4526 1626 4579 Hoc
1638 4526 1769 4583 clamavit

156 4606 311 4678 leunititem.
327 4619 400 4683 Quia
409 4619 484 4677 enim
495 4621 615 4691 populus
628 4621 720 4676 adhuc
734 4638 790 4675 nnn
805 4622 925 4692 perfecte
966 4612 1063 4687 Isaiae,
1081 4615 1161 4679 Osee,
1178 4615 1324 4679 ieremias,
1354 4613 1503 4684 caeterique
1518 4610 1718 4687 perordinem,
1736 4619 1769 4667 ut

157 4696 181 4753 de
188 4699 333 4777 captivitate
344 4707 476 4763 reductus
489 4716 560 4777 erat,
573 4709 747 4780 necdumque
756 4709 923 4764 aedlnoaturn
966 4721 982 4758 a
999 4704 1079 4759 malis
1101 4704 1233 4779 operibus
1254 4708 1483 4757 converterentur
1498 4708 1526 4756 et
1547 4701 1681 4773 pessimis
1689 4701 1766 4774 cegi-

157 4794 201 4843 eret
210 4797 338 4867 templum
362 4786 422 4856 Dei,
439 4795 541 4853 idcirco
556 4797 694 4872 propheta
708 4798 737 4851 in
761 4815 856 4852 mense
877 4800 924 4870 qui
965 4793 1129 4859 inconibus,
1145 4793 1193 4847 sed
1209 4791 1332 4847 indurati
1348 4791 1427 4861 quasi
1446 4791 1628 4861 desperantes
1645 4806 1701 4844 non
1716 4792 1768 4843 au·

156 4872 926 4951 nullmhabetsolemuitatem,nullamlaetitiamdlcitur
966 4883 1098 4948 dierunt;
1125 4883 1206 4951 juxta
1230 4879 1304 4950 quod
1330 4884 1358 4932 et
1383 4886 1496 4933 sanctus
1524 4877 1624 4933 Daniel
1647 4878 1769 4951 idipsum

156 4968 318 5037 reiterasse.
337 4974 540 5035 Verumtamen
562 4966 780 5030 recordabantur
801 4975 923 5041 Domini,
966 4970 1125 5037 confitetur,
1143 4984 1227 5022 orans
1247 4966 1396 5022 Dominum
1417 4985 1467 5043 pro
1486 4967 1654 5025 liberatione
1672 4967 1769 5043 popvili

155 5053 311 5119 eliciebant
325 5063 491 5122 memoriam
507 5062 609 5135 prioris
620 5062 716 5135 templi
730 5070 758 5118 et
772 5062 924 5137 religionis,
967 5060 1023 5114 sui.

155 5145 209 5207 quvi
219 5151 336 5207 ostendit
345 5151 504 5216 Zacharias,
515 5149 563 5223 qul
578 5151 782 5227 interpretatur
792 5154 928 5208 memoria
1005 5168 1017 5199 a
1036 5145 1069 5200 ln
1080 5147 1124 5200 die
1139 5145 1271 5200 vicesima
1286 5150 1387 5215 quarta
1400 5145 1540 5200 undecimi
1551 5146 1658 5200 mensis
1671 5144 1767 5208 Sabat,

154 5225 248 5291 Denini.
260 5238 327 5301 Ideo
337 5232 415 5310 digni
426 5245 508 5293 erant
519 5240 711 5295 benedictione
721 5241 842 5303 Domini.
853 5243 926 5315 quod
969 5236 997 5292 in
1010 5254 1084 5291 anno
1099 5235 1222 5291 secundo
1233 5233 1309 5288 Daril
1320 5234 1405 5303 regis,
1418 5233 1521 5288 iactum
1533 5236 1576 5288 ‘est
1587 5233 1703 5289 verbum
1716 5232 1772 5287 Do.

154 5323 342 5393 esllievacbias,
354 5328 401 5398 qui
416 5327 574 5382 benedictio
588 5328 700 5389 Domini
713 5330 925 5402 interpretatur,
969 5327 1036 5381 mini
1054 5327 1087 5379 ad
1111 5324 1273 5381 Zachariam
1295 5325 1382 5377 filium
1401 5324 1552 5389 Burachlae,
1573 5325 1662 5378 illium
1679 5325 1768 5389 Addo,

153 5403 261 5470 labans
276 5415 470 5473 testimonium
494 5414 649 5472 devotionis
673 5435 739 5479 suae,
763 5419 866 5490 ipsum,
882 5422 927 5479 cui
967 5417 1142 5490 prophetam.
1167 5435 1179 5465 »
1201 5414 1305 5468 Mensis
1325 5413 1491 5467 undecimus
1515 5412 1602 5468 Sabat
1626 5411 1700 5483 apud
1719 5426 1770 5464 nos

152 5499 208 5554 ludu
220 5508 246 5565 et
265 5512 366 5579 aperta
380 5512 447 5560 sunt
461 5505 557 5560 omnia
577 5506 698 5573 Domini,
720 5509 793 5583 quod
809 5506 926 5563 demon·
967 5502 1139 5559 Februarius
1150 5501 1263 5561 dicitur.
1278 5502 1485 5572 Interpretatur
1495 5506 1588 5554 autem
1601 5499 1686 5554 Sabat
1696 5497 1773 5566 virga

149 5592 235 5648 vtato·
246 5584 275 5649 'in
291 5582 386 5661 riddo,
398 5594 447 5666 qui
460 5590 653 5652 testiinonium
666 5589 779 5652 Domini
790 5597 927 5668 iuterpre-
968 5600 1082 5667 propter
1094 5590 1289 5648 austeritatem
1303 5584 1332 5645 et
1350 5589 1472 5661 rigorem
1486 5588 1615 5642 hiemalis
1624 5580 1768 5654 temporis·
